2144 3854
1103 276 1185 332 86

309 422 455 484 Quod
486 421 558 469 ita
597 434 709 467 esse
743 423 953 483 apparet
976 417 1124 466 etiam
1150 431 1214 465 ex
1239 414 1590 481 Aristophane,
1625 415 1706 478 qni
1731 431 1828 479 qno
1855 388 1983 467 tem-

305 517 429 565 pore
463 498 743 549 comoedias
778 496 961 546 docere
993 498 1187 561 coepit,
1222 495 1429 546 dicteria
1458 494 1542 544 illa
1573 495 1639 545 de
1672 491 1986 548 Stheneboea

305 582 402 629 iam
423 580 486 629 'in
519 593 606 628 ore
639 582 780 628 erant
811 577 943 627 omni
975 579 1175 643 populo.
1938 574 1940 576 ’

882 841 952 897 D.
1036 843 1408 900 Danae.

433 962 671 1028 Spurium
705 977 818 1012 esse
849 963 1125 1029 prologum,
1162 981 1308 1029 quem
1335 981 1397 1014 ex
1423 963 1539 1014 bibl.
1564 962 1721 1022 PariS.
1739 963 1984 1014 membra-

302 1042 378 1092 nis
424 1041 760 1092 Commelinus
806 1043 982 1104 edidit,
1030 1044 1274 1096 lacobsius
1321 1046 1503 1094 criticis
1549 1045 1774 1094 omnibus
1809 1043 1986 1093 merito

302 1124 550 1189 persuasit
574 1121 644 1186 *).
726 1122 847 1172 Veri
900 1129 1063 1173 autem
1123 1126 1363 1190 prooemii
1423 1125 1617 1174 initium
1662 1125 1782 1174 illud
1827 1124 1986 1174 fuisse

301 1204 544 1269 suspicor,
580 1203 712 1267 quod
746 1203 796 1251 in
830 1203 982 1252 Ranis
1016 1219 1061 1252 v.
1097 1206 1244 1254 1237.
1278 1204 1634 1270 Aristophanes
1667 1205 1860 1272 posuit:
1927 1231 1929 1236 f

430 1280 722 1347 Αἴγυπτος,
758 1280 829 1342 ὥς
861 1282 892 1334 ὁ
924 1285 1162 1344 πλεῖστος
1194 1280 1448 1347 ἔσπαρται
1479 1284 1654 1350 λόγος,

432 1355 536 1414 σὺν
569 1361 718 1416 παισὶ
750 1364 1077 1432 πεντήκοντα
1109 1365 1340 1432 ναυτίλῳ
1372 1364 1542 1431 πλάτῃ

426 1437 623 1509 ’Ἀργος
654 1444 929 1510 κατασχών
974 1473 1482 1483 -----

298 1524 378 1574 Ad
411 1541 536 1588 quae
568 1526 718 1575 verba
749 1526 874 1574 haec
907 1526 1094 1575 notavit
1126 1526 1421 1574 scholiasta:
1467 1518 1750 1588 Ἀρχελάου
1785 1519 1917 1590 αὕτη
1951 1522 1987 1590 ἦ

298 1603 462 1670 άρχή,
508 1600 592 1664 ὥς
633 1620 811 1663 τινες
854 1603 1145 1665 ψευδῶς·
1200 1604 1265 1655 οὐ
1298 1603 1400 1670 γὰρ
1436 1601 1650 1670 φέρεται
1681 1607 1787 1656 νῦν
1821 1604 1986 1669 Εὐρι-

298 1683 462 1736 πίδου
496 1684 654 1750 λόγος
688 1682 861 1744 οὐδεὶς
892 1689 1152 1746 τοιοῦτος.
1219 1684 1298 1736 Οὐ
1330 1683 1432 1751 γὰρ
1468 1681 1591 1744 ἔστι,
1630 1682 1807 1750 φησὶν·
1834 1677 1986 1749 Ἀρί-

300 1776 547 1831 σταρχος,
602 1759 912 1832 Ἀρχελάου,
964 1765 1009 1816 εἰ
1041 1763 1113 1832 μὴ
1149 1764 1309 1825 αὐτὸς
1340 1763 1629 1832 μετέθηκεν
1661 1763 1919 1830 ὕστερον,
1955 1763 1987 1817 ὅ

301 1844 360 1899 δὲ
386 1839 770 1911 Ἀριστοφάνης
812 1847 873 1897 τὸ
921 1842 973 1908 ἐξ
1020 1846 1182 1914 ἀρχῆς
1225 1844 1468 1911 κείμενον
1513 1840 1639 1896 εἶπε.
1710 1847 1780 1896 At
1822 1862 1986 1910 neque

299 1928 654 1993 Aristophanes
712 1927 947 1976 Archelai
994 1928 1202 1993 prologo
1247 1927 1381 1976 abuti
1415 1927 1606 1991 potuit,
1652 1926 1888 1975 dramatis
1933 1926 1986 1976 in

297 2007 590 2057 Macedonia
623 2011 735 2056 ante
769 2007 932 2071 ipsum
967 2008 1152 2067 obitum
1185 2007 1440 2071 Euripidis
1486 2007 1772 2072 compositi,
1825 2022 1987 2070 neque

296 2087 417 2138 huic
449 2087 738 2138 immutandi
771 2087 991 2136 eiusdem
1024 2091 1247 2152 potestas
1291 2085 1400 2136 fuit.
1465 2087 1779 2150 Relinquitur
1821 2087 1986 2151 igitur,

297 2173 354 2218 ut
382 2169 572 2218 initium
604 2167 725 2216 illud
759 2166 978 2231 prologi,
1033 2183 1129 2230 quo
1181 2166 1364 2216 abusus
1399 2172 1476 2215 est
1509 2167 1889 2232 Aristophan‘eS,
1922 2165 1985 2223 ad

297 2248 496 2298 Danaen
537 2247 841 2308 referamuS‚
877 2247 1079 2310 eiusque
1127 2246 1321 2296 fabulae
1363 2247 1669 2311 prooemium
1716 2248 1796 2296 vel
1827 2251 1986 2296 totum

297 2328 379 2377 vel
425 2344 487 2377 ex
534 2333 675 2392 parte
718 2327 816 2375 iam
859 2326 1131 2376 Aristarchi
1165 2327 1469 2391 temporibus
1505 2326 1837 2374 desideratum
1872 2342 1986 2375 esse

300 2413 590 2468 statuamus,
624 2422 749 2471 quae
783 2411 949 2470 potest
982 2406 1129 2454 etiam
1159 2422 1331 2456 caussa
1355 2406 1513 2455 fuisse
1540 2407 1848 2470 supponendi
1866 2422 1984 2470 spu-

299 2487 377 2539 rii.
457 2487 531 2535 De
590 2485 800 2534 materia
848 2485 1089 2551 prooemii
1137 2485 1462 2549 Apollodorus
1518 2502 1608 2535 nos
1655 2491 1708 2534 et
1749 2485 1986 2534 Horatius

299 2567 511 2627 docent,
560 2582 768 2629 quorum
801 2565 884 2614 ille
917 2565 1042 2613 haec
1077 2565 1346 2630 memoriae
1378 2565 1626 2631 prodidit:
1662 2564 1752 2617 καὶ
1786 2564 1987 2631 γίνεται

302 2639 546 2714 Ἀκρισίῳ
563 2643 660 2709 μὲν
683 2641 734 2706 ἐξ
759 2642 1068 2710 Εὐρυδίκης
1085 2646 1178 2711 τῆς
1199 2643 1602 2712 Λακεδαίμονος
1627 2644 1821 2711 Δανάη
1844 2670 1986 2685 ·--·——⁶

305 2719 546 2795 Ἀκρισίῳ
570 2724 627 2776 δὲ
658 2723 805 2790 περὶ
837 2723 1100 2776 παίδων
1132 2723 1465 2791 γενέσεως
1499 2724 1806 2791 άῤῥένων
1837 2718 2018 2791 zon-⁸

300 2803 829 2876 στηριαζομένῳ
865 2806 916 2871 (ὁ
949 2804 1095 2873 θεὸς)
1132 2804 1233 2872 ἔφη
1292 2804 1620 2872 γενέσθαι
1669 2804 1881 2857 παῖδα
1916 2801 1986 2856 ἐκ

298 2891 414 2955 τῆς
446 2879 824 2953 θυγατρός,
873 2886 944 2947 ὃς
977 2886 1188 2938 αὐτὸν
1218 2885 1596 2939 ἀποκτενεῖ
1620 2886 1720 2949 **).
1788 2884 1986 2946 Δείσας

299 2963 399 3020 οὖν
438 2961 697 3032 Ἀκρίσιος
730 2972 919 3029 τοῦτο,
973 2966 1080 3019 ὑπὸ
1113 2970 1218 3036 γῆν
1259 2967 1571 3033 θάλαμον
1614 2977 1986 3019 κατασκευ-

299 3049 467 3110 άσας
498 3048 815 3115 χάλκεον,
848 3046 967 3114 τὴν
1001 3049 1293 3116 Δανάην
1326 3044 1800 3114 ἐφρούρει***).
1844 3046 1984 3099 Ταύ-

298 3147 397 3197 την
427 3127 541 3196 μὲν,
577 3127 649 3188 ὡς
681 3126 812 3179 ἔνιοι
845 3125 1123 3193 λέγουσιν,
1157 3127 1371 3195 ἔφθειρε
1408 3130 1674 3193 Προῖτος,
1725 3128 1856 3181 ὅθεν
1887 3127 1983 3180 αὐ-

298 3212 410 3271 τοῖς
442 3208 531 3262 καὶ
562 3208 599 3277 ἦ
633 3208 811 3269 στάσις
844 3205 1096 3277 ἐκινήθη,
1132 3208 1204 3271 ὡς
1237 3208 1295 3262 δὲ
1327 3209 1457 3261 ἔνιοί
1491 3222 1658 3276 φασι,
1695 3210 1860 3274 Ζεύς,
1893 3224 1983 3276 με·

363 3326 409 3381 *)
441 3326 508 3368 Cf.
539 3324 701 3367 Matth.
732 3339 775 3379 p.
807 3321 905 3368 138.
946 3324 1118 3368 Welck.
1148 3341 1194 3382 p.
1223 3323 1307 3368 636
1333 3338 1455 3380 seqq.

346 3396 415 3451 **)
444 3396 514 3438 Cf.
543 3396 714 3452 Hygin.
746 3409 785 3437 c.
810 3393 882 3437 63.

329 3467 418 3520 ***)
449 3466 520 3509 Cf.
547 3465 852 3521 Nicephorum
877 3464 923 3508 in
950 3465 1113 3509 Walzii
1140 3466 1276 3511 Rhet.
1305 3479 1373 3522 gr.
1405 3465 1463 3508 T.
1490 3466 1527 3508 1.
1557 3481 1598 3521 p.
1628 3463 1715 3507 437
1741 3477 1833 3519 aeq.
1899 3459 1901 3461 ’
