2176 3874
1135 289 1259 348 538

355 441 614 492 materiam
659 439 902 505 praebere
944 437 1109 502 potuit
1159 426 1392 499 diverbii.
1450 439 1582 504 quod
1637 442 1922 506 prooemio,
1979 448 2037 493 ut

354 521 676 585 plerumque,
726 520 1007 568 adiunctum
1040 518 1147 568 fuit.
1217 518 1493 567 Conciliare
1527 521 1656 571 enim
1690 521 2036 589 Tlepolemum

354 601 498 650 fratri
563 599 768 648 studens
832 598 1100 647 Alcumena
1147 599 1208 647 ad
1258 599 1554 662 colloquium
1598 602 1738 650 illum
1782 618 2038 655 arcessere

354 682 543 747 potuit,
577 681 725 744 idque
759 696 787 728 a
822 695 879 727 se
910 678 1096 727 factum
1134 694 1247 727 esse
1281 679 1538 743 Licymnio
1574 684 1852 732 ostendere.

482 761 603 809 Inde
649 759 991 825 prodeundum
1026 758 1120 808 fuit
1154 759 1336 818 choro,
1385 777 1529 823 quem
1577 768 1664 812 aut
1698 779 1760 812 ex
1795 764 2037 813 militibus

356 846 441 891 aut
482 856 546 890 ex
589 840 776 889 civibus
823 839 1001 887 confici
1047 855 1255 888 necesse
1300 840 1411 888 fuit.
1484 841 1714 893 Herculis
1747 845 1921 895 laudes
1954 845 2037 894 hic

352 921 657 988 praedicavit
689 919 832 968 hisce
865 920 1303 983 praestantissimis
1338 922 1530 971 verbis:

485 1001 724 1067 φαῦλον,
760 1000 1034 1062 ἄκομψον,
1069 996 1132 1048 τὰ
1166 995 1355 1063 μέγιστ’
1391 999 1620 1067 ἀγαθόν,

481 1086 659 1133 πᾶσαν
693 1077 752 1131 έν
786 1075 921 1147 ἔργῳ
954 1079 1424 1145 παρατεμνόμενον

485 1162 711 1229 σοφίαν,
747 1157 934 1226 λέσχης
967 1158 1256 1225 ἀτρίβωνα.

355 1245 599 1308 Colloquii
648 1249 701 1292 et
736 1242 1091 1302 contentionis,
1141 1258 1236 1306 qua
1285 1241 1607 1307 Tlepolemus
1654 1249 1705 1294 et
1748 1244 2036 1311 Licymnius

352 1326 484 1374 inter
518 1341 573 1373 se
606 1322 861 1386 congressi
910 1327 1052 1381 sunt,
1108 1322 1278 1386 plures
1313 1328 1509 1372 exstant
1540 1324 1795 1388 reliquiae.
1864 1326 2038 1390 Segni-

353 1406 474 1454 tiam
509 1403 768 1467 Licymnio
813 1402 1126 1467 exprobravit
1169 1402 1518 1467 Tlepolemus,
1567 1420 1649 1464 se,
1685 1405 1728 1453 si
1761 1405 1892 1454 illius
1924 1406 2036 1456 loco

350 1486 560 1546 fuisset,
611 1498 856 1546 nunquam
901 1498 1161 1547 passurum
1196 1482 1384 1542 fuisse,
1434 1489 1489 1533 ut
1522 1484 1795 1534 Alcumena
1827 1501 1856 1534 a
1888 1486 2038 1537 Sthe-

352 1566 468 1618 nelo
503 1580 655 1630 regno
689 1569 742 1612 et
775 1564 1078 1627 patrimonio
1114 1569 1403 1622 exueretur,
1439 1569 1675 1613 testatus:

483 1643 551 1696 οὐ
584 1642 686 1710 γάρ
720 1636 838 1693 ποτ’
877 1640 1003 1693 εἴων
1037 1641 1337 1705 Σθένελον,
1373 1641 1447 1702 εἰς
1478 1641 1574 1693 τὸν
1608 1643 1802 1713 εὐτυχῆ

483 1728 766 1792 χωροῦντα
797 1726 1006 1789 τοῖχον,
1041 1727 1136 1791 τῆς
1171 1722 1320 1789 δίκης
1353 1719 1399 1774 σ’
1431 1722 1755 1791 α’ποστερεῖν.

350 1810 517 1860 Etiam
552 1807 878 1858 Alcumenam
909 1806 1227 1869 vituperavit,
1273 1805 1405 1870 quod
1441 1807 1584 1856 nimis
1620 1808 1752 1856 mitis
1794 1808 1905 1858 iure
1947 1826 2038 1861 suo

349 1890 612 1941 cessisset:

481 1960 588 2019 ἀλλ’
625 1965 692 2018 οὐ
725 1965 829 2032 γὰρ
864 1964 1044 2029 ὀρθῶς
1075 1968 1272 2030 ταῦτα,
1307 1963 1566 2032 γενναίως
1601 1958 1652 2018 δ’
1678 1965 1808 2029 ἴσως

483 2047 738 2112 ἔπραξας’
776 2046 1043 2098 αἰνεῖσθαι
1077 2045 1135 2098 δὲ
1168 2046 1443 2112 δυςτυχῶν
1477 2044 1579 2110 ἐγὼ

482 2131 647 2196 μισῶ·
682 2128 839 2194 λόγος
869 2127 971 2192 γὰρ
1005 2121 1240 2191 τοῦργον
1276 2126 1342 2176 οὐ
1376 2133 1504 2191 νικᾷ
1532 2142 1673 2176 ποτε.
1956 2174 1964 2182 ,

350 2213 519 2276 Quid?
565 2209 698 2275 quod
744 2225 808 2258 ne
852 2209 1123 2258 Herculem
1158 2209 1355 2272 quidem
1389 2209 1550 2272 ipsum
1587 2207 1796 2257 crimine
1830 2225 2035 2258 vacuum

349 2292 573 2356 reliquit:
607 2307 781 2355 parum
822 2290 955 2338 enim
993 2289 1161 2338 liberis
1188 2290 1248 2336 ab
1282 2289 1367 2336 illo
1400 2292 1726 2352 prospectum
1760 2303 1874 2337 esse
1894 2288 2037 2336 affir-

350 2374 517 2424 mavit.
585 2371 739 2420 Cuius
788 2384 1011 2418 caussam
1057 2384 1205 2434 agens
1253 2369 1378 2417 haec
1424 2368 1612 2417 dixisse
1655 2368 1853 2417 videtur
1884 2368 2037 2418 Alcu-

350 2469 521 2504 mena:

481 2530 582 2583 οὐκ
614 2523 747 2592 οἷδ’,
783 2526 927 2589 ὅπως
961 2526 1060 2595 χρὴ
1095 2524 1190 2579 τὸν
1225 2528 1410 2593 σαφῶς
1442 2525 1721 2578 κατειδότα

473 2616 566 2681 τῆς
590 2603 902 2675 Ἡρακλείας
935 2609 1226 2676 φροντίδος
1257 2610 1575 2675 κατηγορεῖν
1595 2611 1664 2673 ²²).

350 2696 528 2746 Eidem
562 2694 689 2742 haec
722 2693 915 2741 tribuo:

321 2772 328 2782 ’
483 2772 780 2838 σοφώτεροι
812 2770 916 2838 γὰρ
951 2769 1237 2836 συμφορὰς
1269 2769 1362 2830 τὰς
1393 2769 1502 2820 τῶν
1535 2767 1695 2829 πέλας

480 2855 672 2913 πάντες
707 2853 948 2917 διαιρεῖν,
982 2851 1016 2918 ἢ
1051 2852 1214 2919 τύχας
1246 2850 1340 2912 τὰς
1374 2851 1610 2902 οἴκοθεν.

484 2938 527 2987 Α
562 2936 786 3000 partibus
833 2935 1078 2999 Licymnii
1116 2936 1440 2984 Alcumenam
1483 2932 1684 2980 stetisse
1729 2945 1792 2979 ex
1835 2930 1914 2978 his
1961 2930 2036 2978 iu-

347 3018 607 3083 telligitur.
690 3015 778 3063 Ille
826 3020 991 3063 autem
1043 3015 1280 3079 regnandi
1331 3013 1648 3079 cupiditatem
1696 3016 1749 3059 et
1782 3009 2035 3058 avaritiam

350 3095 633 3163 Tlepolemi
668 3096 942 3144 accusavit:

481 3174 669 3227 σκαιόν
700 3191 750 3224 τι
782 3175 960 3239 χρῆμα
992 3176 1222 3234 πλοῦτος
1255 3170 1289 3239 ἤ
1322 3165 1364 3222 τ’
1397 3167 1607 3234 ἀπειρία

484 3286 545 3295 —
679 3282 746 3290 ——u
883 3281 940 3290 -ι
1078 3283 1143 3290 ...-
1273 3282 1340 3290 .-.
1471 3277 1537 3287 .—

434 3439 484 3493 25)
516 3438 795 3493 Chrysippus
823 3434 927 3493 περὶ
956 3432 1282 3491 ἀποφατικῶν,
1315 3434 1384 3477 ed.
1414 3431 1586 3488 Bergk.
1617 3444 1661 3484 p.
1690 3427 1733 3470 4.
