2144 3854
1133 295 1256 353 292

358 447 452 498 His
486 445 615 495 enim
649 458 739 509 pro
774 442 928 492 choro
962 442 1035 491 uti
1066 442 1355 507 Euripidem
1390 457 1596 492 necesse
1622 442 1737 493 fain
1798 443 2029 497 Carmine

356 528 492 575 finito
529 540 558 572 e
591 524 825 588 spelunca
858 522 1069 571 redeunt
1100 522 1459 587 Neoptolemus
1493 529 1640 587 atque
1664 522 1860 585 Peleus,
1895 531 2029 575 etex

355 606 503 668 signis
538 603 859 668 quibusdam,
907 603 1007 650 sive
1052 602 1181 665 quod
1227 603 1360 650 intus
1409 604 1469 652 ab
1516 603 1601 651 illo
1635 607 1800 652 ves-te
1834 605 2028 670 telaque

353 684 489 732 Pelei
523 688 639 732 nota
674 686 942 747 conspecta
975 687 1089 731 sunt
1124 683 1227 730 sive
1261 683 1391 745 quod
1424 683 1610 731 mentio
1641 683 1804 748 aliqua
1837 691 1918 734 est
1943 701 2025 734 re-

352 779 461 813 rnm
497 763 799 828 propriarum
834 763 1044 823 iniecta,
1090 778 1147 810 se
1179 763 1383 809 invicem
1418 769 1703 827 agnoscunt.
1766 763 1906 813 Pelei
1938 780 2026 827 ge-

351 845 581 892 stientem
630 842 868 891 laetitiam
913 842 1195 906 exprimunt
1237 841 1413 902 verba,
1468 859 1594 906 quae
1649 843 2027 908 Aristophanes,

349 927 482 971 teste
513 921 807 994 scholiasta,
861 921 909 970 in
944 921 1162 970 Nubibus
1199 924 1268 980 (v.
1306 924 1433 971 1153
1467 925 1633 986 seqq.)
1668 923 1884 973 imitatus
1918 929 2024 975 est:

482 999 544 1051 ἰὼ
577 1001 790 1066 βοαῖσιν
821 998 985 1065 ‘bavo'
1022 997 1255 1060 ἐντόνοις
1282 1000 1351 1058 *).

348 1082 496 1132 Plura
529 1089 726 1146 praeter
758 1083 891 1130 hunc
925 1096 1121 1129 versum
1156 1097 1217 1129 ex
1251 1080 1486 1145 Euripide
1519 1089 1680 1131 sumta
1739 1097 1853 1132 esse
1884 1090 2024 1133 recte

347 1163 627 1212 indicarunt
660 1161 958 1210 Matthiaeus
993 1165 1139 1223 atque
1172 1160 1394 1217 Bothius,
1430 1161 1567 1211 velut
1599 1163 1810 1212 haecce:

477 1233 592 1300 οἷος
625 1237 740 1306 ἐμοὶ
775 1236 1051 1303 στρέφεται
1082 1241 1222 1299 παῖς,
1257 1239 1519 1305 πρόβολος
1552 1237 1692 1306 ἐμός,

477 1318 652 1386 σωτὴρ
687 1319 887 1384 δόμοις,
923 1315 1134 1384 ἐχθροῖς
1167 1319 1356 1385 βλάβη.

345 1402 535 1452 Deinde
569 1406 738 1450 secuta
771 1407 886 1449 sunt
919 1416 1004 1461 ea,
1048 1417 1172 1465 quae
1205 1402 1281 1449 his
1315 1401 1480 1450 verbis
1514 1400 1686 1466 Dictys
1720 1417 2019 1452 commemo-

343 1488 450 1531 rat:
498 1480 657 1541 „Dein
704 1481 789 1528 ubi
822 1486 996 1529 cuncta
1029 1481 1204 1529 domus
1238 1479 1649 1545 fortunarumque
1682 1482 1888 1532 edoctus
1923 1487 2021 1542 est,

343 1562 601 1611 consilium
645 1559 964 1624 aggrediendi
1013 1560 1184 1609 hostes
1228 1560 1356 1609 inire
1389 1561 1607 1625 coepit.'’
1673 1561 1834 1611 Huius
1867 1562 2020 1612 collo-

342 1642 446 1706 quii
496 1640 769 1704 fragmenta
813 1639 1055 1704 quaedam
1100 1648 1358 1689 servantur
1411 1640 1541 1689 satis
1576 1639 1838 1694 luculenta.
1917 1641 2019 1691 Mi-

340 1721 468 1771 ranti
500 1721 629 1768 enim
677 1719 1036 1784 Neoptolemo,
1081 1720 1211 1783 quod
1257 1735 1403 1769 nemo
1447 1720 1622 1770 civium
1670 1721 1905 1772 auxilium
1939 1727 2019 1772 tn-

340 1802 473 1858 lerit,
507 1801 632 1849 haec
667 1799 936 1864 respondet
969 1799 1180 1848 Peleus:

469 1878 652 1946 τύμβῳ
685 1876 788 1943 γὰρ
823 1876 997 1938 οὐδεὶς
1027 1877 1210 1938 πιστὸς
1242 1877 1549 1943 ἀνθρώπων
1580 1879 1848 1945 ‹pistos—”y

337 1960 531 2010 Deinde
549 1959 609 2008 ad
630 1959 1002 2008 describendam
1031 1959 1177 2024 fugae
1195 1960 1445 2008 miseriam
1472 1963 1644 2010 transit
1663 1963 1801 2012 hisce
1827 1961 2015 2012 verbis:

471 2074 487 2088 .
523 2072 538 2087 .
571 2036 636 2088 τὰ
671 2036 719 2088 δ’
755 2036 913 2088 ἔνθεν
946 2034 1116 2089 οὐκέτ’
1152 2035 1219 2087 ἂν
1252 2040 1452 2104 φράσαι
1483 2039 1624 2108 λόγῳ

470 2116 722 2182 δακρύων
757 2117 1024 2183 δυναίμην
1055 2116 1214 2183 χωρίς
1246 2157 1262 2172 .
1297 2157 1312 2172 .
1349 2155 1364 2170 .

466 2275 684 2342 πλάνης,
717 2279 914 2338 ἄοικος,
948 2277 1203 2341 πατρίδος
1243 2274 1598 2344 ἐστερημένος,

467 2357 690 2422 πτωχός,
727 2357 1002 2425 δυςείμων,
1040 2358 1161 2424 βίον
1193 2355 1328 2424 ἔχων
1361 2357 1631 2426 ἐφήμερον
1658 2359 1782 2428 ἥτ’-Ψ.)

334 2437 426 2486 His
442 2438 619 2486 auditis
642 2439 997 2505 Neoptolemus
1012 2440 1192 2489 Parcas
1215 2441 1500 2490 iniuriarum
1529 2442 1731 2492 ultrices
1753 2442 2009 2507 imploratt

458 2516 646 2580 κλύετ’,
684 2510 726 2568 ὦ
761 2521 986 2583 Μοῖραι,
1022 2516 1157 2580 Διὸς
1193 2517 1302 2570 αἵτε
1334 2519 1480 2585 παρὰ

467 2597 674 2662 θρόνον
705 2598 987 2666 α’γχόταται
1005 2601 1163 2651 θεῶν
1196 2597 1447 2666 ἑζόμεναι.

331 2676 409 2726 Ex
442 2680 618 2728 eodem
654 2682 895 2745 colloquio
933 2682 1138 2746 petitum
1174 2698 1286 2730 esse
1319 2682 1513 2730 videtur
1545 2681 1722 2746 fragm.
1756 2683 1816 2731 4:

459 2756 555 2808 τὸν
590 2759 754 2824 ὄλβον
789 2758 947 2812 οὐδὲν
982 2761 1228 2825 οὐδαμοῦ
1261 2760 1426 2825 κρίνω
1461 2760 1690 2824 βροτοῖς,

461 2836 528 2888 ὄν
559 2840 609 2905 γ’
645 2837 900 2907 ἐξαλείφει
934 2840 1071 2910 ῥᾷον
1103 2840 1136 2908 ἢ
1171 2841 1363 2907 γράφει
1393 2839 1536 2899 θεός.

366 3050 432 3110 ᾗ)
462 3048 617 3092 Schol.
649 3050 706 3091 ad
734 3050 1044 3108 Aristophanis
1071 3052 1211 3094 verba
1253 3048 1362 3108 βοοὶ
1379 3063 1555 3106 σομαι
1583 3046 1700 3107 τᾶρα
1725 3045 1812 3093 τάν
1839 3047 2006 3108 ὑπὲρ·

365 3132 377 3154 >
464 3133 644 3161 τονον
683 3121 852 3162 haecce
892 3120 1091 3175 scripsit:
1137 3121 1265 3177 παρὰ
1303 3119 1361 3163 τὰ
1401 3118 1449 3164 ἐκ
1491 3119 1678 3175 Πηλέως
1717 3117 2003 3178 Εὐριπίδου·

461 3185 669 3245 ἐπιφέρει
694 3187 807 3246 γάρ·
837 3189 904 3233 ἰώ
937 3188 1227 3234 πύλαισιν
1254 3188 1386 3247 ἥτις
1414 3189 1471 3233 ἐν
1500 3187 1728 3246 δόμοις,
1758 3186 1872 3246 quae
1902 3204 2002 3232 cor-

462 3253 607 3314 rupta>
634 3272 732 3300 esse
772 3273 843 3301 res
878 3259 979 3315 ipsa
1018 3264 1062 3303 et
1097 3262 1340 3304 verborum
1378 3265 1606 3306 contextus
1633 3261 1776 3305 docet.
1831 3259 2001 3304 Aristo-

460 3328 623 3383 phanis
649 3329 853 3385 vestigiis
880 3330 1086 3373 insistens
1114 3331 1364 3375 emendavi.

349 3396 430 3450 *ss'j
458 3398 638 3455 Fragm.
670 3397 757 3440 inc.
787 3413 829 3441 n.
860 3398 930 3442 84.

321 3465 434 3520 Μ)
462 3461 647 3524 Fragm.
679 3469 784 3511 dub.
810 3467 880 3514 38.
910 3484 956 3524 p.
983 3468 1084 3513 448.
1113 3471 1277 3514 Maean.
