2144 3854
1086 285 1206 343 166

298 436 471 486 liastes
508 433 635 482 enim
671 430 1018 498 Aristophanis
1051 434 1101 483 in
1148 432 1403 490 versibuS,
1459 447 1583 497 quos
1630 447 1781 499 supra
1824 435 1996 501 posui-

301 531 428 576 mus,
464 514 532 563 nil
564 511 663 561 nisi
696 511 821 561 haec
856 513 1149 579 adscripsit:
1184 511 1275 563 ἵνα
1309 510 1603 580 διαβάλῃ
1636 509 1736 580 τὴν
1767 517 1998 579 γυναῖκα

301 598 400 646 τοῦ
435 589 759 656 Εὐριπίδου.
827 593 1222 644 Calumniari
1259 595 1640 660 Aristophanem
1682 611 1802 645 vere
1832 600 1998 647 recte-

302 692 397 741 que
432 674 637 724 monuit.
705 672 842 724 Idem
875 690 973 724 non
1009 691 1214 724 uxorem
1248 681 1436 725 tantum
1455 712 1471 736 ,
1509 677 1600 725 sed
1633 676 1844 726 amicum
1876 692 2000 741 quo-

302 771 397 820 que
429 754 717 819 Euripidis,
767 755 907 804 cuius
954 761 1006 805 et
1051 756 1256 804 consilio
1290 758 1339 805 in
1375 755 1729 821 componendis
1763 761 1816 806 et
1848 772 2004 822 opera

303 836 353 885 in
385 835 623 884 docendis
670 834 973 885 dramatibus
1020 837 1090 884 uti
1133 837 1343 899 soleret,
1394 836 1653 885 calumniis
1703 837 2003 886 comicorum

303 915 511 980 petitum
549 930 662 964 esse
696 916 846 965 docet
879 915 939 964 ad
975 915 1100 965 Ran.
1138 932 1182 965 v.
1217 919 1338 966 944:
1389 914 1469 967 ὅτι
1503 914 1674 968 ἐδόκει
1708 915 1904 976 δοῦλος
1926 912 2005 967 ὢν

307 996 601 1061 συμπονεῖν
635 994 777 1061 αὐτῷ
812 993 842 1046 ὁ
878 996 1237 1061 Κηφισοφῶν,
1271 994 1362 1048 καὶ
1397 996 1622 1063 μάλιστα
1653 995 1720 1048 τὰ
1748 996 1902 1064 μέλη·
1939 992 2006 1048 ὃν

304 1072 396 1126 καὶ
429 1077 671 1126 συνεῖναι
702 1081 767 1142 τῇ
802 1077 1019 1142 γυναικὶ
1054 1077 1222 1129 αὐτοῦ
1257 1078 1727 1147 κωμῳδοῦσιν.
1795 1079 1873 1130 Ab
1906 1079 2006 1128 hoc

305 1157 369 1207 ad
401 1157 532 1206 vitae
566 1158 841 1223 scriptores
877 1161 918 1208 si
953 1165 1002 1208 te
1037 1160 1284 1222 conferas,
1321 1162 1483 1209 omnia
1517 1161 1614 1209 iam
1648 1175 1742 1226 pro
1776 1159 2006 1224 explora-

305 1237 371 1287 tis
407 1239 655 1301 certisque
687 1239 820 1287 tradi
854 1239 1072 1300 videbis3
1118 1256 1279 1304 neque
1311 1241 1409 1290 hoc
1444 1241 1603 1290 solum
1636 1240 1722 1289 isti
1757 1240 2008 1289 obstinate

305 1317 584 1378 affirmant,
622 1319 713 1367 sed
748 1320 895 1368 etiam
932 1321 1171 1370 effectum
1207 1336 1319 1370 esse
1353 1321 1557 1371 libidine
1589 1336 1829 1382 uxorum,
1865 1325 1922 1369 ut
1953 1324 2007 1368 et

305 1399 567 1463 opprobria
600 1399 864 1464 Euripides
900 1400 949 1448 in
982 1417 1139 1465 genus
1185 1401 1467 1450 universum
1514 1401 1776 1451 mulierum
1822 1416 2006 1466 perpe·

306 1482 392 1528 tuo
425 1477 658 1527 funderet
706 1485 757 1528 et
804 1486 1079 1545 postremo,
1132 1482 1392 1545 impatiens
1427 1481 1689 1530 dedecoris
1725 1484 1776 1529 et
1810 1480 2007 1529 cavilla-

307 1558 457 1606 tionis
493 1559 824 1620 comicorum,
877 1560 1052 1608 relicta
1098 1561 1257 1625 patria
1299 1559 1349 1607 in
1383 1559 1727 1608 Macedoniam
1766 1558 2008 1609 concede-

307 1642 388 1686 ret
419 1635 488 1699 *).
557 1637 720 1686 Multo
755 1639 903 1687 etiam
938 1639 1095 1704 magis
1130 1639 1310 1687 mirum
1338 1642 1415 1686 est
1442 1637 1574 1701 quod
1602 1638 1653 1685 in
1673 1639 1786 1686 cod.
1801 1636 2010 1686 Mediol.

309 1717 548 1781 scriptum
585 1723 679 1779 est,
714 1736 888 1784 pamm
925 1718 1176 1780 abfuisse,
1221 1716 1528 1781 quininstar
1562 1716 1754 1784 Orphei
1789 1717 2012 1766 manibus

309 1797 568 1846 mulierum
601 1798 933 1847 laceraretur:
971 1797 1028 1847 αἱ
1060 1795 1117 1848 δὲ
1150 1799 1399 1862 γυναῖκες
1433 1794 1812 1863 ἐβουλήθησαν
1846 1794 2013 1847 αὐτὸν

308 1877 536 1937 κτεῖναι,
572 1875 904 1937 εἰςελθοῦσαι
937 1877 1010 1938 εἰς
1042 1876 1103 1929 τὸ
1139 1878 1424 1945 σπήλαιον,
1471 1877 1530 1929 ἐν
1566 1866 1608 1944 ᾧ
1640 1875 1869 1943 γράφων
1907 1875 2012 1928 διε-

308 1953 441 2007 τέλει
468 1955 567 2021 **).
634 1958 779 2007 Hanc
813 1975 1010 2023 quoque
1044 1959 1262 2010 fabulam
1298 1961 1536 2026 originem
1573 1974 1635 2008 ex
1659 1958 2011 2023 Thesmopho-

309 2038 514 2088 riazusis
549 2039 898 2104 Aristophanis
935 2039 1141 2088 duxisse
1163 2045 1371 2103 apparet
1395 2038 1525 2102 ***).
1593 2039 1757 2090 Aliam
1780 2039 1882 2089 odii
1900 2043 2010 2088 mu-

310 2117 517 2179 lierum,
551 2118 683 2182 quod
718 2124 910 2185 putant,
949 2134 1200 2180 caussam,
1237 2135 1300 2168 ex
1331 2121 1490 2185 ipsius
1524 2119 1782 2185 Euripidis
1814 2120 2011 2170 drama·

371 2286 422 2341 ²⁸)
454 2285 564 2328 Cod.
594 2286 770 2328 Ham:
810 2283 1010 2330 ἔσκωπτε
1049 2283 1100 2330 δὲ
1139 2284 1225 2336 τὰς
1263 2289 1486 2340 ’γυναῖκας
1515 2283 1594 2329 διὰ
1622 2285 1716 2328 τῶν
1741 2282 2015 2340 ποιημάτων

455 2354 517 2400 δι’
546 2356 703 2400 αἰτίαν
730 2353 942 2401 τοιάνδε·
986 2353 1102 2412 εἶχεν
1133 2354 1361 2411 οἰκογενὲς
1389 2371 1652 2413 μειράκιον,
1688 2353 1884 2410 ὀνόματι
1911 2357 2015 2410 Κη-

455 2426 757 2482 φισοφῶντα’
796 2426 913 2484 πρὸς
950 2425 1101 2485 τούτῳ
1145 2426 1305 2484 ἐφώρα
1343 2425 1429 2483 τὴν
1468 2430 1666 2482 γυναῖκα
1705 2422 2014 2470 άτακτοῧσαν.

457 2495 552 2540 Καὶ
590 2494 646 2540 τὸ
684 2495 769 2553 μὲν
811 2499 998 2556 πρῶτον
1044 2497 1301 2556 ἀπέτρεπεν
1355 2495 1660 2555 ἁμαρτάνειν·
1709 2494 1810 2541 ἐπεὶ
1847 2491 1890 2540 δ’
1931 2491 2018 2539 οὔκ

436 2564 642 2624 ιἔπειθε,
679 2567 922 2612 κατέλιπεν
959 2567 1104 2620 αὐτὸς
1143 2565 1229 2624 τὴν
1263 2572 1485 2623 γυναῖκα,
1539 2565 1821 2626 βουλομένου
1868 2562 2019 2622 αὐτὴν

456 2635 575 2693 ἔχειν
601 2637 689 2681 τοῦ
714 2640 1130 2695 Κηφισοφῶντος..
1161 2641 1364 2683 Thomas
1393 2640 1547 2696 Mag.:
1587 2637 1809 2695 φωράσας
1846 2635 1898 2681 δὲ
1934 2633 2019 2680 τὸν

459 2704 607 2752 αὐτοῦ
634 2706 891 2766 ’ὑποκριτὴν
919 2712 1271 2767 Κηφισοφῶντα
1299 2709 1372 2754 ἐπὶ
1403 2710 1461 2767 τῇ
1489 2711 1688 2765 γυναικί,
1718 2707 1798 2752 καὶ
1825 2706 1912 2763 τὴν
1937 2705 2018 2750 ἒν-

458 2778 628 2823 τεῦθεν
655 2775 717 2835 μὴ
749 2778 904 2839 φέρων
933 2777 1170 2837 αἰσχύνην,
1201 2778 1610 2834 σκωπτόμενος
1638 2777 1744 2823 ὑπὸ
1779 2778 1891 2821 τοῖν
1920 2791 2018 2819 κω·

457 2849 578 2904 μῳδ
589 2851 777 2894 οποιῶ
787 2866 839 2903 ν,
883 2850 1020 2906 α’φεὶς
1046 2849 1136 2908 τήν
1159 2846 1375 2906 Ἀθήνησι
1405 2847 1668 2907 διατριβήν,
1701 2848 1766 2898 εἰς
1793 2847 2017 2891 Μακεδο-

462 2919 567 2963 νίαν
593 2917 741 2978 (ἐπῆρε
770 2921 897 2980 παρὰ
927 2919 1011 2966 τὸν
1037 2919 1227 2981 βασιλέα
1252 2918 1498 2978 Ἀρχέλαον.
1555 2919 1729 2962 Eadem
1769 2917 1932 2961 Suidas
1973 2920 2017 2959 et

455 2989 780 3045 Moschopulus
807 2991 1021 3036 referunt.

367 3059 435 3115 **)
463 3060 647 3102 Revera
687 3075 791 3103 eum
829 3076 858 3104 a
894 3062 1159 3106 mulieribus
1195 3063 1442 3106 laceratum
1483 3073 1581 3103 esse
1609 3060 1895 3103 affirmarunt
1921 3056 2017 3113 alii,

459 3133 572 3173 teste
601 3129 925 3187 Moschopulo=
957 3130 1105 3191 ἕτεροι
1132 3130 1183 3177 δὲ
1212 3128 1457 3188 ἱστόρησαν
1486 3127 1570 3187 οὐχ
1600 3129 1693 3176 ὑπὸ
1723 3130 1892 3183 κυνῶν,
1920 3126 2017 3173 ἀλλ’

460 3197 552 3244 ὑπὸ
582 3203 818 3255 γυναικῶν
847 3201 995 3247 αὐτόν
1023 3202 1388 3257 διασπασθῆναι,
1415 3200 1727 3259 πορευόμενον
1755 3198 1874 3260 άωρὶ
1899 3197 2018 3259 πρὸς

462 3269 713 3329 Κράτερον,
743 3271 827 3318 τὸν
857 3271 1084 3332 ἐρώμενον
1113 3269 1358 3331 Ἀρχελάου.

350 3345 427 3399 ’*’)
457 3343 508 3386 V.
537 3340 644 3384 453:
1414 3330 1421 3336 ’

572 3412 658 3457 νῦν
686 3405 773 3457 οὖν
801 3410 1054 3458 ἁπάσαισιν
1081 3411 1296 3470 παραινῶ
1323 3410 1402 3455 καὶ
1431 3410 1543 3469 λέγω

573 3482 739 3530 τοῦτον
768 3483 961 3529 κολάσαι
987 3483 1071 3531 τὸν
1099 3479 1248 3541 ἄνδρα
1274 3482 1454 3528 πολλῶν
1485 3476 1654 3528 οὕνεκα
1683 3484 1775 3526 κτλ.
