2144 3854
1085 285 1207 343 26⁰

439 434 732 500 Interposito
766 431 947 482 deinde
979 432 1119 482 chori
1160 431 1401 494 carmine,
1449 436 1622 498 partus
1670 432 1780 498 ipse
1821 434 1979 488 Gana-
2018 419 2023 422 ’

307 534 393 567 cae
415 517 464 564 in
494 531 658 571 scena,
694 518 927 577 quantum
961 513 1071 562 fieri
1096 517 1304 578 poterat,
1339 511 1679 562 exhibebatur.
1745 513 1981 567 Testatur

305 596 434 645 enim
459 595 555 642 hoc
579 593 862 661 Suetonius,
894 609 924 641 a
953 592 1150 642 Nerone
1178 598 1441 657 personato
1473 591 1810 653 „Canacen
1842 611 1980 660 par·

305 674 696 723 turientem”
750 674 933 722 cantari
981 673 1177 721 solitam
1226 688 1339 721 esse
1385 671 1606 720 referens
1643 671 1751 735 (vit.
1783 673 1901 724 Ner.
1937 690 1979 726 c.

303 752 425 813 21.).
495 753 634 815 Quae
668 768 781 816 pars
815 752 1048 800 dramatis
1083 751 1243 815 qualis
1276 750 1453 812 fuerit,
1499 768 1561 800 ex
1597 751 1770 802 Ovidio
1814 755 1977 805 conie-

305 836 442 883 ctare
471 833 590 881 licet
623 848 668 880 v.
702 834 768 879 49
803 847 969 895 seqq.:

432 911 586 974 „Nec
615 928 789 961 vocem
821 912 983 960 tenui.
1018 910 1210 973 „Quid,
1248 913 1341 972 ait,
1374 918 1469 960 tua
1497 912 1715 962 crimina
1733 912 1978 979 prodi-92³²

569 993 776 1059 Oraque
812 992 1085 1041 clamantis
1120 993 1324 1041 conscia
1351 993 1543 1057 pressit
1578 1008 1724 1044 anus,

438 1072 576 1135 Quid
596 1073 803 1136 faciam
838 1071 1064 1134 infelix?
1097 1072 1321 1136 gemitus
1355 1071 1500 1119 dolor
1537 1071 1691 1120 edere
1726 1072 1879 1138 cogit,

566 1151 676 1200 Sed
708 1154 861 1200 timor
897 1157 947 1199 et
981 1152 1162 1199 nutrix
1202 1157 1254 1199 et
1282 1151 1454 1216 pudor
1486 1152 1598 1216 ipse
1631 1158 1829 1201 vetant.

438 1233 686 1282 Contineo
718 1232 956 1296 gemitus,
995 1232 1271 1296 elapsaque
1303 1231 1461 1279 verba
1492 1231 1766 1297 reprendo,

562 1313 640 1361 Et
675 1327 828 1375 cogor
862 1312 1104 1360 lacrimas
1139 1310 1418 1359 combibere
1451 1311 1566 1377 ipsa
1598 1328 1754 1361 meas.

444 1391 582 1441 Mors
618 1397 733 1440 erat
771 1397 894 1439 ante
930 1390 1117 1448 oculos,
1155 1396 1206 1438 et
1242 1406 1388 1456 opem
1421 1389 1626 1441 Itucina
1664 1390 1924 1456 negabat.-

561 1472 639 1521 Et
673 1486 852 1536 grave,
887 1471 933 1519 si
959 1485 1207 1530 morerer,
1230 1486 1363 1518 mors
1390 1486 1589 1537 quoque
1610 1472 1802 1519 crimen
1826 1476 1974 1521 erat.-

436 1551 560 1600 Gum
593 1550 1059 1617 superincumbens,
1095 1550 1254 1597 scissa
1286 1551 1568 1616 tunicaque
1603 1566 1861 1617 comaque,

561 1631 749 1680 Pressa
782 1631 1017 1693 refovisti
1045 1634 1262 1695 pectora
1296 1636 1472 1679 nostra
1504 1632 1625 1690 tuis,

430 1711 507 1760 Et
539 1711 666 1760 mihi
683 1729 702 1759 .·
735 1710 906 1772 „Vive
938 1726 1094 1772 soror,
1126 1726 1271 1759 soror
1307 1727 1336 1760 o
1372 1708 1692 1768 carissima‚”
1727 1710 1880 1773 dixti,

562 1828 595 1851 „
608 1790 748 1852 Vive,
783 1807 879 1840 uec
912 1792 1066 1839 unius
1102 1806 1312 1856 corpore
1341 1790 1502 1856 perde
1537 1790 1678 1840 duos.

432 1869 565 1937 Spes
600 1871 731 1919 bona
765 1870 853 1920 det
888 1871 1056 1919 vires:
1087 1887 1334 1934 germano
1368 1878 1533 1936 nupta
1553 1872 1747 1936 futura
1782 1886 1866 1920 es.-

562 1950 728 2010 Illius,
765 1967 819 1998 es
853 1949 919 1998 de
953 1966 1050 2015 quo
1083 1955 1267 2010 mater,
1306 1957 1358 1999 et
1389 1967 1522 1999 uxor
1557 1950 1708 2000 eris.''
1747 1946 1752 1952 ’

439 2029 664 2089 Mortua,
701 2028 856 2078 crede
888 2029 1031 2086 mihi,
1066 2034 1243 2077 tamen
1279 2028 1350 2078 ad
1381 2036 1476 2078 tua
1509 2029 1666 2078 verba
1698 2028 1884 2089 revixi,

560 2109 638 2157 Et
667 2110 893 2174 positum
929 2115 1004 2156 est
1038 2110 1181 2156 uteri
1211 2109 1403 2157 crimen
1438 2125 1663 2175 onusque
1694 2107 1850 2157 mei-'⁷

299 2188 535 2238 Solebant
567 2194 762 2236 veteres
795 2187 949 2235 multa
983 2188 1263 2247 ostendere,
1298 2205 1424 2251 quae
1456 2204 1545 2237 nos
1569 2188 1888 2248 occultamuS‚
1922 2191 1975 2237 et

296 2283 467 2316 rursus
500 2267 595 2315 alia
628 2267 892 2326 occultare,
926 2282 1053 2330 quae
1087 2282 1177 2315 nos
1212 2267 1533 2317 ostendimus,
1599 2267 1735 2316 Nihil
1765 2266 1836 2315 ini
1875 2266 1971 2315 hu-

296 2348 428 2397 mani
461 2363 489 2395 a
523 2362 672 2395 scena
707 2347 922 2395 alienum
958 2362 1070 2395 esse
1105 2347 1397 2406 censebant;
1446 2350 1616 2396 contra
1662 2345 1818 2396 oculis
1854 2347 1971 2396 sub-

296 2427 545 2478 ducebant
592 2441 910 2489 quaecunque
950 2426 1128 2476 melius
1163 2425 1405 2475 narrando
1441 2426 1648 2491 exprimi
1681 2442 1826 2490 quam
1859 2425 1971 2474 imi-

296 2506 448 2555 tando
482 2506 843 2571 repraesentari
877 2522 1027 2570 posse
1059 2506 1366 2556 videbantur.
1433 2506 1711 2555 Absurdius
1743 2505 1877 2555 enim
1894 2506 1970 2555 iu-

295 2586 447 2635 veniri
479 2585 605 2635 nihil
637 2590 821 2650 potest,
856 2601 1000 2649 quam
1035 2587 1178 2645 ratio,
1213 2602 1307 2649 qua
1339 2585 1417 2634 vel
1451 2586 1640 2650 proelia
1671 2586 1750 2634 vel
1783 2590 1972 2634 mortes

294 2666 450 2714 nostri
482 2665 748 2714 histriones
781 2665 1060 2727 imitantur3
1113 2666 1203 2714 sed
1237 2666 1416 2715 callum
1448 2666 1590 2715 nobis
1624 2665 1831 2714 obduxit
1861 2664 1970 2714 diu-

295 2748 436 2793 turna
469 2744 801 2805 consuetudo,
847 2749 904 2794 ut
932 2749 1030 2793 tam
1066 2746 1282 2809 pueriles
1316 2745 1524 2808 ineptias
1558 2748 1838 2808 spectantes
1871 2758 1969 2793 nou

294 2822 595 2888 fatigemur,
636 2840 757 2888 quas
791 2840 855 2873 ne
905 2825 1062 2873 semel
1096 2825 1294 2888 quidem
1326 2824 1586 2889 adspicere
1620 2823 1968 2872 sustinuissent

293 2903 496 2966 antiqui.
567 2901 756 2953 Confer
803 2904 928 2952 hanc
977 2904 1211 2968 ineptiam
1247 2921 1358 2954 cum
1391 2903 1811 2969 praestantissima
1843 2906 1966 2964 arte,

292 2996 391 3044 qua
435 2981 684 3045 Poiyuicis
730 2983 1050 3046 Eteoclisque
1100 2971 1313 3048 pugnam
1359 2999 1417 3031 ac
1463 2983 1667 3031 caedem
1699 2982 1967 3047 Euripides

291 3060 585 3124 descripsit,
639 3068 691 3110 et
735 3062 906 3111 inanes
952 3063 1229 3127 gladiorum
1275 3062 1492 3126 crepitus
1541 3077 1655 3110 cum
1710 3067 1967 3125 poetarum

291 3139 668 3205 parepigraphis
700 3139 969 3191 damnabis.
1039 3143 1221 3192 Contra
1254 3142 1436 3191 nullam
1483 3140 1563 3190 vel
1596 3139 1853 3189 vulnerum
1885 3139 1967 3189 vel

291 3221 575 3269 morborum
608 3218 924 3281 foeditatem,
958 3222 1118 3270 nullos
1154 3221 1379 3270 dolorum
1411 3220 1654 3269 cruciatus
1689 3235 1718 3268 e
1751 3234 1968 3284 conspe-

292 3302 376 3347 ctu
410 3299 751 3359 removendoS,
785 3315 945 3363 neque
979 3301 1318 3350 delicatiorum
1348 3299 1598 3348 hominum
1616 3297 1839 3346 mollitiei
1862 3296 1964 3345 ullo

291 3376 440 3427 modo
467 3378 776 3428 serviendum
803 3395 917 3428 esse
939 3381 1208 3430 censebant
1225 3378 1408 3428 Graeci
1437 3377 1762 3442 Romanique.
1797 3375 1964 3439 Quare

290 3457 424 3508 actio
457 3459 643 3520 omnis,
678 3457 874 3521 qualem
908 3460 1171 3526 descripsit
1205 3458 1427 3520 Ovidius,
1461 3457 1579 3521 quin
1611 3458 1660 3508 iu
1693 3471 1839 3508 scena
1870 3470 1962 3506 ex-
