<?xml version="1.0" encoding="UTF-8"?>
<!DOCTYPE html PUBLIC "-//W3C//DTD XHTML 1.0 Transitional//EN"
    "http://www.w3.org/TR/xhtml1/DTD/xhtml1-transitional.dtd">
<html xmlns="http://www.w3.org/1999/xhtml" xml:lang="en" lang="en">
 <head>
  <title>
</title>
<meta http-equiv="Content-Type" content="text/html;charset=utf-8" />
  <meta name='ocr-system' content='tesseract 3.04.00' />
  <meta name='ocr-capabilities' content='ocr_page ocr_carea ocr_par ocr_line ocrx_word'/>
</head>
<body>
  <div class='ocr_page' id='page_1' title='image "./euripidesrestitu01hartuoft_0508.png"; bbox 0 0 2176 3874; ppageno 0'>
   <div class='ocr_carea' id='block_1_1' title="bbox 1143 242 1269 338">
    <p class='ocr_par' dir='ltr' id='par_1_1' title="bbox 1143 242 1269 338">
     <span class='ocr_line' id='line_1_1' title="bbox 1143 242 1269 338; baseline 0 -1"><span class='ocrx_word' id='word_1_1' title='bbox 1143 242 1269 338; x_wconf 71' lang='lat'><strong>490</strong></span> 
     </span>
    </p>
   </div>
   <div class='ocr_carea' id='block_1_2' title="bbox 360 425 2050 3051">
    <p class='ocr_par' dir='ltr' id='par_1_2' title="bbox 360 425 2050 3051">
     <span class='ocr_line' id='line_1_2' title="bbox 375 425 2047 495; baseline 0.003 -17"><span class='ocrx_word' id='word_1_2' title='bbox 375 429 555 495; x_wconf 86' lang='lat' dir='ltr'><strong>pundia</strong></span> <span class='ocrx_word' id='word_1_3' title='bbox 589 425 794 492; x_wconf 88' lang='lat' dir='ltr'><strong>singula,</strong></span> <span class='ocrx_word' id='word_1_4' title='bbox 828 430 1091 490; x_wconf 89' lang='lat' dir='ltr'><strong>antequam</strong></span> <span class='ocrx_word' id='word_1_5' title='bbox 1125 442 1187 476; x_wconf 86' lang='lat' dir='ltr'><strong>ex</strong></span> <span class='ocrx_word' id='word_1_6' title='bbox 1220 426 1389 477; x_wconf 85' lang='lat' dir='ltr'><strong>arcula</strong></span> <span class='ocrx_word' id='word_1_7' title='bbox 1416 434 1722 494; x_wconf 82' lang='lat' dir='ltr'><strong>promantur,</strong></span> <span class='ocrx_word' id='word_1_8' title='bbox 1758 432 2047 495; x_wconf 81' lang='lat' dir='ltr'><strong>praedicen-</strong></span> 
     </span>
     <span class='ocr_line' id='line_1_3' title="bbox 375 505 2050 575; baseline 0.003 -18"><span class='ocrx_word' id='word_1_9' title='bbox 375 510 440 557; x_wconf 95' lang='lat' dir='ltr'><strong>do</strong></span> <span class='ocrx_word' id='word_1_10' title='bbox 475 505 897 570; x_wconf 81' lang='lat' dir='ltr'><strong>describendoque</strong></span> <span class='ocrx_word' id='word_1_11' title='bbox 933 505 1123 555; x_wconf 82' lang='lat' dir='ltr'>Creusa</span> <span class='ocrx_word' id='word_1_12' title='bbox 1157 508 1449 556; x_wconf 82' lang='lat' dir='ltr'><strong>certissimis</strong></span> <span class='ocrx_word' id='word_1_13' title='bbox 1483 511 1787 575; x_wconf 80' lang='lat' dir='ltr'><strong>argumentis</strong></span> <span class='ocrx_word' id='word_1_14' title='bbox 1821 527 1879 560; x_wconf 89' lang='lat' dir='ltr'><strong>se</strong></span> <span class='ocrx_word' id='word_1_15' title='bbox 1921 511 2050 562; x_wconf 87' lang='lat' dir='ltr'><strong>louis</strong></span> 
     </span>
     <span class='ocr_line' id='line_1_4' title="bbox 372 586 2048 650; baseline 0.002 -13"><span class='ocrx_word' id='word_1_16' title='bbox 372 593 579 637; x_wconf 86' lang='lat' dir='ltr'><strong>matrem</strong></span> <span class='ocrx_word' id='word_1_17' title='bbox 613 602 726 635; x_wconf 90' lang='lat' dir='ltr'><strong>esse</strong></span> <span class='ocrx_word' id='word_1_18' title='bbox 760 588 1064 650; x_wconf 86' lang='lat' dir='ltr'><strong>comprobat.</strong></span> <span class='ocrx_word' id='word_1_19' title='bbox 1131 586 1260 636; x_wconf 84' lang='lat' dir='ltr'><strong>Tum</strong></span> <span class='ocrx_word' id='word_1_20' title='bbox 1293 604 1412 636; x_wconf 88' lang='lat' dir='ltr'><strong>vcro</strong></span> <span class='ocrx_word' id='word_1_21' title='bbox 1446 596 1624 639; x_wconf 92' lang='lat' dir='ltr'><strong>ruente</strong></span> <span class='ocrx_word' id='word_1_22' title='bbox 1657 591 1706 639; x_wconf 91' lang='lat' dir='ltr'><strong>in</strong></span> <span class='ocrx_word' id='word_1_23' title='bbox 1735 591 1908 641; x_wconf 86' lang='lat' dir='ltr'><strong>matris</strong></span> <span class='ocrx_word' id='word_1_24' title='bbox 1943 608 2048 641; x_wconf 85' lang='lat' dir='ltr'><strong>am-</strong></span> 
     </span>
     <span class='ocr_line' id='line_1_5' title="bbox 369 667 2046 733; baseline 0.004 -18"><span class='ocrx_word' id='word_1_25' title='bbox 369 668 572 732; x_wconf 87' lang='lat' dir='ltr'><strong>plexum</strong></span> <span class='ocrx_word' id='word_1_26' title='bbox 604 667 744 725; x_wconf 86' lang='lat' dir='ltr'><strong>filio,</strong></span> <span class='ocrx_word' id='word_1_27' title='bbox 791 667 877 730; x_wconf 89' lang='lat' dir='ltr'><strong>qui</strong></span> <span class='ocrx_word' id='word_1_28' title='bbox 923 667 1071 715; x_wconf 91' lang='lat' dir='ltr'><strong>modo</strong></span> <span class='ocrx_word' id='word_1_29' title='bbox 1112 668 1273 717; x_wconf 85' lang='lat' dir='ltr'><strong>hostis</strong></span> <span class='ocrx_word' id='word_1_30' title='bbox 1319 669 1514 718; x_wconf 82' lang='lat' dir='ltr'><strong>hostem</strong></span> <span class='ocrx_word' id='word_1_31' title='bbox 1559 671 1843 721; x_wconf 88' lang='lat' dir='ltr'><strong>interficere</strong></span> <span class='ocrx_word' id='word_1_32' title='bbox 1873 672 2046 733; x_wconf 84' lang='lat' dir='ltr'><strong>voluit,</strong></span> 
     </span>
     <span class='ocr_line' id='line_1_6' title="bbox 369 747 2048 811; baseline 0.003 -15"><span class='ocrx_word' id='word_1_33' title='bbox 369 748 450 796; x_wconf 92' lang='lat' dir='ltr'><strong>illa</strong></span> <span class='ocrx_word' id='word_1_34' title='bbox 482 747 750 807; x_wconf 76' lang='lat' dir='ltr'><strong>laetitiam,</strong></span> <span class='ocrx_word' id='word_1_35' title='bbox 785 748 918 811; x_wconf 94' lang='lat' dir='ltr'><strong>quod</strong></span> <span class='ocrx_word' id='word_1_36' title='bbox 954 748 1181 798; x_wconf 89' lang='lat' dir='ltr'><strong>omnibus</strong></span> <span class='ocrx_word' id='word_1_37' title='bbox 1213 749 1351 797; x_wconf 88' lang='lat' dir='ltr'><strong>malis</strong></span> <span class='ocrx_word' id='word_1_38' title='bbox 1387 750 1551 798; x_wconf 88' lang='lat' dir='ltr'><strong>subito</strong></span> <span class='ocrx_word' id='word_1_39' title='bbox 1585 751 1790 800; x_wconf 89' lang='lat' dir='ltr'><strong>liberata</strong></span> <span class='ocrx_word' id='word_1_40' title='bbox 1824 755 1876 801; x_wconf 93' lang='lat' dir='ltr'><strong>et</strong></span> <span class='ocrx_word' id='word_1_41' title='bbox 1907 757 2048 801; x_wconf 85' lang='lat' dir='ltr'><strong>nacta</strong></span> 
     </span>
     <span class='ocr_line' id='line_1_7' title="bbox 369 827 2048 896; baseline 0.002 -21"><span class='ocrx_word' id='word_1_42' title='bbox 369 828 435 876; x_wconf 89' lang='lat' dir='ltr'><strong>sit</strong></span> <span class='ocrx_word' id='word_1_43' title='bbox 466 828 674 887; x_wconf 88' lang='lat' dir='ltr'><strong>bonum,</strong></span> <span class='ocrx_word' id='word_1_44' title='bbox 730 827 860 891; x_wconf 87' lang='lat' dir='ltr'><strong>quod</strong></span> <span class='ocrx_word' id='word_1_45' title='bbox 907 844 1153 891; x_wconf 90' lang='lat' dir='ltr'><strong>nunquam</strong></span> <span class='ocrx_word' id='word_1_46' title='bbox 1202 845 1257 876; x_wconf 92' lang='lat' dir='ltr'><strong>se</strong></span> <span class='ocrx_word' id='word_1_47' title='bbox 1302 829 1592 894; x_wconf 85' lang='lat' dir='ltr'><strong>adepturam</strong></span> <span class='ocrx_word' id='word_1_48' title='bbox 1630 847 1743 880; x_wconf 89' lang='lat' dir='ltr'><strong>esse</strong></span> <span class='ocrx_word' id='word_1_49' title='bbox 1776 835 2048 896; x_wconf 82' lang='lat' dir='ltr'><strong>sperasset,</strong></span> 
     </span>
     <span class='ocr_line' id='line_1_8' title="bbox 369 907 2047 976; baseline 0.004 -21"><span class='ocrx_word' id='word_1_50' title='bbox 369 908 561 956; x_wconf 90' lang='lat' dir='ltr'><strong>cantico</strong></span> <span class='ocrx_word' id='word_1_51' title='bbox 596 907 845 967; x_wconf 76' lang='lat' dir='ltr'><strong>declarat,</strong></span> <span class='ocrx_word' id='word_1_52' title='bbox 889 924 984 965; x_wconf 81' lang='lat' dir='ltr'><strong>una</strong></span> <span class='ocrx_word' id='word_1_53' title='bbox 1027 908 1272 972; x_wconf 86' lang='lat' dir='ltr'><strong>gaudente</strong></span> <span class='ocrx_word' id='word_1_54' title='bbox 1317 913 1370 958; x_wconf 93' lang='lat' dir='ltr'><strong>et</strong></span> <span class='ocrx_word' id='word_1_55' title='bbox 1403 926 1516 959; x_wconf 89' lang='lat' dir='ltr'><strong>cum</strong></span> <span class='ocrx_word' id='word_1_56' title='bbox 1551 911 1857 976; x_wconf 86' lang='lat' dir='ltr'><strong>amplexibus</strong></span> <span class='ocrx_word' id='word_1_57' title='bbox 1902 928 2047 961; x_wconf 85' lang='lat' dir='ltr'><strong>oscu-</strong></span> 
     </span>
     <span class='ocr_line' id='line_1_9' title="bbox 368 986 2049 1055; baseline 0.004 -21"><span class='ocrx_word' id='word_1_58' title='bbox 368 986 529 1051; x_wconf 89' lang='lat' dir='ltr'><strong>lisque</strong></span> <span class='ocrx_word' id='word_1_59' title='bbox 560 987 835 1051; x_wconf 86' lang='lat' dir='ltr'><strong>gratulante</strong></span> <span class='ocrx_word' id='word_1_60' title='bbox 868 987 989 1036; x_wconf 88' lang='lat' dir='ltr'><strong>filio.</strong></span> <span class='ocrx_word' id='word_1_61' title='bbox 1056 987 1199 1036; x_wconf 87' lang='lat' dir='ltr'><strong>Haec</strong></span> <span class='ocrx_word' id='word_1_62' title='bbox 1251 990 1412 1038; x_wconf 85' lang='lat' dir='ltr'><strong>omnia</strong></span> <span class='ocrx_word' id='word_1_63' title='bbox 1446 997 1498 1039; x_wconf 90' lang='lat' dir='ltr'><strong>et</strong></span> <span class='ocrx_word' id='word_1_64' title='bbox 1528 997 1668 1040; x_wconf 92' lang='lat' dir='ltr'><strong>recte</strong></span> <span class='ocrx_word' id='word_1_65' title='bbox 1702 991 2049 1055; x_wconf 82' lang='lat' dir='ltr'><strong>eleganterque</strong></span> 
     </span>
     <span class='ocr_line' id='line_1_10' title="bbox 367 1067 2049 1136; baseline 0.003 -21"><span class='ocrx_word' id='word_1_66' title='bbox 367 1068 563 1117; x_wconf 87' lang='lat' dir='ltr'><strong>inventa</strong></span> <span class='ocrx_word' id='word_1_67' title='bbox 599 1072 651 1116; x_wconf 90' lang='lat' dir='ltr'><strong>et</strong></span> <span class='ocrx_word' id='word_1_68' title='bbox 683 1067 876 1126; x_wconf 91' lang='lat' dir='ltr'><strong>stricte,</strong></span> <span class='ocrx_word' id='word_1_69' title='bbox 911 1071 1101 1132; x_wconf 86' lang='lat' dir='ltr'><strong>argute,</strong></span> <span class='ocrx_word' id='word_1_70' title='bbox 1137 1076 1308 1116; x_wconf 88' lang='lat' dir='ltr'><strong>ornate</strong></span> <span class='ocrx_word' id='word_1_71' title='bbox 1340 1071 1652 1134; x_wconf 81' lang='lat' dir='ltr'><strong>graviterque</strong></span> <span class='ocrx_word' id='word_1_72' title='bbox 1683 1071 1908 1136; x_wconf 85' lang='lat' dir='ltr'><strong>exposita</strong></span> <span class='ocrx_word' id='word_1_73' title='bbox 1931 1075 2049 1120; x_wconf 88' lang='lat' dir='ltr'><strong>sunt</strong></span> 
     </span>
     <span class='ocr_line' id='line_1_11' title="bbox 368 1147 2049 1214; baseline 0.002 -17"><span class='ocrx_word' id='word_1_74' title='bbox 368 1152 438 1211; x_wconf 91' lang='lat' dir='ltr'><strong>et,</strong></span> <span class='ocrx_word' id='word_1_75' title='bbox 474 1148 693 1212; x_wconf 88' lang='lat' dir='ltr'><strong>quamvis</strong></span> <span class='ocrx_word' id='word_1_76' title='bbox 728 1148 824 1195; x_wconf 89' lang='lat' dir='ltr'><strong>sint</strong></span> <span class='ocrx_word' id='word_1_77' title='bbox 857 1147 1137 1211; x_wconf 88' lang='lat' dir='ltr'><strong>inopinata,</strong></span> <span class='ocrx_word' id='word_1_78' title='bbox 1171 1151 1337 1197; x_wconf 89' lang='lat' dir='ltr'><strong>tamen</strong></span> <span class='ocrx_word' id='word_1_79' title='bbox 1370 1151 1441 1198; x_wconf 92' lang='lat' dir='ltr'><strong>sic</strong></span> <span class='ocrx_word' id='word_1_80' title='bbox 1475 1151 1778 1214; x_wconf 85' lang='lat' dir='ltr'><strong>procedunt,</strong></span> <span class='ocrx_word' id='word_1_81' title='bbox 1813 1156 1867 1200; x_wconf 93' lang='lat' dir='ltr'><strong>ut</strong></span> <span class='ocrx_word' id='word_1_82' title='bbox 1900 1150 2049 1200; x_wconf 86' lang='lat' dir='ltr'><strong>aliter</strong></span> 
     </span>
     <span class='ocr_line' id='line_1_12' title="bbox 366 1227 2047 1295; baseline 0.002 -19"><span class='ocrx_word' id='word_1_83' title='bbox 366 1228 480 1276; x_wconf 88' lang='lat' dir='ltr'><strong>fieri</strong></span> <span class='ocrx_word' id='word_1_84' title='bbox 513 1227 739 1291; x_wconf 89' lang='lat' dir='ltr'><strong>potuisse</strong></span> <span class='ocrx_word' id='word_1_85' title='bbox 782 1227 863 1274; x_wconf 78' lang='lat' dir='ltr'><strong>vix</strong></span> <span class='ocrx_word' id='word_1_86' title='bbox 896 1227 1100 1276; x_wconf 87' lang='lat' dir='ltr'><strong>credas:</strong></span> <span class='ocrx_word' id='word_1_87' title='bbox 1148 1228 1199 1277; x_wconf 90' lang='lat' dir='ltr'><strong>id</strong></span> <span class='ocrx_word' id='word_1_88' title='bbox 1246 1228 1376 1293; x_wconf 92' lang='lat' dir='ltr'><strong>quod</strong></span> <span class='ocrx_word' id='word_1_89' title='bbox 1422 1229 1479 1278; x_wconf 89' lang='lat' dir='ltr'><strong>fit</strong></span> <span class='ocrx_word' id='word_1_90' title='bbox 1513 1230 1753 1280; x_wconf 85' lang='lat' dir='ltr'><strong>beneficio</strong></span> <span class='ocrx_word' id='word_1_91' title='bbox 1787 1229 2047 1295; x_wconf 80' lang='lat' dir='ltr'><strong>prudentis</strong></span> 
     </span>
     <span class='ocr_line' id='line_1_13' title="bbox 366 1306 2050 1374; baseline 0.001 -17"><span class='ocrx_word' id='word_1_92' title='bbox 366 1307 673 1370; x_wconf 85' lang='lat' dir='ltr'><strong>callidaeque</strong></span> <span class='ocrx_word' id='word_1_93' title='bbox 707 1306 1106 1369; x_wconf 74' lang='lat' dir='ltr'><strong>compositionis,</strong></span> <span class='ocrx_word' id='word_1_94' title='bbox 1155 1323 1250 1371; x_wconf 88' lang='lat' dir='ltr'><strong>qua</strong></span> <span class='ocrx_word' id='word_1_95' title='bbox 1298 1308 1359 1356; x_wconf 91' lang='lat' dir='ltr'><strong>ad</strong></span> <span class='ocrx_word' id='word_1_96' title='bbox 1395 1308 1716 1359; x_wconf 82' lang='lat' dir='ltr'><strong>difficultates</strong></span> <span class='ocrx_word' id='word_1_97' title='bbox 1750 1326 2050 1374; x_wconf 86' lang='lat' dir='ltr'><strong>erroresque</strong></span> 
     </span>
     <span class='ocr_line' id='line_1_14' title="bbox 365 1379 2047 1453; baseline 0.002 -19"><span class='ocrx_word' id='word_1_98' title='bbox 365 1387 531 1435; x_wconf 90' lang='lat' dir='ltr'><strong>subito</strong></span> <span class='ocrx_word' id='word_1_99' title='bbox 576 1386 822 1435; x_wconf 90' lang='lat' dir='ltr'><strong>tollendos</strong></span> <span class='ocrx_word' id='word_1_100' title='bbox 878 1387 1040 1435; x_wconf 88' lang='lat' dir='ltr'><strong>omnia</strong></span> <span class='ocrx_word' id='word_1_101' title='bbox 1083 1387 1348 1451; x_wconf 82' lang='lat' dir='ltr'><strong>diligenter</strong></span> <span class='ocrx_word' id='word_1_102' title='bbox 1390 1394 1683 1453; x_wconf 82' lang='lat' dir='ltr'><strong>praeparata</strong></span> <span class='ocrx_word' id='word_1_103' title='bbox 1734 1379 1868 1441; x_wconf 82' lang='lat' dir='ltr'><strong>sunt.</strong></span> <span class='ocrx_word' id='word_1_104' title='bbox 1934 1388 2047 1438; x_wconf 87' lang='lat' dir='ltr'><strong>Una</strong></span> 
     </span>
     <span class='ocr_line' id='line_1_15' title="bbox 364 1466 2046 1534; baseline 0 -18"><span class='ocrx_word' id='word_1_105' title='bbox 364 1471 521 1516; x_wconf 88' lang='lat' dir='ltr'><strong>restat</strong></span> <span class='ocrx_word' id='word_1_106' title='bbox 553 1466 819 1525; x_wconf 86' lang='lat' dir='ltr'><strong>dubitatio,</strong></span> <span class='ocrx_word' id='word_1_107' title='bbox 872 1467 1006 1530; x_wconf 86' lang='lat' dir='ltr'><strong>quod</strong></span> <span class='ocrx_word' id='word_1_108' title='bbox 1050 1467 1303 1516; x_wconf 89' lang='lat' dir='ltr'><strong>oraculum</strong></span> <span class='ocrx_word' id='word_1_109' title='bbox 1337 1468 1610 1532; x_wconf 84' lang='lat' dir='ltr'><strong>Apollinis,</strong></span> <span class='ocrx_word' id='word_1_110' title='bbox 1660 1485 1759 1534; x_wconf 89' lang='lat' dir='ltr'><strong>quo</strong></span> <span class='ocrx_word' id='word_1_111' title='bbox 1791 1470 1880 1519; x_wconf 88' lang='lat' dir='ltr'><strong>Ion</strong></span> <span class='ocrx_word' id='word_1_112' title='bbox 1912 1469 2046 1517; x_wconf 85' lang='lat' dir='ltr'><strong>filius</strong></span> 
     </span>
     <span class='ocr_line' id='line_1_16' title="bbox 364 1545 2047 1612; baseline 0 -16"><span class='ocrx_word' id='word_1_113' title='bbox 364 1545 524 1596; x_wconf 90' lang='lat' dir='ltr'><strong>Xuthi</strong></span> <span class='ocrx_word' id='word_1_114' title='bbox 558 1561 671 1595; x_wconf 87' lang='lat' dir='ltr'><strong>esse</strong></span> <span class='ocrx_word' id='word_1_115' title='bbox 704 1546 983 1595; x_wconf 87' lang='lat' dir='ltr'><strong>declaratus</strong></span> <span class='ocrx_word' id='word_1_116' title='bbox 1018 1553 1129 1608; x_wconf 90' lang='lat' dir='ltr'><strong>est,</strong></span> <span class='ocrx_word' id='word_1_117' title='bbox 1181 1564 1292 1596; x_wconf 90' lang='lat' dir='ltr'><strong>cum</strong></span> <span class='ocrx_word' id='word_1_118' title='bbox 1327 1548 1418 1607; x_wconf 84' lang='lat' dir='ltr'><strong>iis,</strong></span> <span class='ocrx_word' id='word_1_119' title='bbox 1466 1564 1672 1612; x_wconf 89' lang='lat' dir='ltr'><strong>quorum</strong></span> <span class='ocrx_word' id='word_1_120' title='bbox 1723 1550 1817 1598; x_wconf 89' lang='lat' dir='ltr'><strong>sibi</strong></span> <span class='ocrx_word' id='word_1_121' title='bbox 1848 1549 2047 1597; x_wconf 84' lang='lat' dir='ltr'><strong>conscia</strong></span> 
     </span>
     <span class='ocr_line' id='line_1_17' title="bbox 365 1622 2049 1691; baseline 0.001 -16"><span class='ocrx_word' id='word_1_122' title='bbox 365 1626 554 1675; x_wconf 83' lang='lat' dir='ltr'><strong>Creusa</strong></span> <span class='ocrx_word' id='word_1_123' title='bbox 597 1630 702 1686; x_wconf 88' lang='lat' dir='ltr'><strong>est,</strong></span> <span class='ocrx_word' id='word_1_124' title='bbox 746 1643 843 1676; x_wconf 91' lang='lat' dir='ltr'><strong>non</strong></span> <span class='ocrx_word' id='word_1_125' title='bbox 891 1628 1157 1677; x_wconf 85' lang='lat' dir='ltr'><strong>consentit.</strong></span> <span class='ocrx_word' id='word_1_126' title='bbox 1224 1628 1366 1690; x_wconf 77' lang='lat' dir='ltr'><strong>Quae</strong></span> <span class='ocrx_word' id='word_1_127' title='bbox 1415 1629 1639 1691; x_wconf 88' lang='lat' dir='ltr'><strong>quamvis</strong></span> <span class='ocrx_word' id='word_1_128' title='bbox 1683 1622 1936 1677; x_wconf 81' lang='lat' dir='ltr'><strong>levissima</strong></span> <span class='ocrx_word' id='word_1_129' title='bbox 1981 1627 2049 1676; x_wconf 90' lang='lat' dir='ltr'><strong>sit</strong></span> 
     </span>
     <span class='ocr_line' id='line_1_18' title="bbox 365 1706 2046 1773; baseline 0.001 -19"><span class='ocrx_word' id='word_1_130' title='bbox 365 1706 635 1755; x_wconf 85' lang='lat' dir='ltr'><strong>difficultas</strong></span> <span class='ocrx_word' id='word_1_131' title='bbox 670 1711 720 1755; x_wconf 92' lang='lat' dir='ltr'><strong>et</strong></span> <span class='ocrx_word' id='word_1_132' title='bbox 753 1707 902 1756; x_wconf 90' lang='lat' dir='ltr'><strong>facile</strong></span> <span class='ocrx_word' id='word_1_133' title='bbox 933 1709 1155 1773; x_wconf 90' lang='lat' dir='ltr'><strong>potuerit</strong></span> <span class='ocrx_word' id='word_1_134' title='bbox 1187 1708 1434 1757; x_wconf 90' lang='lat' dir='ltr'><strong>removeri</strong></span> <span class='ocrx_word' id='word_1_135' title='bbox 1460 1709 1832 1773; x_wconf 87' lang='lat' dir='ltr'><strong>interpretando</strong></span> <span class='ocrx_word' id='word_1_136' title='bbox 1875 1706 2046 1756; x_wconf 91' lang='lat' dir='ltr'><strong>Ionem</strong></span> 
     </span>
     <span class='ocr_line' id='line_1_19' title="bbox 363 1786 2047 1854; baseline 0.001 -19"><span class='ocrx_word' id='word_1_137' title='bbox 363 1804 395 1836; x_wconf 86' lang='lat' dir='ltr'><strong>a</strong></span> <span class='ocrx_word' id='word_1_138' title='bbox 427 1786 539 1848; x_wconf 87' lang='lat' dir='ltr'><strong>deo,</strong></span> <span class='ocrx_word' id='word_1_139' title='bbox 571 1803 690 1836; x_wconf 86' lang='lat' dir='ltr'><strong>vero</strong></span> <span class='ocrx_word' id='word_1_140' title='bbox 724 1794 886 1851; x_wconf 84' lang='lat' dir='ltr'><strong>patre,</strong></span> <span class='ocrx_word' id='word_1_141' title='bbox 924 1788 1219 1854; x_wconf 86' lang='lat' dir='ltr'><strong>emancipari</strong></span> <span class='ocrx_word' id='word_1_142' title='bbox 1251 1789 1427 1850; x_wconf 90' lang='lat' dir='ltr'><strong>alieno,</strong></span> <span class='ocrx_word' id='word_1_143' title='bbox 1464 1789 1600 1838; x_wconf 90' lang='lat' dir='ltr'><strong>cuius</strong></span> <span class='ocrx_word' id='word_1_144' title='bbox 1623 1789 1864 1837; x_wconf 92' lang='lat' dir='ltr'><strong>bonorum</strong></span> <span class='ocrx_word' id='word_1_145' title='bbox 1881 1786 2047 1851; x_wconf 86' lang='lat' dir='ltr'><strong>regni-</strong></span> 
     </span>
     <span class='ocr_line' id='line_1_20' title="bbox 363 1866 2047 1934; baseline -0.001 -17"><span class='ocrx_word' id='word_1_146' title='bbox 363 1884 463 1933; x_wconf 91' lang='lat' dir='ltr'><strong>que</strong></span> <span class='ocrx_word' id='word_1_147' title='bbox 498 1868 765 1916; x_wconf 84' lang='lat' dir='ltr'><strong>exsisteret</strong></span> <span class='ocrx_word' id='word_1_148' title='bbox 797 1868 1004 1928; x_wconf 89' lang='lat' dir='ltr'><strong>haeres,</strong></span> <span class='ocrx_word' id='word_1_149' title='bbox 1050 1872 1217 1917; x_wconf 88' lang='lat' dir='ltr'><strong>tamen</strong></span> <span class='ocrx_word' id='word_1_150' title='bbox 1251 1875 1399 1934; x_wconf 83' lang='lat' dir='ltr'><strong>poeta</strong></span> <span class='ocrx_word' id='word_1_151' title='bbox 1452 1869 1559 1918; x_wconf 92' lang='lat' dir='ltr'><strong>sine</strong></span> <span class='ocrx_word' id='word_1_152' title='bbox 1593 1869 1805 1918; x_wconf 88' lang='lat' dir='ltr'><strong>numinis</strong></span> <span class='ocrx_word' id='word_1_153' title='bbox 1838 1866 2047 1916; x_wconf 88' lang='lat' dir='ltr'><strong>alicuius</strong></span> 
     </span>
     <span class='ocr_line' id='line_1_21' title="bbox 362 1946 2047 2013; baseline -0.001 -16"><span class='ocrx_word' id='word_1_154' title='bbox 362 1948 646 1997; x_wconf 87' lang='lat' dir='ltr'><strong>interventu</strong></span> <span class='ocrx_word' id='word_1_155' title='bbox 681 1949 968 2013; x_wconf 91' lang='lat' dir='ltr'><strong>scrupulum</strong></span> <span class='ocrx_word' id='word_1_156' title='bbox 996 1948 1100 1998; x_wconf 90' lang='lat' dir='ltr'><strong>Ioni</strong></span> <span class='ocrx_word' id='word_1_157' title='bbox 1135 1950 1283 1998; x_wconf 87' lang='lat' dir='ltr'><strong>eximi</strong></span> <span class='ocrx_word' id='word_1_158' title='bbox 1317 1950 1491 1999; x_wconf 88' lang='lat' dir='ltr'><strong>noluit.</strong></span> <span class='ocrx_word' id='word_1_159' title='bbox 1559 1948 1672 1998; x_wconf 91' lang='lat' dir='ltr'><strong>Hoc</strong></span> <span class='ocrx_word' id='word_1_160' title='bbox 1705 1953 1871 1997; x_wconf 89' lang='lat' dir='ltr'><strong>autem</strong></span> <span class='ocrx_word' id='word_1_161' title='bbox 1906 1946 2047 1996; x_wconf 85' lang='lat' dir='ltr'><strong>iusti-</strong></span> 
     </span>
     <span class='ocr_line' id='line_1_22' title="bbox 361 2026 2049 2093; baseline -0.002 -15"><span class='ocrx_word' id='word_1_162' title='bbox 361 2033 524 2079; x_wconf 89' lang='lat' dir='ltr'><strong>tutum</strong></span> <span class='ocrx_word' id='word_1_163' title='bbox 558 2033 804 2093; x_wconf 91' lang='lat' dir='ltr'><strong>perpetuo</strong></span> <span class='ocrx_word' id='word_1_164' title='bbox 838 2029 1049 2076; x_wconf 86' lang='lat' dir='ltr'><strong>servavit</strong></span> <span class='ocrx_word' id='word_1_165' title='bbox 1093 2035 1146 2077; x_wconf 88' lang='lat' dir='ltr'><strong>et</strong></span> <span class='ocrx_word' id='word_1_166' title='bbox 1179 2030 1230 2076; x_wconf 90' lang='lat' dir='ltr'><strong>in</strong></span> <span class='ocrx_word' id='word_1_167' title='bbox 1263 2029 1514 2093; x_wconf 89' lang='lat' dir='ltr'><strong>plerisque</strong></span> <span class='ocrx_word' id='word_1_168' title='bbox 1562 2029 1744 2076; x_wconf 83' lang='lat' dir='ltr'><strong>fabulis</strong></span> <span class='ocrx_word' id='word_1_169' title='bbox 1778 2026 2049 2077; x_wconf 77' lang='lat' dir='ltr'><strong>declaravit</strong></span> 
     </span>
     <span class='ocr_line' id='line_1_23' title="bbox 361 2107 2047 2172; baseline -0.002 -14"><span class='ocrx_word' id='word_1_170' title='bbox 361 2114 560 2168; x_wconf 85' lang='lat' dir='ltr'><strong>noster,</strong></span> <span class='ocrx_word' id='word_1_171' title='bbox 605 2114 658 2156; x_wconf 91' lang='lat' dir='ltr'><strong>ut</strong></span> <span class='ocrx_word' id='word_1_172' title='bbox 703 2107 887 2170; x_wconf 88' lang='lat' dir='ltr'><strong>aliquid</strong></span> <span class='ocrx_word' id='word_1_173' title='bbox 933 2108 1278 2172; x_wconf 89' lang='lat' dir='ltr'><strong>impedimenti</strong></span> <span class='ocrx_word' id='word_1_174' title='bbox 1321 2109 1494 2172; x_wconf 92' lang='lat' dir='ltr'><strong>utique</strong></span> <span class='ocrx_word' id='word_1_175' title='bbox 1538 2107 1873 2169; x_wconf 87' lang='lat' dir='ltr'><strong>relinqueret,</strong></span> <span class='ocrx_word' id='word_1_176' title='bbox 1920 2122 2047 2169; x_wconf 90' lang='lat' dir='ltr'><strong>quae</strong></span> 
     </span>
     <span class='ocr_line' id='line_1_24' title="bbox 360 2185 2044 2252; baseline -0.003 -15"><span class='ocrx_word' id='word_1_177' title='bbox 360 2189 615 2237; x_wconf 88' lang='lat' dir='ltr'><strong>numinum</strong></span> <span class='ocrx_word' id='word_1_178' title='bbox 649 2187 1039 2235; x_wconf 88' lang='lat' dir='ltr'><strong>adhibendorum</strong></span> <span class='ocrx_word' id='word_1_179' title='bbox 1089 2192 1142 2236; x_wconf 92' lang='lat' dir='ltr'><strong>et</strong></span> <span class='ocrx_word' id='word_1_180' title='bbox 1176 2187 1448 2252; x_wconf 86' lang='lat' dir='ltr'><strong>epilogum,</strong></span> <span class='ocrx_word' id='word_1_181' title='bbox 1499 2191 1731 2250; x_wconf 87' lang='lat' dir='ltr'><strong>tanquam</strong></span> <span class='ocrx_word' id='word_1_182' title='bbox 1773 2185 2044 2249; x_wconf 83' lang='lat' dir='ltr'><strong>fastigium,</strong></span> 
     </span>
     <span class='ocr_line' id='line_1_25' title="bbox 362 2264 2045 2332; baseline -0.003 -15"><span class='ocrx_word' id='word_1_183' title='bbox 362 2268 504 2332; x_wconf 90' lang='lat' dir='ltr'><strong>operi</strong></span> <span class='ocrx_word' id='word_1_184' title='bbox 536 2267 752 2316; x_wconf 89' lang='lat' dir='ltr'><strong>addendi</strong></span> <span class='ocrx_word' id='word_1_185' title='bbox 787 2283 960 2315; x_wconf 88' lang='lat' dir='ltr'><strong>caussa</strong></span> <span class='ocrx_word' id='word_1_186' title='bbox 996 2272 1158 2316; x_wconf 89' lang='lat' dir='ltr'><strong>esset:</strong></span> <span class='ocrx_word' id='word_1_187' title='bbox 1194 2268 1524 2316; x_wconf 91' lang='lat' dir='ltr'><strong>consummari</strong></span> <span class='ocrx_word' id='word_1_188' title='bbox 1558 2268 1684 2315; x_wconf 91' lang='lat' dir='ltr'><strong>enim</strong></span> <span class='ocrx_word' id='word_1_189' title='bbox 1717 2265 1910 2314; x_wconf 84' lang='lat' dir='ltr'><strong>fabulas</strong></span> <span class='ocrx_word' id='word_1_190' title='bbox 1937 2264 2045 2313; x_wconf 87' lang='lat' dir='ltr'><strong>sine</strong></span> 
     </span>
     <span class='ocr_line' id='line_1_26' title="bbox 360 2343 2047 2418; baseline -0.002 -21"><span class='ocrx_word' id='word_1_191' title='bbox 360 2347 640 2418; x_wconf 78' lang='lat' dir='ltr'><strong>futurarum</strong></span> <span class='ocrx_word' id='word_1_192' title='bbox 675 2351 724 2395; x_wconf 90' lang='lat' dir='ltr'><strong>et</strong></span> <span class='ocrx_word' id='word_1_193' title='bbox 757 2347 1078 2395; x_wconf 88' lang='lat' dir='ltr'><strong>remotiorum</strong></span> <span class='ocrx_word' id='word_1_194' title='bbox 1113 2351 1279 2395; x_wconf 89' lang='lat' dir='ltr'><strong>rerum</strong></span> <span class='ocrx_word' id='word_1_195' title='bbox 1314 2347 1650 2410; x_wconf 89' lang='lat' dir='ltr'><strong>praedictione</strong></span> <span class='ocrx_word' id='word_1_196' title='bbox 1684 2347 1911 2409; x_wconf 87' lang='lat' dir='ltr'><strong>negabat.</strong></span> <span class='ocrx_word' id='word_1_197' title='bbox 1977 2343 2047 2393; x_wconf 80' lang='lat' dir='ltr'><strong>Et</strong></span> 
     </span>
     <span class='ocr_line' id='line_1_27' title="bbox 361 2424 2047 2492; baseline -0.002 -17"><span class='ocrx_word' id='word_1_198' title='bbox 361 2428 472 2492; x_wconf 89' lang='lat' dir='ltr'><strong>quis</strong></span> <span class='ocrx_word' id='word_1_199' title='bbox 503 2428 699 2492; x_wconf 88' lang='lat' dir='ltr'><strong>ignorat</strong></span> <span class='ocrx_word' id='word_1_200' title='bbox 731 2427 918 2474; x_wconf 89' lang='lat' dir='ltr'><strong>animos</strong></span> <span class='ocrx_word' id='word_1_201' title='bbox 966 2426 1017 2473; x_wconf 87' lang='lat' dir='ltr'><strong>in</strong></span> <span class='ocrx_word' id='word_1_202' title='bbox 1050 2427 1305 2490; x_wconf 88' lang='lat' dir='ltr'><strong>praesenti</strong></span> <span class='ocrx_word' id='word_1_203' title='bbox 1348 2431 1527 2475; x_wconf 82' lang='lat' dir='ltr'><strong>eventu</strong></span> <span class='ocrx_word' id='word_1_204' title='bbox 1573 2442 1820 2490; x_wconf 87' lang='lat' dir='ltr'><strong>nunquam</strong></span> <span class='ocrx_word' id='word_1_205' title='bbox 1846 2424 2047 2488; x_wconf 87' lang='lat' dir='ltr'><strong>acquie—</strong></span> 
     </span>
     <span class='ocr_line' id='line_1_28' title="bbox 362 2505 2048 2570; baseline -0.002 -14"><span class='ocrx_word' id='word_1_206' title='bbox 362 2523 530 2566; x_wconf 90' lang='lat' dir='ltr'><strong>scere,</strong></span> <span class='ocrx_word' id='word_1_207' title='bbox 566 2506 654 2554; x_wconf 90' lang='lat' dir='ltr'><strong>sed</strong></span> <span class='ocrx_word' id='word_1_208' title='bbox 688 2506 905 2570; x_wconf 91' lang='lat' dir='ltr'><strong>reliquos</strong></span> <span class='ocrx_word' id='word_1_209' title='bbox 941 2521 1138 2570; x_wconf 90' lang='lat' dir='ltr'><strong>quoque</strong></span> <span class='ocrx_word' id='word_1_210' title='bbox 1170 2508 1297 2555; x_wconf 87' lang='lat' dir='ltr'><strong>vitae</strong></span> <span class='ocrx_word' id='word_1_211' title='bbox 1331 2523 1473 2555; x_wconf 89' lang='lat' dir='ltr'><strong>casus</strong></span> <span class='ocrx_word' id='word_1_212' title='bbox 1507 2507 1778 2567; x_wconf 90' lang='lat' dir='ltr'><strong>hominum,</strong></span> <span class='ocrx_word' id='word_1_213' title='bbox 1812 2520 1937 2569; x_wconf 87' lang='lat' dir='ltr'><strong>quos</strong></span> <span class='ocrx_word' id='word_1_214' title='bbox 1968 2505 2048 2554; x_wconf 84' lang='lat' dir='ltr'><strong>vel</strong></span> 
     </span>
     <span class='ocr_line' id='line_1_29' title="bbox 361 2584 2046 2650; baseline -0.001 -15"><span class='ocrx_word' id='word_1_215' title='bbox 361 2587 632 2636; x_wconf 87' lang='lat' dir='ltr'><strong>adamarint</strong></span> <span class='ocrx_word' id='word_1_216' title='bbox 686 2586 766 2634; x_wconf 87' lang='lat' dir='ltr'><strong>vel</strong></span> <span class='ocrx_word' id='word_1_217' title='bbox 825 2586 1054 2644; x_wconf 88' lang='lat' dir='ltr'><strong>oderint,</strong></span> <span class='ocrx_word' id='word_1_218' title='bbox 1112 2587 1394 2635; x_wconf 89' lang='lat' dir='ltr'><strong>summatim</strong></span> <span class='ocrx_word' id='word_1_219' title='bbox 1446 2602 1748 2650; x_wconf 89' lang='lat' dir='ltr'><strong>cognoscere</strong></span> <span class='ocrx_word' id='word_1_220' title='bbox 1802 2584 2046 2634; x_wconf 63' lang='lat' dir='ltr'><strong>studere?</strong></span> 
     </span>
     <span class='ocr_line' id='line_1_30' title="bbox 360 2664 2044 2730; baseline -0.001 -15"><span class='ocrx_word' id='word_1_221' title='bbox 360 2667 720 2716; x_wconf 87' lang='lat' dir='ltr'><strong>Praedicuntur</strong></span> <span class='ocrx_word' id='word_1_222' title='bbox 753 2666 920 2715; x_wconf 87' lang='lat' dir='ltr'><strong>futura</strong></span> <span class='ocrx_word' id='word_1_223' title='bbox 953 2667 1004 2713; x_wconf 90' lang='lat' dir='ltr'><strong>in</strong></span> <span class='ocrx_word' id='word_1_224' title='bbox 1041 2666 1207 2727; x_wconf 85' lang='lat' dir='ltr'><strong>Iliade,</strong></span> <span class='ocrx_word' id='word_1_225' title='bbox 1241 2667 1290 2714; x_wconf 93' lang='lat' dir='ltr'><strong>in</strong></span> <span class='ocrx_word' id='word_1_226' title='bbox 1317 2667 1559 2730; x_wconf 84' lang='lat' dir='ltr'><strong>Odyssea,</strong></span> <span class='ocrx_word' id='word_1_227' title='bbox 1591 2668 1639 2715; x_wconf 91' lang='lat' dir='ltr'><strong>in</strong></span> <span class='ocrx_word' id='word_1_228' title='bbox 1674 2666 1899 2715; x_wconf 88' lang='lat' dir='ltr'><strong>omnibus</strong></span> <span class='ocrx_word' id='word_1_229' title='bbox 1933 2664 2044 2714; x_wconf 88' lang='lat' dir='ltr'><strong>fere</strong></span> 
     </span>
     <span class='ocr_line' id='line_1_31' title="bbox 361 2746 2042 2811; baseline -0.002 -14"><span class='ocrx_word' id='word_1_230' title='bbox 361 2748 660 2797; x_wconf 90' lang='lat' dir='ltr'><strong>carminibus</strong></span> <span class='ocrx_word' id='word_1_231' title='bbox 697 2747 885 2811; x_wconf 84' lang='lat' dir='ltr'><strong>epicis:</strong></span> <span class='ocrx_word' id='word_1_232' title='bbox 931 2746 1100 2810; x_wconf 88' lang='lat' dir='ltr'><strong>quidni</strong></span> <span class='ocrx_word' id='word_1_233' title='bbox 1142 2747 1426 2810; x_wconf 88' lang='lat' dir='ltr'><strong>tragoediae</strong></span> <span class='ocrx_word' id='word_1_234' title='bbox 1467 2746 1599 2794; x_wconf 92' lang='lat' dir='ltr'><strong>idem</strong></span> <span class='ocrx_word' id='word_1_235' title='bbox 1646 2746 1907 2795; x_wconf 84' lang='lat' dir='ltr'><strong>convenire</strong></span> <span class='ocrx_word' id='word_1_236' title='bbox 1940 2747 2042 2794; x_wconf 80' lang='lat' dir='ltr'><strong>sta-</strong></span> 
     </span>
     <span class='ocr_line' id='line_1_32' title="bbox 362 2823 2042 2896; baseline -0.004 -19"><span class='ocrx_word' id='word_1_237' title='bbox 362 2829 594 2878; x_wconf 56' lang='lat' dir='ltr'><strong>tuamus‘i</strong></span> <span class='ocrx_word' id='word_1_238' title='bbox 660 2826 916 2896; x_wconf 78' lang='lat' dir='ltr'><strong>Euripidis</strong></span> <span class='ocrx_word' id='word_1_239' title='bbox 963 2831 1101 2875; x_wconf 90' lang='lat' dir='ltr'><strong>certe</strong></span> <span class='ocrx_word' id='word_1_240' title='bbox 1143 2826 1326 2875; x_wconf 88' lang='lat' dir='ltr'><strong>fabulis</strong></span> <span class='ocrx_word' id='word_1_241' title='bbox 1361 2827 1542 2891; x_wconf 88' lang='lat' dir='ltr'><strong>epilogi</strong></span> <span class='ocrx_word' id='word_1_242' title='bbox 1577 2825 1863 2875; x_wconf 89' lang='lat' dir='ltr'><strong>huiusmodi</strong></span> <span class='ocrx_word' id='word_1_243' title='bbox 1895 2823 2042 2890; x_wconf 85' lang='lat' dir='ltr'><strong>plane</strong></span> 
     </span>
     <span class='ocr_line' id='line_1_33' title="bbox 361 2906 2043 2970; baseline -0.004 -12"><span class='ocrx_word' id='word_1_244' title='bbox 361 2908 629 2958; x_wconf 88' lang='lat' dir='ltr'><strong>necessarii</strong></span> <span class='ocrx_word' id='word_1_245' title='bbox 676 2923 789 2955; x_wconf 87' lang='lat' dir='ltr'><strong>esse</strong></span> <span class='ocrx_word' id='word_1_246' title='bbox 835 2907 1091 2967; x_wconf 86' lang='lat' dir='ltr'><strong>videntur,</strong></span> <span class='ocrx_word' id='word_1_247' title='bbox 1150 2911 1205 2955; x_wconf 91' lang='lat' dir='ltr'><strong>ut</strong></span> <span class='ocrx_word' id='word_1_248' title='bbox 1263 2908 1326 2955; x_wconf 91' lang='lat' dir='ltr'><strong>sit</strong></span> <span class='ocrx_word' id='word_1_249' title='bbox 1364 2907 1503 2970; x_wconf 88' lang='lat' dir='ltr'><strong>&#39;quod</strong></span> <span class='ocrx_word' id='word_1_250' title='bbox 1561 2906 1833 2970; x_wconf 84' lang='lat' dir='ltr'><strong>prooemiis</strong></span> <span class='ocrx_word' id='word_1_251' title='bbox 1892 2909 2043 2967; x_wconf 86' lang='lat' dir='ltr'><strong>atque</strong></span> 
     </span>
     <span class='ocr_line' id='line_1_34' title="bbox 360 2987 2040 3051; baseline -0.004 -14"><span class='ocrx_word' id='word_1_252' title='bbox 360 2988 627 3037; x_wconf 88' lang='lat' dir='ltr'><strong>narrationi</strong></span> <span class='ocrx_word' id='word_1_253' title='bbox 658 3003 825 3036; x_wconf 89' lang='lat' dir='ltr'><strong>rerum</strong></span> <span class='ocrx_word' id='word_1_254' title='bbox 861 2987 1080 3051; x_wconf 90' lang='lat' dir='ltr'><strong>priorum</strong></span> <span class='ocrx_word' id='word_1_255' title='bbox 1117 2988 1254 3050; x_wconf 87' lang='lat' dir='ltr'><strong>quasi</strong></span> <span class='ocrx_word' id='word_1_256' title='bbox 1279 3003 1340 3035; x_wconf 86' lang='lat' dir='ltr'><strong>ex</strong></span> <span class='ocrx_word' id='word_1_257' title='bbox 1364 2987 1570 3036; x_wconf 89' lang='lat' dir='ltr'><strong>adverso</strong></span> <span class='ocrx_word' id='word_1_258' title='bbox 1591 2987 1806 3050; x_wconf 88' lang='lat' dir='ltr'><strong>positum</strong></span> <span class='ocrx_word' id='word_1_259' title='bbox 1831 2999 2040 3049; x_wconf 80' lang='lat' dir='ltr'><strong>respon-</strong></span> 
     </span>
    </p>
   </div>
   <div class='ocr_carea' id='block_1_3' title="bbox 360 3069 493 3119">
    <p class='ocr_par' dir='ltr' id='par_1_3' title="bbox 360 3069 493 3119">
     <span class='ocr_line' id='line_1_35' title="bbox 360 3069 493 3119; baseline 0.008 -1"><span class='ocrx_word' id='word_1_260' title='bbox 360 3069 493 3119; x_wconf 88' lang='lat' dir='ltr'><strong>deat.</strong></span> 
     </span>
    </p>
   </div>
   <div class='ocr_carea' id='block_1_4' title="bbox 495 3265 2038 3527">
    <p class='ocr_par' dir='ltr' id='par_1_4' title="bbox 495 3265 2038 3527">
     <span class='ocr_line' id='line_1_36' title="bbox 495 3265 2038 3327; baseline -0.006 -12"><span class='ocrx_word' id='word_1_261' title='bbox 495 3271 653 3327; x_wconf 85' lang='lat' dir='ltr'><strong>inquit,</strong></span> <span class='ocrx_word' id='word_1_262' title='bbox 682 3284 711 3311; x_wconf 90' lang='lat' dir='ltr'><strong>n</strong></span> <span class='ocrx_word' id='word_1_263' title='bbox 723 3283 803 3312; x_wconf 86' lang='lat' dir='ltr'><strong>am</strong></span> <span class='ocrx_word' id='word_1_264' title='bbox 830 3270 994 3311; x_wconf 87' lang='lat' dir='ltr'><strong>nimis</strong></span> <span class='ocrx_word' id='word_1_265' title='bbox 1022 3272 1201 3312; x_wconf 84' lang='lat' dir='ltr'><strong>multa</strong></span> <span class='ocrx_word' id='word_1_266' title='bbox 1222 3269 1369 3311; x_wconf 84' lang='lat' dir='ltr'><strong>mihi</strong></span> <span class='ocrx_word' id='word_1_267' title='bbox 1388 3268 1455 3324; x_wconf 86' lang='lat' dir='ltr'><strong>(in</strong></span> <span class='ocrx_word' id='word_1_268' title='bbox 1474 3265 1716 3322; x_wconf 88' lang='lat' dir='ltr'><strong>perniciem</strong></span> <span class='ocrx_word' id='word_1_269' title='bbox 1731 3265 1905 3320; x_wconf 78' lang='lat' dir='ltr'><strong>meam)</strong></span> <span class='ocrx_word' id='word_1_270' title='bbox 1927 3266 2038 3307; x_wconf 83' lang='lat' dir='ltr'><strong>iam</strong></span> 
     </span>
     <span class='ocr_line' id='line_1_37' title="bbox 498 3335 2037 3392; baseline -0.005 -8"><span class='ocrx_word' id='word_1_271' title='bbox 498 3357 526 3386; x_wconf 84' lang='lat' dir='ltr'><strong>a</strong></span> <span class='ocrx_word' id='word_1_272' title='bbox 539 3347 636 3385; x_wconf 88' lang='lat' dir='ltr'><strong>nte</strong></span> <span class='ocrx_word' id='word_1_273' title='bbox 647 3355 676 3384; x_wconf 85' lang='lat' dir='ltr'><strong>a.</strong></span> <span class='ocrx_word' id='word_1_274' title='bbox 705 3355 729 3382; x_wconf 84' lang='lat' dir='ltr'><strong>c</strong></span> <span class='ocrx_word' id='word_1_275' title='bbox 740 3355 803 3382; x_wconf 84' lang='lat' dir='ltr'><strong>ur</strong></span> <span class='ocrx_word' id='word_1_276' title='bbox 814 3341 879 3382; x_wconf 82' lang='lat' dir='ltr'><strong>ab</strong></span> <span class='ocrx_word' id='word_1_277' title='bbox 894 3354 921 3382; x_wconf 82' lang='lat' dir='ltr'><strong>a</strong></span> <span class='ocrx_word' id='word_1_278' title='bbox 934 3354 970 3381; x_wconf 84' lang='lat' dir='ltr'><strong>s.</strong></span> <span class='ocrx_word' id='word_1_279' title='bbox 1029 3341 1156 3382; x_wconf 85' lang='lat' dir='ltr'><strong>Haec</strong></span> <span class='ocrx_word' id='word_1_280' title='bbox 1186 3354 1240 3382; x_wconf 88' lang='lat' dir='ltr'><strong>eo</strong></span> <span class='ocrx_word' id='word_1_281' title='bbox 1277 3340 1552 3390; x_wconf 86' lang='lat' dir='ltr'><strong>referuntur,</strong></span> <span class='ocrx_word' id='word_1_282' title='bbox 1598 3337 1715 3392; x_wconf 88' lang='lat' dir='ltr'><strong>quod</strong></span> <span class='ocrx_word' id='word_1_283' title='bbox 1758 3336 1916 3379; x_wconf 81' lang='lat' dir='ltr'><strong>cistam</strong></span> <span class='ocrx_word' id='word_1_284' title='bbox 1951 3335 2037 3377; x_wconf 80' lang='lat' dir='ltr'><strong>sibi</strong></span> 
     </span>
     <span class='ocr_line' id='line_1_38' title="bbox 498 3405 2036 3467; baseline -0.007 -11"><span class='ocrx_word' id='word_1_285' title='bbox 498 3418 649 3457; x_wconf 82' lang='lat' dir='ltr'><strong>notam</strong></span> <span class='ocrx_word' id='word_1_286' title='bbox 677 3427 775 3455; x_wconf 89' lang='lat' dir='ltr'><strong>esse</strong></span> <span class='ocrx_word' id='word_1_287' title='bbox 804 3411 1079 3467; x_wconf 84' lang='lat' dir='ltr'><strong>significavit</strong></span> <span class='ocrx_word' id='word_1_288' title='bbox 1106 3412 1295 3463; x_wconf 82' lang='lat' dir='ltr'><strong>Creusa,</strong></span> <span class='ocrx_word' id='word_1_289' title='bbox 1335 3413 1380 3451; x_wconf 81' lang='lat' dir='ltr'><strong>et</strong></span> <span class='ocrx_word' id='word_1_290' title='bbox 1419 3409 1631 3466; x_wconf 82' lang='lat' dir='ltr'><strong>ambigue</strong></span> <span class='ocrx_word' id='word_1_291' title='bbox 1666 3408 1789 3452; x_wconf 78' lang='lat' dir='ltr'><strong>dicta</strong></span> <span class='ocrx_word' id='word_1_292' title='bbox 1815 3409 1917 3450; x_wconf 81' lang='lat' dir='ltr'><strong>sunt</strong></span> <span class='ocrx_word' id='word_1_293' title='bbox 1955 3405 2036 3456; x_wconf 90' lang='lat' dir='ltr'><strong>sic,</strong></span> 
     </span>
     <span class='ocr_line' id='line_1_39' title="bbox 497 3481 1445 3527; baseline -0.005 -2"><span class='ocrx_word' id='word_1_294' title='bbox 497 3488 546 3527; x_wconf 89' lang='lat' dir='ltr'><strong>ut</strong></span> <span class='ocrx_word' id='word_1_295' title='bbox 572 3498 731 3527; x_wconf 78' lang='lat' dir='ltr'><strong>verum</strong></span> <span class='ocrx_word' id='word_1_296' title='bbox 754 3481 916 3525; x_wconf 82' lang='lat' dir='ltr'><strong>inscius</strong></span> <span class='ocrx_word' id='word_1_297' title='bbox 945 3482 1145 3526; x_wconf 83' lang='lat' dir='ltr'><strong>enuntiet</strong></span> <span class='ocrx_word' id='word_1_298' title='bbox 1170 3482 1445 3525; x_wconf 84' lang='lat' dir='ltr'><strong>adolescens.</strong></span> 
     </span>
    </p>
   </div>
  </div>
 </body>
</html>
