2176 3874
969 283 1092 340 487

183 432 378 483 licitum
412 445 526 481 esse
559 432 853 496 putabatur,
889 435 943 499 et
970 435 1109 481 tanto
1142 432 1298 495 magis
1340 430 1651 492 necessario,
1698 435 1879 495 quanto

183 511 480 580 generosior
514 512 583 561 sit
615 502 821 573 mulier,
847 511 1011 561 scelus
1045 511 1232 576 patrari
1265 511 1529 575 intelliges.

318 591 540 641 Triviam
586 593 784 643 invocat
829 592 1039 652 ehoruS,
1088 597 1144 640 ut
1186 591 1372 642 laetum
1418 591 1608 656 coeptis
1656 589 1878 661 Creusae

183 687 471 723 successum
507 673 593 722 det
620 672 705 734 *):
754 672 938 722 etenim
984 672 1113 720 hanc
1147 673 1325 736 laqueo
1358 673 1499 738 prius
1531 671 1683 720 vitam
1726 671 1876 720 abru-

179 757 380 819 pturam
399 768 531 811 esse,
552 770 699 818 quam
719 768 991 817 passuram,
1026 751 1082 800 ut
1106 754 1398 817 peregrinus
1416 767 1622 816 regnum
1646 751 1875 800 domum-

181 848 280 897 que
298 837 555 898 paternam
584 838 809 899 occupet,
834 839 883 880 et
906 832 1273 897 indignaturum
1293 849 1405 882 esse
1429 833 1579 882 etiam
1604 831 1874 894 Bacchum,

181 913 228 962 si
247 913 403 963 sacris
426 914 530 963 suis
556 914 810 964 nocturnis
824 912 927 976 ss),
964 913 1141 977 quibus
1160 918 1211 961 et
1242 913 1417 962 stellae
1443 919 1495 961 et
1518 913 1632 960 luna
1651 918 1703 960 et
1728 927 1872 976 nym-

178 993 312 1059 phae
345 994 621 1056 laetentur,
672 995 923 1043 interesse
956 994 1120 1043 videat
1154 1009 1348 1042 servum
1383 1008 1559 1056 vagum
1593 992 1726 1056 regis
1760 1007 1871 1042 mu-

179 1074 380 1124 neribus
423 1068 729 1138 fungentem.
797 1073 975 1124 Iniuria
1017 1080 1183 1124 autem
1224 1064 1465 1123 ¹'mulieres
1517 1072 1733 1122 libidinis
1787 1089 1870 1121 ac-

179 1155 373 1215 cusari,
421 1171 534 1205 eum
568 1154 728 1204 Xuthi
760 1155 941 1205 iniuria
971 1155 1151 1206 nullius
1185 1155 1407 1204 mulieris
1441 1153 1765 1220 improbitate
1797 1153 1870 1202 le-

178 1234 286 1284 vior
317 1235 400 1286 sit.

310 1314 526 1377 Quartus
559 1320 699 1364 actus
729 1316 1060 1384 narrationem
1092 1315 1247 1366 habet
1269 1315 1491 1377 convivii,
1514 1315 1564 1364 in
1587 1330 1684 1379 quo
1715 1329 1869 1364 senex

175 1394 347 1444 Ionem
384 1395 671 1445 interficere
709 1402 913 1445 conatus
954 1398 1030 1446 sit.
1081 1398 1124 1446 A
1154 1413 1252 1461 quo
1283 1397 1501 1446 convivio
1536 1394 1740 1444 Xuthus
1781 1394 1868 1443 ab·

174 1473 335 1524 fuisse
368 1476 571 1540 fingitur
598 1477 731 1539 ideo,
768 1478 916 1542 quod,
952 1479 995 1526 si
1014 1477 1342 1538 interfuisset,
1374 1493 1472 1526 non
1494 1476 1739 1542 potuisset
1771 1489 1870 1523 non

171 1556 439 1605 maximum
483 1572 651 1605 rerum
697 1563 1002 1607 momentum
1048 1557 1217 1607 facere
1263 1563 1313 1607 et
1346 1557 1478 1607 Ionis
1512 1571 1756 1622 personae
1790 1553 1869 1604 of-

174 1635 344 1684 ficere.
410 1636 518 1685 Diis
552 1637 705 1700 igitur
739 1638 1043 1702 genitoribus
1076 1639 1126 1687 in
1164 1654 1357 1687 summo
1391 1638 1578 1686 montis
1613 1636 1869 1686 cacumine

176 1715 453 1775 sacrificat,
508 1715 627 1764 dum
661 1716 712 1764 in
760 1717 1012 1766 radicibus
1054 1718 1188 1766 filius
1236 1719 1371 1766 cives
1406 1717 1628 1766 convivio
1663 1715 1864 1780 excipit.

174 1795 574 1845 Tabernaeulnm
607 1796 692 1844 hic
726 1796 985 1846 collocavit
1029 1798 1155 1846 tanti
1201 1799 1374 1861 spatii,
1423 1798 1595 1861 quanti
1642 1797 1868 1846 solebant

174 1891 290 1925 esse
322 1876 551 1938 theatra,
598 1893 759 1941 eoque
793 1878 916 1938 situ,
953 1877 1037 1941 qui
1071 1882 1123 1926 et
1155 1877 1480 1927 meridianum
1515 1882 1568 1927 et
1602 1877 1865 1926 occiduum

171 1955 330 2005 solem
364 1956 690 2019 defenderet3
736 1973 826 2022 pro
861 1963 998 2007 tecto
1032 1974 1150 2007 usus
1188 1962 1265 2006 est
1299 1958 1483 2007 aulaeis
1519 1959 1674 2007 sacris
1707 1957 1867 2005 dona-

169 2037 378 2089 riorum.
445 2038 514 2087 Et
547 2037 744 2086 culmen
778 2038 978 2101 quidem
1014 2039 1306 2088 convestivit
1339 2038 1508 2104 peplo,
1545 2055 1695 2104 quem
1727 2037 1866 2086 Her-

167 2117 310 2166 cules
345 2132 408 2166 ex
439 2118 773 2167 Amazonibus
807 2118 1072 2179 retulerat,
1109 2120 1160 2168 in
1194 2134 1291 2183 quo
1327 2119 1525 2188 coelum
1557 2135 1668 2168 cum
1704 2116 1866 2166 stellis

169 2197 424 2262 depictum
459 2203 594 2247 erat:
640 2199 761 2246 solis
810 2198 940 2248 enim
991 2205 1044 2249 et
1075 2200 1222 2248 lunae
1272 2204 1325 2248 et
1356 2199 1517 2247 noctis
1567 2203 1620 2247 et
1653 2212 1866 2246 aurorae

167 2293 415 2342 personae
449 2295 564 2327 cum
599 2279 821 2328 siderum
847 2280 1000 2345 signis
1026 2281 1429 2332 ostendebantur.
1495 2279 1551 2328 In
1585 2277 1862 2344 parietibus

172 2362 339 2406 autem
374 2373 615 2422 expressa
647 2364 754 2407 erat
789 2357 1100 2408 Graecorum
1135 2367 1187 2410 et
1220 2362 1542 2411 barbarorum
1576 2374 1741 2424 pugna
1774 2372 1863 2405 na-

168 2436 292 2486 valis
336 2442 387 2485 et
430 2443 650 2486 monstra
700 2438 923 2487 ferarum
959 2438 1204 2488 debellata
1240 2440 1373 2504 (sine
1407 2440 1557 2489 dubio
1606 2436 1862 2498 Centauri,

168 2518 284 2581 equi
318 2515 602 2576 Diomedis,
650 2534 796 2567 cerva
842 2518 1064 2582 aeripes,
1112 2518 1194 2568 leo
1228 2517 1553 2581 Nemeaeus).
1620 2516 1859 2565 Herculis

164 2599 315 2661 igitur
336 2597 605 2646 certamina
639 2614 751 2645 cum
785 2614 953 2665 pugn-a
971 2598 1238 2648 Salaminia
1266 2600 1526 2648 coniuncta
1560 2601 1719 2647 erant.
1789 2595 1858 2643 Et

163 2679 292 2728 haec
329 2678 492 2727 omnia
527 2678 833 2726 Amazonum
875 2684 985 2727 arte
1032 2694 1268 2744 expressa
1314 2680 1473 2729 fuisse
1505 2677 1649 2726 finxit
1694 2679 1859 2740 poeta,

163 2759 298 2808 uude
341 2758 723 2808 Atheniensium
781 2758 989 2807 virtutes
1046 2776 1145 2808 non
1188 2760 1381 2818 minus,
1433 2774 1579 2823 quam
1625 2755 1860 2804 Herculis

163 2838 389 2904 gloriam,
414 2853 505 2904 per
530 2844 691 2887 totum
709 2838 877 2886 orbem
895 2840 1174 2905 divulgatas
1199 2840 1361 2890 fuisse
1391 2839 1721 2901 colligeretur.
1756 2834 1857 2884 De-

164 2919 316 2984 nique
358 2918 439 2966 his
485 2919 791 2966 Amazonum
838 2920 1075 2982 operibus
1123 2937 1186 2969 ex
1230 2922 1440 2970 adverso
1487 2917 1706 2983 positum
1751 2921 1860 2964 erat

164 2999 485 3052 Atheniensis
530 2998 784 3047 cuiusdam
821 2999 1104 3061 donarium,
1149 3001 1200 3050 in
1245 3017 1342 3065 quo
1379 3000 1631 3062 CecropS,
1676 2996 1857 3061 partim

222 3134 274 3190 *J
302 3132 538 3176 Itineribus
562 3138 606 3176 et
625 3148 775 3176 rerum
799 3132 935 3180 initiis
954 3146 1039 3175 non
1053 3134 1200 3175 minus
1214 3133 1374 3185 Diana,
1404 3145 1520 3187 quae
1541 3130 1700 3174 Trivia
1721 3133 1858 3185 atque

303 3199 491 3247 Ένοδιά
530 3204 786 3258 dicebatur,
829 3218 963 3259 quam
999 3204 1182 3259 Apollo,
1222 3217 1355 3258 quem
1394 3217 1475 3258 pro
1517 3203 1627 3245 Iano
1669 3200 1857 3244 Graecis

303 3274 444 3317 fuisse
475 3275 682 3327 diximus,
710 3276 942 3331 praefecta
970 3279 1080 3318 erat.
1138 3276 1230 3318 Sed
1257 3275 1334 3317 hic
1362 3273 1532 3316 diurnis
1559 3278 1691 3328 atque
1722 3269 1855 3327 aper-

305 3344 388 3397 tis,
424 3344 509 3389 illa
535 3347 759 3391 nocturnis
797 3350 931 3400 atque
969 3346 1254 3389 clandestinis
1290 3345 1481 3401 inceptis
1522 3344 1853 3400 auspicabatur.

197 3413 274 3469 ss'ss)
298 3409 465 3469 ὄψεται
496 3415 682 3474 ἔννυχος
711 3413 890 3467 ἄϋπνος
918 3412 984 3460 α’)’ν
1024 3417 1080 3459 de
1107 3418 1293 3460 Baccho
1334 3417 1503 3461 dictum
1546 3419 1633 3469 est,
1676 3427 1763 3457 uon
1800 3414 1855 3455 de

308 3484 432 3542 Ione,
458 3485 506 3531 id
534 3490 652 3545 quod
679 3489 882 3545 plerique
911 3487 1128 3544 suspicati
1155 3492 1269 3533 sunt.
