2144 3854
953 269 1070 328 281

296 419 411 483 „Te
447 417 628 469 Peleus
661 422 787 466 nato
817 430 1047 466 socerum
1081 422 1133 465 et
1171 413 1346 464 Thetis
1367 414 1570 482 hospita
1589 414 1825 482 iungunt,

296 500 649 566 Allegantque
679 512 795 546 suos
827 502 1042 563 utroque
1077 512 1110 544 a
1140 496 1395 561 sanguine
1428 494 1570 546 divos
1603 501 1697 546 etc.

296 579 413 629 Iam
445 594 589 628 socer
614 594 684 626 eS.
741 575 942 626 Natum
970 582 1095 624 ante
1112 574 1277 642 pedes
1293 577 1535 642 proiecit,
1572 583 1623 626 et
1648 575 1826 627 addit.-

299 659 514 726 Iamque
549 663 722 707 avus.”

294 739 478 801 „Tunc
527 737 692 804 epulis
739 739 1001 784 consumta
1036 734 1174 795 dies,
1219 733 1528 801 tandemque
1569 742 1831 802 receptum

297 801 544 875 Foedus}
570 823 621 865 et
654 813 934 881 intrepidos
967 829 1071 862 noa·
1105 815 1308 863 conscia
1341 816 1512 880 iungit
1547 816 1832 865 amantes.''

295 896 517 963 Simplici
564 899 850 962 argumento
898 907 1016 942 usus
1063 900 1140 943 est
1198 892 1497 959 Sophocles,
1558 897 1833 960 composito

166 977 443 1043 Euripides,
510 975 621 1026 Non
651 975 780 1024 enim
816 974 936 1022 satis
955 974 1127 1022 habuit
1151 974 1234 1022 hic
1267 975 1562 1036 ostendisse,
1588 975 1834 1038 quomodo

165 1059 242 1107 vir
274 1059 403 1108 inter
432 1057 642 1120 virgines
687 1055 844 1103 latens
890 1054 1116 1102 detectus
1161 1059 1329 1112 esset,
1379 1054 1497 1118 quin
1539 1055 1835 1105 admisceret

166 1138 316 1187 etiam
351 1137 552 1186 alteram
589 1135 942 1199 cognitionem,
991 1150 1084 1198 qua
1127 1151 1249 1184 uxor
1281 1135 1411 1184 inter
1443 1135 1632 1199 puellas
1675 1135 1835 1184 latens

165 1217 500 1283 detegeretur.
567 1213 745 1263 Tenuit
776 1214 926 1278 igitur
947 1215 1094 1264 etiam
1119 1215 1168 1263 in
1192 1215 1285 1263 hac
1307 1214 1471 1264 fabula
1499 1214 1837 1281 componenda

163 1296 440 1346 institutum
475 1311 634 1355 suum,
670 1310 766 1359 quo
797 1310 963 1343 rerum
996 1296 1231 1344 varietate
1279 1300 1329 1343 et
1362 1296 1502 1360 copia
1538 1294 1726 1344 fabulas
1761 1294 1837 1342 di—

165 1377 417 1443 stinguere
460 1381 511 1425 et
553 1377 710 1424 vitare
758 1375 977 1440 priorum
1011 1380 1265 1439 poetarum
1300 1374 1630 1424 assiduitatem
1666 1374 1837 1424 stude-

165 1458 264 1509 bat.
332 1458 386 1506 In
421 1458 741 1506 obscenos
791 1455 966 1503 risus
1010 1454 1133 1503 hanc
1167 1454 1473 1519 tragoediam
1522 1454 1838 1504 deflexam

167 1553 282 1588 esse
312 1542 527 1587 testatur
561 1535 765 1584 Ovidius
801 1534 834 1584 Ι.
869 1534 924 1593 1.,
978 1533 1030 1581 id
1080 1536 1212 1599 quod
1247 1535 1392 1583 etiam
1428 1535 1535 1584 sine
1568 1534 1662 1584 hoc
1694 1535 1839 1584 testi-

167 1618 331 1668 monio
365 1632 428 1666 ex
459 1616 683 1681 reliquiis
717 1614 993 1680 intelligere
1025 1614 1214 1664 liceret.
1284 1616 1576 1679 Ambiguum
1611 1616 1740 1664 enim
1778 1615 1839 1663 il-

169 1698 256 1748 lud
287 1693 422 1760 πρὸς
451 1698 584 1755 τοῦς
617 1700 669 1744 et
699 1695 856 1743 febris
890 1694 1196 1759 laterumque
1229 1695 1412 1744 doloris
1446 1695 1738 1761 significatio
1777 1695 1841 1745 ad

168 1778 322 1827 risum
354 1776 649 1826 movendum
682 1774 935 1840 aptissima
968 1780 1108 1835 sunt3
1153 1780 1258 1824 tum
1299 1775 1407 1840 ipse
1451 1769 1717 1840 adspectus
1751 1777 1843 1826 viri

141 1855 260 1926 ‘pro
293 1857 481 1922 virgine
513 1856 699 1905 venditi
732 1860 784 1903 et
817 1854 947 1904 inter
966 1856 1178 1919 virgines
1203 1855 1446 1904 versantis
1478 1861 1530 1904 et
1551 1871 1645 1905 una
1672 1873 1840 1907 earum

168 1936 554 1988 familiarissime
587 1935 768 1985 utentis
803 1950 898 1983 non
946 1935 1104 1983 solum
1148 1935 1352 1984 ridicula
1398 1951 1510 1996 rea,
1558 1936 1645 1984 sed
1694 1938 1841 1987 etiam

170 2018 384 2067 obscena
419 2020 540 2065 erat.
607 2015 871 2064 Sufficeret
904 2014 1054 2080 igitur
1088 2014 1165 2063 vel
1197 2014 1294 2063 hoc
1329 2015 1606 2080 exemplum
1636 2033 1744 2066 cum
1763 2024 1840 2067 te-

169 2097 401 2147 stimonio
448 2095 607 2161 Ovidii
650 2094 712 2143 ad
762 2094 1192 2144 demonstrandam
1236 2110 1344 2143 rem
1391 2095 1592 2144 minime
1644 2097 1844 2147 dubiam

169 2194 228 2228 ac
273 2176 564 2227 certissimis
607 2175 703 2223 iam
753 2174 1050 2223 testimoniis
1085 2174 1462 2236 confirmatam‚.
1497 2175 1656 2225 fuisse
1688 2177 1845 2240 quod·

170 2259 283 2308 dam
315 2257 534 2306 medium
566 2255 697 2304 inter
722 2254 964 2320 tragicum
995 2259 1048 2303 et
1075 2255 1344 2318 satyricum
1373 2255 1643 2304 dramatum
1668 2273 1844 2321 genus,

120 2360 123 2362 ·
170 2352 334 2402 neque
373 2351 571 2400 semper
633 2340 856 2399 quartam
903 2333 1275 2384 didascaliarum
1320 2336 1533 2384 fabulam
1580 2338 1845 2401 satyricam

171 2416 330 2466 fuisse
348 2451 363 2476 ,
395 2416 486 2464 sed
520 2415 810 2479 saepissime
843 2429 906 2462 ex
936 2415 1126 2480 tragica
1159 2419 1212 2463 et
1257 2416 1443 2464 comica
1487 2417 1713 2478 mixtam,
1766 2435 1845 2467 sa-

171 2495 299 2559 tyris
334 2499 598 2543 carentem.

305 2573 673 2623 Nobilissimum
695 2574 791 2622 hoc
819 2573 988 2622 drama
1006 2572 1165 2621 fuisse
1194 2589 1255 2622 ex
1279 2573 1604 2624 imitationum
1628 2580 1680 2625 et
1710 2592 1845 2626 com-

174 2653 581 2704 memorationum
614 2653 886 2717 frequentia
931 2643 1161 2717 apparet,
1214 2669 1418 2716 quarum
1462 2671 1605 2704 unam
1650 2662 1848 2720 praeter

175 2750 292 2794 eas,
329 2749 449 2799 quas
479 2749 628 2799 supra
652 2734 883 2792 diximus,
918 2733 1189 2797 protulisse
1223 2732 1441 2782 sufficiet
1471 2734 1641 2783 Bionis
1676 2738 1755 2798 15,
1787 2739 1847 2785 9:

308 2812 566 2876 Σκύριον,
603 2803 646 2862 ὦ
680 2811 905 2874 Λυκίδα,
941 2811 1075 2873 ζαλῶ
1111 2810 1284 2876 μέλος,
1318 2805 1456 2863 ἁδὺν
1491 2805 1720 2878 ’Ἑρωτα,

304 2894 523 2960 Λάθριοι
559 2891 827 2959 Πηλείδαο
863 2892 1158 2957 φιλάματα,
1188 2893 1415 2957 λάθριον
1448 2892 1637 2945 εὐνάν·

307 2976 435 3035 Πῶς
476 2977 597 3034 παῖς
633 2973 818 3025 ἕσσατο
855 2978 1044 3039 φᾶρος,
1083 2972 1227 3035 ὅπως
1261 2974 1308 3025 δ’
1342 2971 1598 3036 ἐψεύσατο
1632 2974 1850 3043 μορφὰν

308 3057 514 3118 Χῶπως
546 3052 604 3107 ἐν
637 3055 833 3119 κώραις
866 3054 1233 3120 Λυκομηδίσιν
1271 3054 1591 3123 ἄπαλέγοισοι

478 3176 489 3188 .
557 3137 598 3187 τ’
634 3135 874 3189 α’παστὸν
901 3129 1131 3203 Ἀχιλλέα
1165 3136 1479 3204 Δηϊδάμεια.
