2144 3854
1146 315 1268 372 274

517 465 614 515 Vix
648 477 791 511 socer
825 459 1071 527 Iphiclus,
1104 461 1192 509 vix
1226 477 1308 510 me
1338 460 1667 526 grandaevus
1699 463 1940 525 Acastus,

645 541 743 590 Vis
776 547 943 590 mater
974 540 1152 607 gelida
1186 547 1382 590 moesta
1415 543 1599 606 refecit
1621 559 1774 609 aqua.

503 622 741 688 Officium
762 622 947 685 secere
976 622 1138 686 pium,
1171 621 1265 670 sed
1298 622 1485 670 inutile
1517 622 1694 671 nobis.-

634 700 886 766 Indignor
918 701 1137 750 miserae
1169 717 1271 750 non
1304 703 1511 750 licuisse
1543 704 1690 751 mori.

513 778 578 828 Ut
613 779 771 828 rediit
808 780 1027 839 animus..v
1053 782 1256 847 pariter
1290 781 1493 830 rediere
1527 781 1760 832 dolores.-

639 858 855 908 Pectora
889 861 1148 925 legitimus
1184 869 1330 910 casta
1363 862 1632 910 momordit
1667 869 1858 912 amor.”

375 937 704 987 Consolationi
737 945 970 1004 paternae
1005 941 1127 988 haec
1159 941 1365 989 infuisse
1399 942 1652 990 videntur:

505 1014 773 1069 πέπονθεν
807 1011 893 1069 οἷα
925 1016 1013 1069 καὶ
1047 1017 1103 1068 σὲ
1134 1016 1225 1069 καὶ
1256 1018 1456 1080 πάντας
1487 1018 1647 1083 μένει.

507 1178 574 1228 οὐ
605 1180 775 1242 θαῦμ’
810 1176 1000 1241 ἔλεξας,
1033 1179 1239 1245 θνητὸν
1272 1181 1402 1230 ὄντα
1440 1179 1716 1246 δυςτυχεῖν

503 1338 650 1389 πόλλ’
685 1335 885 1397 ἐλπίδες
916 1337 1210 1398 ψεύδουσιν
1242 1337 1427 1405 ἄλογοι
1465 1338 1708 1406 βροτούς.

504 1419 694 1468 Deinde
727 1420 853 1468 intro
887 1420 1098 1469 abducta
1131 1425 1211 1470 est
1258 1421 1546 1483 Laodamia,
1597 1421 1832 1483 locusque
1876 1418 2040 1470 factus

374 1499 524 1547 tertio
559 1499 699 1546 chori
732 1499 954 1547 carmini.

505 1577 679 1626 Prodit
711 1577 893 1627 deinde
924 1577 1138 1628 famulus
1171 1579 1433 1643 defertque
1459 1580 1523 1629 ad
1550 1580 1782 1628 Acastum
1809 1593 1884 1639 ea,
1917 1594 2042 1643 quae

375 1657 692 1722 speculando,
729 1658 1050 1707 auscultando
1086 1659 1483 1724 explorandoque
1527 1658 1763 1722 cognovit.
1830 1656 1904 1706 De
1949 1672 2044 1723 qua

374 1752 430 1784 re
463 1738 586 1785 haec
609 1741 724 1799 sunt
747 1737 895 1786 verba
921 1738 1132 1804 Hygini:
1169 1739 1485 1800 ‚,Laodamia,
1522 1739 1686 1788 Acasti
1706 1737 1826 1795 filia,
1860 1736 2042 1787 amisso

374 1817 600 1882 coniuge,
637 1834 746 1865 cum
783 1824 884 1866 tres
916 1818 1062 1867 horas
1099 1820 1468 1881 consumsisset,
1503 1834 1622 1882 quas
1642 1833 1671 1866 a
1692 1817 1787 1865 diis
1816 1818 2042 1882 petierat,

374 1897 544 1946 fletum
596 1903 648 1946 et
691 1897 912 1945 dolorem
957 1898 1061 1961 pati
1105 1913 1201 1948 non
1246 1900 1421 1962 potuit.
1487 1899 1655 1961 Itaque
1687 1896 1810 1945 fecit
1841 1897 2043 1945 simula-

375 1993 512 2026 crum
547 1964 746 2026 aereum
788 1975 974 2039 (scribe
1019 1976 1300 2039 cereum)
1337 1978 1493 2026 simile
1527 1975 1790 2026 Protesilai
1823 1975 2042 2038 coniugis

361 2062 426 2106 ‚et
458 2058 507 2104 in
541 2056 767 2104 thalamis
800 2055 968 2118 posuit
1002 2056 1093 2103 sub
1138 2057 1449 2111 simulatione
1499 2071 1780 2114 sacrorum,
1833 2062 1885 2103 et
1930 2069 2043 2102 eum

375 2136 541 2184 colere
587 2134 751 2197 coepit
782 2130 847 2197 *).
917 2133 1060 2195 Quod
1109 2150 1219 2183 cum
1272 2135 1489 2184 famulus
1534 2135 1774 2183 matutino
1818 2138 2043 2197 tempore

375 2229 523 2278 poma
555 2215 599 2262 ei
634 2212 879 2261 attulisset
913 2214 976 2262 ad
1010 2214 1333 2275 sacrificium,
1378 2230 1469 2279 per
1511 2215 1690 2262 rimam
1733 2211 1928 2277 aspexit
1972 2212 2042 2259 vi-

310 2347 315 2351 ,
376 2294 544 2356 ditque
593 2310 699 2341 eam
746 2295 805 2342 ab
863 2293 1089 2357 amplexu
1132 2293 1393 2341 Protesilai
1438 2293 1748 2341 simulacrum
1795 2295 2043 2340 tenentem

377 2378 522 2435 atque
556 2372 872 2420 osculantem.
942 2373 1217 2420 Aestimans
1253 2389 1362 2420 eam
1394 2373 1668 2421 adulterum
1690 2371 1892 2431 habere,
1919 2371 2043 2419 Aca-

377 2456 454 2499 sto
502 2452 631 2514 patri
676 2452 963 2503 nuntiavit.''
1043 2450 1190 2500 Levis
1224 2457 1386 2500 tamen
1419 2452 1628 2500 mutatio
1660 2451 1738 2499 his
1771 2448 2045 2499 adhibenda

377 2535 472 2579 est.
539 2529 665 2578 Nam
701 2547 799 2579 non
834 2531 996 2595 potuit
1028 2532 1075 2579 in
1111 2532 1330 2580 dramate
1364 2548 1491 2580 nunc
1525 2532 1724 2580 demum
1767 2534 1884 2594 post
1918 2529 2043 2578 alte·

375 2625 485 2657 rum
516 2609 675 2657 mariti
708 2611 979 2659 discessum
1013 2611 1175 2675 imago
1209 2628 1238 2659 a
1270 2610 1535 2660 Laodamia
1569 2611 1756 2675 parari,
1803 2609 1892 2657 sed
1941 2613 2042 2657 sta-

375 2689 467 2738 tim
499 2693 613 2754 post
647 2690 860 2754 priorem
896 2691 1002 2739 eius
1037 2690 1393 2754 profectionem
1438 2691 1569 2740 hunc
1601 2689 1826 2752 imaginis
1858 2688 2042 2737 cultum

376 2768 436 2817 ab
463 2783 522 2817 ea
553 2769 830 2818 institutum
865 2785 978 2818 esse
1011 2770 1279 2834 putandum
1314 2774 1409 2818 est.
1478 2768 1819 2817 Conferendus
1850 2767 1915 2816 de
1948 2767 2041 2816 hac

378 2863 434 2896 re
467 2863 636 2896 rursus
674 2849 804 2898 idem
841 2848 1043 2916 Ovidius
1078 2865 1121 2897 v.
1158 2851 1281 2897 151:

507 2927 704 2987 „Dum
765 2934 985 2977 tamen
1037 2944 1225 2978 arma
1280 2943 1483 2993 geres
1540 2925 1743 2976 diverso
1797 2925 1945 2974 miles
1985 2925 2044 2973 in

1210 3007 1342 3066 orbe,

642 3085 787 3147 Quae
821 3089 1017 3151 referat
1050 3088 1218 3136 vultus
1252 3092 1327 3135 est
1360 3084 1488 3134 mihi
1520 3100 1642 3134 cera
1675 3091 1804 3135 tuos.

510 3163 600 3212 Illi
633 3165 930 3228 blanditias,
963 3167 1045 3215 illi
1076 3167 1174 3216 tibi
1205 3165 1379 3215 debita
1411 3163 1568 3212 verba
1804 3232 1807 3234 Δ

642 3244 906 3304 Dicimus;
942 3247 1209 3312 amplexus
1243 3244 1435 3310 accipit
1468 3243 1563 3292 illa
1595 3257 1750 3292 meos.

449 3409 492 3462 *)
520 3407 691 3451 Bacchi
718 3420 847 3451 sacra
875 3423 904 3451 a
931 3409 1175 3454 Laodamia
1202 3411 1411 3454 simulata
1440 3424 1536 3453 esse
1565 3409 1705 3453 innuit
1731 3409 1938 3453 Philostr.
1962 3407 2042 3450 lm.

518 3478 576 3531 11,
601 3478 643 3521 9.
664 3493 707 3534 p.
726 3476 823 3520 ⁷95.
885 3480 954 3523 Cf.
976 3480 1146 3525 Welck.
1168 3496 1212 3536 p.
1237 3479 1334 3523 498.
