2144 3854
1119 314 1243 373 3⁰6

335 469 431 520 nisi
466 465 721 529 tradantur
753 462 814 512 ad
854 461 1160 528 supplicium
1208 462 1276 523 ii,
1319 477 1445 526 quos
1495 463 1672 529 capitis
1715 462 2019 516 damuaverit

336 549 507 599 civitas
542 547 839 609 Argivorum
874 543 1232 610 potentissima.
1299 542 1461 606 Negat
1494 543 1654 595 lolaus
1690 548 1774 594 aut
1799 544 2019 596 iustitiae

334 635 420 677 aut
440 626 759 692 generositati
773 624 1148 674 Atheniensium
1164 623 1428 672 convenire
1451 624 1703 689 supplices
1726 623 1940 689 prodere
1960 640 2020 674 ac

335 709 480 756 minis
514 706 806 772 Argivorum
844 704 1154 754 insolentium
1191 703 1382 753 terreri.
1452 702 1582 754 Tum
1607 710 1815 770 propter
1838 720 2019 770 cogna-

333 790 519 837 tionem
566 786 928 848 amicitiamque
975 789 1171 854 patrum
1218 789 1270 832 et
1314 784 1554 834 beneficia
1599 786 1659 833 ab
1714 784 1936 834 Hercule
1970 786 2018 835 iu

333 868 588 918 Theseum
623 866 799 915 collata
832 881 1041 929 aequum
1078 880 1190 913 esse
1224 865 1366 926 dicit,
1398 865 1583 914 liberos
1605 865 1735 914 illius
1771 881 1800 914 a
1830 863 2020 915 Thesei

335 949 502 998 liberis
537 946 740 1003 servari,
776 961 938 1009 neque
972 943 1227 1005 committi,
1261 949 1316 994 ut
1350 945 1398 993 vi
1423 962 1449 994 a
1477 946 1687 995 deorum
1712 945 1812 995 aris
1842 945 1905 994 ad
1929 961 2018 995 ne-

334 1045 444 1078 cem
479 1029 734 1093 rapiantur
768 1027 1007 1075 insontes,
1078 1025 1270 1087 Quibus
1318 1027 1498 1075 auditis
1534 1032 1584 1075 et
1617 1043 1703 1076 rex
1739 1030 1790 1076 et
1822 1031 2019 1075 caterva

336 1108 651 1175 popularium
683 1105 988 1169 respondent
1022 1105 1417 1170 pollicenturque
1452 1123 1539 1163 ea,
1575 1123 1704 1172 quae
1735 1107 1867 1156 viros
1898 1121 2018 1171 pro-

333 1190 454 1249 boS,
491 1189 627 1253 pios,
662 1190 830 1251 gratos
867 1185 1203 1249 honestosque
1232 1192 1443 1251 oportet.
1510 1186 1831 1236 Traditurum
1865 1185 2019 1252 igitur

334 1284 390 1318 se
424 1267 674 1333 supplices
710 1270 860 1330 negat
892 1264 1213 1329 Demophon:
1257 1272 1478 1316 ceterum
1513 1267 1556 1315 si
1591 1283 1687 1331 qua
1721 1267 1788 1316 sit
1821 1266 2019 1333 Argivis

333 1349 394 1397 ab
442 1345 724 1395 Heraclidis
768 1346 941 1394 iniuria
986 1344 1147 1403 facta,
1197 1344 1310 1394 illos
1351 1347 1432 1395 ius
1476 1363 1619 1397 suum
1665 1348 2018 1412 impetraturos

333 1444 447 1477 esse
480 1425 748 1490 promittit.
818 1425 927 1487 Quo
975 1440 1217 1489 responso
1258 1441 1356 1474 non
1400 1432 1662 1475 contentus
1704 1442 1888 1491 praeco
1918 1427 2018 1475 vim

333 1509 501 1558 facere
537 1505 844 1570 supplicibus
881 1511 1116 1564 conatur,
1168 1504 1205 1554 a'
1247 1521 1344 1570 quo
1379 1513 1557 1555 conatu
1591 1506 1734 1555 minis
1767 1507 1903 1570 regis
1935 1520 2018 1556 re·

332 1587 508 1653 pulsus
545 1587 647 1634 abit
680 1585 853 1647 iratus,
889 1586 1156 1636 mendaciis
1191 1601 1331 1635 more
1363 1602 1663 1652 praeconum
1690 1602 1817 1651 quae
1837 1600 2020 1652 passus

333 1674 413 1717 est
446 1672 697 1715 aucturus.
768 1665 871 1715 Iam
907 1671 1074 1715 autem
1109 1666 1404 1731 Argivorum
1438 1668 1686 1716 exereitus
1719 1668 1768 1716 in
1798 1665 2020 1716 confiniis

332 1747 569 1812 Megarae
604 1747 896 1809 Atticaeque
930 1746 1171 1806 consedit,
1207 1748 1375 1796 statim
1409 1748 1525 1796 inde
1558 1762 1707 1813 agros
1739 1748 2018 1796 incursatu-

331 1844 420 1878 rus
454 1832 508 1875 et
539 1831 836 1876 vastaturus.
903 1826 1138 1875 Profecto
1173 1843 1432 1891 praecone,
1469 1827 1629 1877 Iolaus
1663 1827 1731 1876 nil
1759 1832 2019 1893 praestan-

332 1909 430 1957 tius
480 1922 594 1955 esse
642 1907 791 1965 dicit,
846 1923 991 1970 quam
1039 1907 1179 1956 bonis
1214 1909 1499 1972 parentibus
1534 1914 1584 1956 et
1618 1914 1785 1957 natum
1820 1923 1934 1956 esse
1965 1911 2020 1956 et

332 1989 534 2052 dignum
571 2003 627 2034 se
661 1986 838 2034 iisdem
875 1992 1145 2050 praestare.
1215 1987 1346 2035 Tum
1379 1992 1578 2052 patrum
1614 1986 1882 2036 amicitiam
1910 1985 2018 2034 He-

332 2068 544 2115 raclidas
596 2065 975 2128 Theseidasque
1020 2066 1355 2128 redintegrare
1401 2067 1540 2115 iubet
1587 2072 1638 2114 et
1670 2067 1772 2115 fide
1805 2065 2017 2113 invicem

333 2147 445 2194 data
494 2150 797 2208 acceptaque
843 2144 1169 2192 Athenienses
1219 2149 1462 2209 perpetuo
1496 2146 1557 2194 ab
1593 2145 1874 2198 Heraclidis
1906 2150 2018 2194 tan-

333 2241 479 2289 quam
526 2231 805 2272 servatores
851 2225 1132 2287 amicosque
1182 2224 1418 2273 colendos
1460 2241 1574 2275 esse
1619 2226 1796 2287 docet,
1855 2240 2019 2289 neque

333 2321 545 2370 unquam
579 2303 774 2352 illorum
823 2310 1006 2353 terram
1053 2304 1112 2352 ab
1156 2304 1331 2353 horum
1366 2306 1579 2370 posteris
1612 2305 1895 2354 vastandam
1928 2320 2017 2354 ne-

332 2402 429 2450 que
461 2389 656 2450 gentem
693 2390 952 2449 cognatam
989 2384 1182 2433 infestis
1217 2384 1366 2432 armis
1415 2384 1677 2448 petendam
1723 2401 1852 2434 esse.
1919 2385 2019 2434 De-

331 2465 548 2530 mophon
584 2469 750 2512 autem
785 2469 838 2513 et
870 2465 1041 2529 populi
1068 2465 1304 2513 concione
1327 2469 1594 2513 convocata
1623 2470 1674 2513 et
1690 2466 1883 2515 vatibus
1901 2482 2018 2516 eon-

332 2545 471 2595 sultis
507 2561 562 2593 se
598 2544 838 2609 quidquid
871 2545 932 2592 ad
968 2545 1332 2595 defendendam
1375 2545 1588 2608 patriam
1623 2560 1748 2608 opus
1783 2547 1850 2596 sit
1882 2547 2017 2596 factu

331 2630 616 2690 paraturum
655 2641 768 2673 esse
802 2626 1061 2690 praedicit.
1129 2625 1425 2674 Heraclidae
1458 2625 1510 2672 in
1543 2625 1639 2673 aris
1660 2625 1858 2688 iisdem,
1894 2643 2018 2692 quas

331 2711 652 2769 occuparunt,
688 2705 896 2753 deorum
931 2705 1168 2754 auxilium
1197 2705 1503 2770 imploraturi
1525 2710 1658 2763 sunt,
1694 2711 1745 2754 et
1766 2704 2017 2756 Palladem

319 2785 514 2834 -lunone
562 2784 873 2850 superiorem
921 2785 1032 2834 fore
1079 2791 1306 2850 sperant·
1370 2784 1565 2833 Chorus
1615 2789 1782 2834 autem
1818 2801 2017 2835 carmen

331 2864 553 2913 canendo
589 2881 645 2912 se
677 2866 835 2914 minas
870 2866 1101 2927 hostium,
1135 2865 1319 2914 fretum
1340 2865 1587 2928 aequitate
1615 2880 1836 2925 caussae,
1873 2880 2016 2930 sper-

331 2959 451 2992 nere
486 2944 763 3006 profitetur.

459 3022 713 3073 Reversus
763 3024 1053 3090 Demophon
1102 3026 1439 3090 Eurystheum
1491 3040 1604 3073 cum
1648 3024 1874 3074 exercitu
1918 3025 2015 3075 iam

330 3103 381 3151 in
427 3102 553 3151 fines
599 3104 796 3153 Atticae
844 3107 1083 3154 invasisse
1129 3107 1288 3156 refert
1331 3112 1382 3154 et
1416 3105 1591 3153 castris
1625 3105 1675 3154 in
1711 3106 1834 3154 locis
1869 3103 2018 3154 editis

330 3182 509 3246 positis
558 3186 977 3247 opportunitatem
1026 3186 1100 3234 rei
1147 3186 1393 3251 gerendae
1428 3184 1704 3250 speculari3
1772 3185 2018 3236 civitatem

331 3265 501 3310 autem
535 3262 909 3313 Atheniensium
945 3266 1095 3315 armis
1131 3267 1306 3318 sumtis
1341 3267 1389 3315 in
1424 3266 1682 3330 procinctu
1709 3272 1841 3326 esse,
1873 3282 2017 3330 para-

328 3333 509 3406 tasque
543 3341 798 3405 victimas,
845 3360 965 3407 quas
1002 3345 1098 3394 diis
1131 3346 1373 3399 immolari
1421 3350 1681 3411 oporteat:
1728 3345 1818 3396 sed
1851 3349 2016 3394 vatum

328 3422 583 3485 responsis
634 3424 1059 3476 consentientibus
1105 3426 1318 3491 puellam
1365 3425 1525 3475 iuberi
1570 3427 1839 3492 virginem,
1889 3440 2017 3490 quae

327 3500 395 3549 sit
440 3501 686 3552 nobilibus
732 3505 1023 3568 parentibus
1069 3513 1217 3567 nata,
1265 3506 1484 3556 mactari.
1553 3505 1622 3557 Se
1670 3521 1788 3556 vero
1827 3505 2015 3555 liberos
