2144 3854
1165 213 1302 287 130

387 380 469 430 ille
502 391 597 428 non·
629 375 776 425 modo
810 376 982 435 victus,
1017 376 1106 425 sed
1140 391 1203 426 ne
1238 381 1400 426 tactus
1435 376 1630 439 quidem
1664 377 1954 443 sits-neque
1981 379 2051 428 ul-

387 460 486 508 lum
529 456 658 521 apud
708 469 823 504 suos
873 455 1217 505 detrimentum
1249 455 1425 504 fecerit
1474 456 1687 521 gloriae,
1739 456 2055 508 vehementer

384 551 502 586 vero
537 534 805 583 timendum
839 540 947 595 est,
995 552 1057 583 ne
1090 536 1492 595 ranunculorum,
1539 536 1619 598 qui
1653 540 1824 586 nostra
1869 543 2052 587 memo-

385 617 456 663 ria
490 614 736 663 coaxando
769 613 1123 677 insiliendoque
1158 615 1381 677 affligere
1416 631 1533 663 eum‘
1555 631 1618 664 -ac
1637 615 1928 680 'deprimere
1948 604 2055 665 eius

385 695 575 757 pondus
610 693 918 753 studuerunt,
954 694 1246 742 clamoribus
1280 695 1408 742 sama
1450 694 1850 757 praestantissimi
1882 699 2056 759 poetae

384 774 432 822 in
480 777 774 837 perpetuum
820 773 1125 822 obscuretur.
1920 798 1931 815 e>
1982 800 1985 807 ι

512 852 684 902 Altero
700 851 903 901 doctore
919 868 1061 901 usum
1078 867 1189 900 esse
1205 852 1493 915 Euripidem
1506 852 1715 902 Prodico
1723 853 1924 902 tradunt
1937 851 2056 913 ceo,

383 933 520 982 cuius
549 930 705 995 qualis
734 931 882 980 suerit
907 933 1028 980 ratio
1051 947 1106 979 ac
1124 931 1397 995 disciplina,
1423 932 1674 980 aestimari
1703 937 1870 995 potest
1895 947 1956 981 ex
1976 932 2055 991 iis,

382 1027 506 1077 quae
532 1011 596 1059 de
625 1012 966 1060 constituendo
995 1026 1177 1076 genere
1198 1026 1440 1074 cursuque
1465 1012 1657 1060 vivendi
1685 1027 1773 1075 per
1801 1011 2067 1074 imaginem-

382 1091 564 1151 docuit,
583 1106 729 1153 quum
744 1090 1006 1138 Herculem
1028 1090 1238 1154 fingeret
1254 1091 1603 1154 pubescentem
1624 1091 1786 1139 exisse
1807 1090 1857 1139 in
1882 1073 2055 1155 solitu·

383 1171 543 1219 dinem
570 1174 731 1234 atque,
766 1170 835 1218 ibi
863 1170 1132 1230 sedentem,
1159 1170 1242 1218 diu
1267 1186 1435 1219 secum
1461 1169 1768 1232 multumque
1785 1170 2052 1229 dubitasse,

382 1266 494 1300 cum
528 1250 650 1299 duas
675 1255 902 1299 cerneret
935 1251 1052 1310 vias,
1088 1265 1230 1297 unam
1271 1247 1564 1313 Voluptatis,
1594 1249 1793 1298 alteram
1827 1248 2053 1310 Virtutis,

382 1335 540 1379 utram
566 1329 755 1393 ingredi
785 1330 960 1379 melius
996 1334 1146 1378 esset.
1199 1329 1359 1378 Huius
1386 1330 1580 1392 generis
1610 1329 1764 1378 midta
1787 1330 2056 1394 scripserat

381 1407 738 1471 παραινετικοῖ,
773 1410 834 1456 ad
870 1409 1200 1458 emendandos
1234 1423 1397 1456 mores
1425 1409 1668 1472 vitamque
1701 1400 2053 1458 recte'consti-

380 1489 614 1539 tuendam
649 1487 882 1537 efficacia.
950 1487 1100 1538 Velut
1144 1487 1339 1535 divitias
1384 1502 1474 1550 per
1519 1503 1575 1536 se
1618 1502 1776 1550 neque
1819 1489 1868 1537 in
1911 1487 2052 1536 bonis

382 1584 539 1632 neque
588 1569 637 1615 in
697 1567 835 1615 malis
894 1566 1142 1630 ponendas
1192 1581 1339 1626 esse,
1392 1565 1497 1626 sed,
1554 1571 1700 1630 prout
1741 1566 1926 1628 utaris,
1975 1567 2054 1614 vel

382 1649 534 1698 bonas
582 1646 660 1695 vel
704 1646 853 1694 malas
901 1661 1039 1706 esse,
1098 1644 1333 1694 docuerat
1360 1643 1429 1708 *).
1527 1645 1646 1693 ltem
1699 1649 1910 1694 mortem
1959 1660 2055 1694 non

383 1743 495 1778 esse
548 1726 727 1775 malum
784 1742 943 1789 neque
1003 1726 1094 1786 iiS,
1152 1726 1235 1788 qui
1285 1726 1467 1773 mortui
1510 1731 1703 1784 essent,
1761 1739 1920 1788 neque
1951 1725 2054 1783 iis,

381 1807 556 1872 quibus
591 1805 897 1854 moriendum
933 1809 1091 1866 esset,
1142 1805 1318 1852 iisdem
1350 1804 1461 1852 fere
1482 1848 1484 1850 ,
1507 1804 1836 1866 argumentis,
1879 1803 2055 1867 quibus

385 1886 489 1935 Cic.
523 1884 673 1933 Tusc.
710 1884 748 1944 1,
784 1889 814 1933 5
859 1900 1026 1948 seqq.,
1079 1883 1452 1931 confirmaverat
1468 1880 1565 1947 **).
1633 1882 1808 1946 Neque
1841 1883 2055 1932 dubitari

382 1969 576 2030 potest,
612 1964 726 2026 quin
757 1978 1076 2027 quaecunque
1120 1961 1181 2010 ad
1216 1962 1343 2011 bene
1376 1963 1615 2026 beateque
1646 1961 1906 2011 vivendum
1940 1979 2053 2026 per-

382 2045 541 2094 tinere
571 2043 858 2092 viderentur
890 2043 1052 2105 homo,
1087 2057 1184 2105 quo
1215 2056 1360 2090 nemo
1379 2041 1474 2099 ,illa
1507 2046 1664 2089 aetate
1689 2041 1954 2105 sapientior
1979 2048 2055 2092 est

382 2123 598 2184 habitus,
633 2122 920 2170 disserendo
947 2118 1278 2185 explicaverit.
1346 2120 1527 2169 Partim
1555 2121 1700 2169 huius
1719 2121 1899 2193 partim
1923 2123 2052 2186 Αιῃ-
2140 2147 2143 2151 ’

381 2218 594 2268 xagorae
625 2201 929 2266 disciplinam
963 2202 1122 2250 secuti
1153 2201 1416 2264 Euripides
1450 2205 1594 2262 atque
1629 2199 1886 2261 Socrates,
1930 2201 2055 2252 alter

382 2282 554 2331 alienis
599 2280 824 2345 personis
883 2279 1144 2343 imaginem
1200 2294 1390 2329 morum
1450 2279 1672 2342 vitaeque
1717 2279 2053 2344 exprimendo,

383 2362 510 2411 alter
556 2376 671 2409 suos
705 2361 813 2424 ipse
847 2374 1010 2408 mores
1045 2360 1107 2408 ad
1139 2364 1406 2424 praecepta
1438 2359 1708 2422 sapientiae
1742 2359 2052 2410 conforman-

383 2442 447 2489 do
466 2478 482 2501 ,
528 2444 732 2503 uterque
783 2438 1141 2503 philosophiam
1184 2439 1244 2486 ab
1279 2439 1437 2488 otiosa
1470 2437 1667 2487 dicendi
1702 2439 2054 2489 exercitatione

382 2521 444 2568 ad
477 2534 622 2566 usum
656 2519 786 2566 vitae
838 2518 1108 2566 communis
1142 2518 1418 2575 transtulit,
1454 2524 1658 2582 propter
1699 2518 1796 2568 hoc
1839 2519 2054 2569 studium

368 2597 730 2647 ‘contumeliose
757 2599 951 2646 tractati
966 2598 1026 2646 ab
1040 2596 1386 2661 Aristophane,
1409 2598 1817 2662 sycophantarum
1842 2599 2055 2647 omnium

383 2677 745 2742 improbissimo
778 2682 827 2725 et
859 2678 1176 2728 vehementer
1211 2677 1387 2742 digno,
1437 2678 1572 2725 cuius
1619 2677 1852 2726 iudicium
1899 2678 2054 2726 nostri

382 2757 697 2805 admirentur.
767 2756 863 2817 Qui
898 2773 1044 2820 quum
1077 2761 1264 2819 gratam
1298 2755 1440 2819 vulgo
1473 2771 1584 2804 eam
1617 2755 1901 2805 calumniam
1941 2772 2053 2806 esse

384 2835 680 2900 intelligeret
723 2840 774 2883 et
822 2837 994 2900 capitis
1030 2836 1310 2884 damnatum
1364 2835 1459 2882 iam
1514 2834 1740 2884 interisse
1787 2833 2050 2888 Prodicum

385 2914 540 2962 Ceum
573 2914 788 2974 videret,
823 2920 880 2963 ut
913 2915 961 2963 in
994 2913 1432 2978 idemrpericulum
1460 2912 1711 2962 Socratem
1739 2914 2051 2979 Euripidem-

383 3006 481 3056 que
513 2992 796 3053 adduceret,
831 2994 1049 3042 manibus
1070 2994 1376 3059 pedibusque
1406 2992 1485 3040 vir
1499 2991 1797 3042 fortissimus
1824 2993 2051 3046 contii-sus

386 3075 479 3119 est.
547 3070 711 3133 Atque
743 3070 920 3129 huius,
967 3073 1072 3120 talis
1107 3073 1316 3122 hominis
1338 3107 1353 3132 ,
1401 3073 1695 3121 auctoritate
1726 3071 1845 3123 freti
1876 3086 2050 3120 recen-

385 3149 540 3197 tiores
574 3148 770 3212 quidam
796 3151 1135 3202 aestimatores
1160 3152 1308 3217 plebe
1336 3151 1502 3200 Attica
1527 3152 1797 3213 cocciores,
1834 3165 1898 3200 ue
1935 3166 2050 3215 per-

381 3233 555 3292 specta
590 3227 788 3292 quidem
822 3231 1162 3295 Aristophanis
1195 3230 1463 3292 sententia,
1496 3231 1774 3295 promiscue
1804 3230 2049 3294 vitupera-

454 3341 493 3394 ’)
520 3341 635 3383 Plat.
664 3341 802 3398 Eryx.
833 3357 875 3397 p.
903 3342 987 3385 397
1014 3356 1105 3398 seq.
1162 3342 1230 3385 Cf.
1262 3342 1353 3386 Cic.
1381 3341 1515 3385 Tusc.
1543 3344 1594 3396 V,
1619 3341 1688 3385 12.

434 3409 492 3464 ⁰)
518 3412 634 3455 Plat.
663 3412 848 3454 Axioch.
878 3427 921 3466 p.
947 3412 1033 3455 366
1060 3400 1196 3467 seqqss,
1224 3413 1462 3467 praecipue
1489 3411 1586 3455 369.
1615 3413 1668 3455 B.
