2176 3874
1127 274 1249 334 352

358 438 464 489 τῶν
503 433 793 499 πολεμίων·
843 431 889 484 εἰ
934 431 992 484 δὲ
1039 433 1135 501 μή,
1191 434 1362 500 μάτην
1405 433 1638 502 ἐγίγνετο
1679 435 1717 504 ἦ
1763 440 2015 504 στρατεία.

350 511 502 568 Ἀλλὰ
533 515 583 566 τί
616 514 680 581 δή
715 526 798 565 σοι
815 517 1082 581 προςῆκον
1112 517 1205 583 τῆς
1239 516 1569 583 Παλαμήδου
1603 517 1858 584 τύχης*),·

487 596 599 646 ΟΔ.
665 588 723 645 εὗ
757 594 900 657 ἰ’σθι,
946 592 1026 645 ὅτι
1059 591 1139 645 ἐπὶ
1173 596 1373 656 πάντας
1416 591 1542 657 τοὺς
1587 595 1791 650 ἐκείνου
1826 597 2020 664 φίλους

353 669 519 741 ἦλθε
563 673 636 726 τὸ
671 673 875 726 κακὸν
907 673 996 726 καὶ
1028 675 1217 736 πάντες
1250 676 1596 740 ἀπολώλασιν,
1630 675 1766 740 ὅςτις
1799 676 1870 746 μὴ
1905 697 2015 744 φυ-

351 759 466 822 γεῖν
509 755 770 822 ἠδυνήθη.
869 754 1095 816 Οὕτως
1153 754 1222 807 δὲ
1265 756 1447 823 κάγὼ
1496 761 1588 825 τῆς
1630 758 2017 826 παροιχομένης

350 836 542 896 νυκτὸς
575 835 885 895 διαπλεύσας
931 836 1144 900 μόνος
1177 837 1383 903 δεῦρο
1420 836 1680 905 ἐσώθην
1697 840 1797 907 **).
1861 843 2013 907 Σχε-

351 916 468 968 δὸν
500 915 615 983 μὲν
650 910 774 966 οὖν
808 915 996 982 ἔγωγε,
1048 913 1105 968 ἐν
1154 916 1251 985 ὅσῃ
1298 918 1443 985 χρείᾳ
1475 918 1803 986 καθέστηκας
1835 921 2010 983 αὐτός,

350 993 499 1049 οἶδα·
533 997 612 1064 ἢν
646 991 693 1048 δ’
732 991 852 1048 οὖν
885 994 1017 1063 ἔχων
1049 995 1167 1048 τινὰ
1199 997 1513 1066 μηχανὴν
1546 1000 2012 1068 ξυμπροθυμηθῇς

347 1077 474 1146 ἡμῖν
504 1075 622 1142 περὶ
652 1075 746 1129 τὸν
793 1077 971 1129 οἴκαδε
1005 1076 1307 1138 ἀπόπλουν,
1351 1079 1489 1146 ἡμᾶς
1528 1097 1581 1131 τε
1616 1076 1674 1132 εὖ
1719 1081 2014 1148 πεποιηκὼς

347 1155 438 1226 ἔσῃ
473 1157 561 1210 καὶ
605 1157 713 1223 ἅμα
745 1160 968 1223 ἄγγελον
1009 1155 1330 1225 ἀποπέμψεις
1372 1160 1503 1226 πρὸς
1545 1155 1671 1223 τοὺς
1704 1159 1900 1215 ἑαυτοῦ
1934 1162 2010 1215 οἴ-

346 1239 473 1292 καδε
505 1241 614 1290 τῶν
648 1249 733 1289 σοι
765 1239 1072 1302 προςόντων
1102 1241 1281 1290 κακῶν
1293 1239 1420 1308 ***).

479 1322 542 1371 Φ.
611 1318 758 1380 ἀλλ’,
794 1311 835 1369 ὦ
871 1319 1175 1384 δύστηνε,
1208 1320 1343 1384 πρὸς
1374 1324 1621 1372 τοιοῦτον
1655 1318 1837 1387 ἕτερον
1867 1322 2010 1390 ἥκεις

345 1399 629 1466 ξύμμαχον,
666 1398 830 1450 αὐτόν
861 1416 916 1450 τε
948 1402 1154 1465 ἄπορον
1185 1398 1274 1452 καὶ
1308 1398 1503 1466 ἔρημον
1535 1401 1708 1465 φίλων
1741 1401 1826 1454 ἐπὶ
1857 1403 2011 1472 τῆςδε

343 1483 437 1548 τῆς
470 1480 628 1548 ἀκτῆς
660 1476 976 1545 ἐῤῥιμμένον
1001 1479 1082 1548 †)‚
1116 1480 1372 1546 γλίσχρως
1403 1478 1492 1533 καὶ
1524 1482 1671 1546 μόλις
1704 1482 1808 1535 ἀπὸ
1840 1484 2010 1536 τῶνδε

342 1562 450 1612 τῶν
482 1561 650 1623 τόξων
683 1559 966 1626 πορίζοντα
1001 1557 1091 1612 καὶ
1125 1559 1335 1628 τροφὴν
1378 1559 1469 1613 καὶ
1508 1560 1723 1630 ἐσθῆτα,
1755 1562 1827 1624 ὥς
1859 1563 2006 1632 ὁρᾷς.

341 1641 374 1708 ἣ
407 1639 508 1707 γὰρ
543 1640 670 1708 ἡμῖν
702 1635 771 1707 ἧν
803 1639 965 1708 ἐσθὴς
996 1640 1272 1708 πρότερον,
1310 1641 1413 1693 ὑπὸ
1446 1645 1545 1694 τοῦ
1571 1643 1771 1709 χρόνου
1803 1643 2008 1711 ἡνάλω-

339 1723 549 1790 ται-Η).
597 1721 668 1772 Εἰ
693 1720 750 1774 δὲ
774 1720 839 1789 δὴ
862 1722 1011 1774 τοῦδ’
1039 1720 1299 1789 ἐθελήσεις
1331 1727 1685 1775 κοινωνεῖν
1717 1728 1816 1776 τοῦ
1850 1725 2006 1790 βίου

338 1799 459 1870 μεθ’
504 1802 656 1870 ήμῶν
691 1801 906 1864 ἐνθάδε,
941 1801 1040 1863 ἕως
1074 1802 1141 1854 ἂν
1173 1800 1320 1870 ἑτέρα
1353 1815 1440 1856 σοι
1470 1803 1746 1874 παραπέσῃ
1780 1805 2008 1874 σωτηρία

336 1883 531 1944 ποθέν,
569 1884 691 1936 οὐκ
725 1882 803 1934 ἂν
837 1887 1251 1949 φθονοῖμεν·
2043 1891 2046 1893 ’

466 1963 783 2031 ,,δύςμορφα
815 1962 993 2030 μέντοι
1022 1964 1221 2015 τᾶνδον
1255 1963 1488 2028 εἷςιδεῖν,
1523 1963 1686 2027 ξένε.”

335 2045 713 2109 τελαμῶνες
761 2061 814 2095 τε
860 2043 1187 2095 ἀνάπλεοι
1230 2043 1319 2094 καὶ
1363 2046 1494 2095 ἄλλα
1540 2046 1727 2110 σημεῖα
1775 2047 1869 2113 τῆς
1912 2045 2003 2097 νό-

335 2137 464 2185 σου,
512 2123 669 2184 αὐτός
713 2141 765 2175 τε
811 2123 907 2190 οὐχ
956 2117 1089 2191 ήδὺς
1136 2122 1511 2190 ξυγγενέσθαι,
1571 2123 1700 2176 ὅταν
1746 2124 1783 2192 ἦ
1832 2124 2002 2193 ὀδύνη

331 2202 625 2271 προςπέσῃ·

463 2284 589 2348 ,,καί
621 2302 702 2335 τοι
733 2282 796 2336 τὰ
830 2284 997 2336 πολλὰ
1032 2283 1098 2352 δὴ
1130 2285 1430 2351 λελώφηκεν
1460 2286 1632 2355 χρόνῳ

460 2365 646 2426 νόσος,
682 2367 795 2416 κατ’
829 2364 991 2432 ἀρχὰς
1027 2365 1074 2416 δ’
1110 2365 1357 2431 οὐδαμῶς
1390 2366 1603 2428 ἀνεκτὸς
1635 2359 1755 2432 ἦν.”

458 2446 726 2510 Postquam
772 2446 900 2495 intro
947 2448 1171 2496 abierunt
1216 2449 1264 2496 in
1311 2464 1542 2512 specum,
1590 2454 1782 2496 caterva
1831 2447 1998 2512 prodit

329 2525 656 2575 Lemniorum.
741 2526 809 2574 Hi
857 2533 1089 2575 excusant
1136 2528 1354 2592 priorem
1411 2527 1808 2586 derelictionem,
1865 2525 1997 2590 quod

328 2609 404 2653 tot
449 2606 586 2654 annis
632 2621 726 2654 non
774 2606 974 2655 viserint
1017 2606 1348 2655 Philoctetem
1394 2623 1553 2671 neque
1602 2607 1647 2655 ei
1692 2621 1836 2670 opem
1868 2605 1996 2655 tule-

326 2684 424 2732 rint
438 2683 602 2751 †††):
626 2686 756 2734 unde
779 2701 864 2735 eos
892 2702 955 2735 ne
972 2702 1100 2735 nunc
1123 2687 1319 2751 quidem
1343 2687 1447 2736 sine
1474 2686 1609 2752 gravi
1636 2685 1796 2750 aliqua
1821 2700 1994 2734 caussa

383 2831 435 2885 ²⁸)
466 2832 645 2874 Valck.=
677 2826 795 2890 ἀτὰρ
823 2832 870 2875 τί
896 2845 970 2876 σοι
998 2833 1195 2890 προςῆκε
1225 2831 1535 2888 Παλαμήδους
1559 2830 1724 2887 τύχηςς

352 2900 434 2955 **)
464 2903 645 2944 Valck.:
677 2897 795 2945 οὕτω
826 2899 875 2946 δὲ
903 2899 1028 2957 κάγὼ
1059 2905 1140 2958 τῆς
1168 2901 1397 2961 πάροιθεν
1425 2899 1655 2958 εὐφρόνης
1681 2903 1775 2945 κτλ.

349 2970 437 3023 ***)
466 2971 646 3013 Valck.:
673 2973 766 3015 τῶν
795 2986 867 3015 σοι
895 2974 1140 3030 παρόντων
1169 2970 1355 3028 ἄγγελον
1383 2971 1580 3026 πέμψεις
1605 2972 1774 3015 κακῶν.

378 3040 434 3095 †)
463 3041 612 3083 Idem:
645 3043 792 3095 φίλων
819 3039 859 3085 τ’
888 3040 1052 3099 ἔρημον
1080 3040 1192 3087 κάπὶ
1219 3039 1343 3100 τῆςδ’
1376 3041 1642 3100 ἐρριμμένον

541 3106 706 3166 Ἄκτῆς.

348 3179 432 3235 ††)
460 3180 610 3235 Idemf
641 3205 693 3212 —
782 3205 835 3213 —-
919 3178 949 3238 ἢ
978 3181 1065 3240 γὰρ
1093 3183 1202 3241 πρὶν
1240 3176 1299 3239 ἦν
1325 3181 1501 3238 (malim
1528 3176 1560 3236 ἢ
1587 3174 1674 3237 γὰρ
1697 3170 1759 3236 ἧν
1785 3180 1985 3237 προτοῦ)

539 3248 690 3306 στολή,
720 3252 876 3309 μακρῷ
903 3250 961 3308 δὴ
992 3253 1100 3297 πᾶσ’
1129 3252 1361 3298 ἀνάλωται
1390 3251 1553 3310 χρόνῳ.

321 3319 437 3375 -Η-ῒ)
465 3320 550 3363 1)ὶο
573 3321 692 3363 L11.:
723 3321 801 3365 καὶ
830 3321 922 3378 μήν
939 3321 962 3366 ὁ
984 3323 1120 3382 χορὸς
1149 3321 1277 3382 αὐτῷ
1306 3323 1391 3380 (τῷ
1409 3319 1633 3378 Αἰσχύλῳ)
1650 3317 1983 3378 παραιτήσεως,

458 3387 606 3449 ὥςπερ
637 3387 662 3436 ὁ
694 3383 778 3436 τοῦ
805 3389 1087 3450 Εὐριπίδου,
1119 3391 1255 3439 ου’δὲν
1284 3391 1468 3449 ἐδεήθη.
1513 3390 1670 3446 Ἀμφω
1698 3390 1784 3448 γὰρ
1813 3388 1862 3434 ἐκ
1888 3390 1984 3434 τῶν

459 3463 672 3519 Λημνίων
710 3460 984 3520 ἐποιήσαντο
1023 3463 1178 3524 χορόν.
1241 3460 1342 3509 Ἀλλ’
1380 3461 1406 3508 ὁ
1443 3460 1526 3519 μὲν
1553 3458 1807 3520 Εὐριπίδης
1835 3455 1982 3511 εὐθὺς
