2176 3874
154 435 279 486 nihil
311 450 409 485 non
443 439 609 499 potest
643 434 906 498 explicari,
955 448 1120 498 neque
1166 441 1246 483 est
1296 434 1425 482 ullus
1475 433 1645 492 locuS‚
1693 448 1839 496 quem

156 530 252 566 non
285 500 453 572 adire,
489 520 572 563 aut
605 514 759 564 ullum
794 519 1021 577 tempus,
1070 515 1131 563 ad
1167 513 1298 578 quod
1332 529 1430 563 non
1463 528 1725 562 recurrere
1758 528 1840 561 res

153 601 320 662 gestas
352 594 688 645 referentibus
723 595 886 643 liceat.
956 593 1141 642 Contra
1175 594 1440 644 imitationi
1460 598 1663 659 praeter
1695 597 1839 642 natu·

154 677 275 726 ralia
309 681 362 725 et
395 677 694 736 communia,
730 675 780 724 id
815 678 894 723 est
928 673 1200 723 animorum
1236 690 1380 724 sensa
1414 674 1738 738 affectusque,
1773 673 1839 722 nil

151 757 262 805 fere
293 755 529 805 idoneum
565 762 657 806 est.
726 757 946 819 Quorum
981 754 1253 804 affectuum
1274 770 1473 803 caussas
1497 758 1699 819 oportet
1726 769 1839 818 gra-

152 851 238 885 ves
272 840 323 884 et
357 836 690 886 conditionem
725 851 891 885 rerum
926 851 1129 894 novam,
1181 836 1388 893 miram,
1424 834 1691 898 ancipitem
1725 849 1840 882 esse

150 916 478 980 dignamque,
514 933 641 980 quae
673 920 895 966 moretur
929 921 1178 965 catervam
1211 915 1511 974 vicinorum,
1545 913 1725 967 civium
1759 913 1838 962 vel

151 996 463 1062 popularium
498 999 561 1047 ad
594 1011 844 1046 rumorem
890 996 965 1044 vel
1013 995 1274 1060 strepitum
1320 993 1398 1042 vel
1442 994 1709 1042 clamorem
1754 1009 1836 1042 ac-

152 1077 484 1138 currentium3
518 1093 679 1141 neque
712 1076 874 1125 minus
909 1077 1062 1126 totius
1098 1075 1335 1124 dramatis
1360 1073 1658 1139 compositio
1692 1072 1839 1136 digna

154 1171 269 1205 esse
303 1157 470 1216 debet,
506 1157 647 1206 cuius
682 1157 942 1223 spectandi
977 1172 1151 1205 caussa
1185 1171 1471 1221 magnarum
1506 1153 1701 1202 urbium
1737 1153 1839 1201 fre-

152 1236 351 1300 quentia
384 1235 435 1284 in
468 1237 664 1286 theatra
699 1239 974 1298 conveniat,
1008 1253 1133 1301 quae
1166 1237 1339 1285 doctos
1372 1235 1714 1297 indoctosque,
1750 1248 1838 1282 no-

150 1316 277 1364 biles
310 1315 623 1380 humilesque
671 1323 982 1366 commoveat
1027 1323 1080 1365 et
1126 1316 1188 1365 ad
1235 1314 1550 1379 percipienda
1595 1313 1836 1377 graviora,

149 1396 414 1456 severiora,
450 1397 736 1445 sublimiora
762 1397 1007 1445 traducat.
1077 1394 1506 1458 Quemadmodum
1530 1394 1684 1460 igitur
1718 1409 1839 1458 pro-

148 1491 235 1524 sae
266 1476 346 1524 vel
381 1476 630 1539 pedestris
666 1476 903 1525 orationis
936 1492 1093 1541 genus
1126 1476 1312 1524 nullum
1349 1474 1544 1540 gravius
1579 1479 1656 1522 est
1690 1489 1837 1537 quam

148 1556 425 1616 contentio,
474 1572 569 1619 qua
616 1557 665 1605 in
711 1556 907 1605 iudiciis
943 1556 1360 1617 concionibusque
1394 1556 1724 1618 disceptatur:
1771 1555 1838 1601 ita

148 1635 420 1683 carminum
452 1651 608 1699 genus
642 1636 832 1685 nullum
865 1635 1028 1684 acrius
1079 1641 1156 1684 est
1189 1651 1337 1698 quam
1370 1635 1623 1699 tragoedia
1645 1669 1659 1691 ,
1711 1649 1838 1697 quae

146 1715 269 1764 nihil
302 1715 432 1774 lene,
467 1711 586 1764 nihil
619 1716 832 1774 remissi,
869 1716 993 1765 nihil
1027 1715 1226 1780 placidi,
1263 1714 1383 1764 nihil
1419 1713 1670 1778 tranquilli
1704 1713 1835 1779 pati-

147 1799 245 1855 tur,
281 1796 370 1844 sed
404 1797 625 1862 grandia,
662 1796 936 1861 splendida,
969 1797 1178 1857 fervida,
1216 1796 1487 1855 concitata,
1522 1794 1837 1843 vehementia

146 1875 427 1935 desiderat3
462 1893 591 1941 quae
623 1877 810 1937 flectit,
846 1877 1148 1938 inflammat,
1183 1876 1383 1935 incitat,
1432 1874 1616 1939 abripit
1649 1874 1835 1922 animos

145 1955 478 2015 audientium3
529 1972 655 2018 quae
705 1958 1128 2020 repraesentando
1175 1970 1497 2019 quaecunque
1545 1954 1836 2003 mortalibus

46 2077 52 2082 .
145 2035 449 2100 gravissima,
483 2036 824 2096 atrocissima,
859 2037 1134 2084 miserrima
1167 2035 1398 2083 accidere
1429 2039 1655 2098 possunt,
1688 2033 1835 2082 fami—

145 2114 410 2164 liaritatem
445 2115 688 2179 quandam
722 2116 899 2163 harum
933 2131 1099 2164 rerum
1136 2115 1310 2163 animis
1345 2114 1607 2176 contrahit,
1644 2118 1698 2161 ut
1729 2128 1836 2161 me-

145 2195 387 2243 ditatione
422 2194 660 2243 malorum
695 2201 859 2244 metus
894 2196 1327 2258 miserationisque
1357 2194 1565 2244 affectus
1600 2193 1837 2257 quodam-

144 2275 294 2322 modo
327 2279 613 2338 purgentur.
684 2274 855 2338 ltaque
889 2275 1120 2323 Herculis
1144 2275 1437 2338 insignibus,
1473 2274 1610 2322 clava
1632 2278 1682 2321 et
1705 2272 1836 2338 pelle

145 2353 332 2413 leonis,
381 2354 657 2417 praeditam
701 2352 898 2400 Musam
946 2354 1229 2416 tragoediae
1273 2360 1471 2402 veteres
1517 2353 1834 2411 effinxerunt„

148 2431 440 2481 fortitudine
485 2432 615 2479 illam
665 2437 716 2480 et
762 2433 1040 2498 granditate
1086 2432 1292 2482 summis
1339 2432 1578 2482 heroibus
1621 2432 1834 2480 similem

147 2528 262 2561 esse
295 2511 654 2577 significantes.

277 2591 420 2640 Hanc
452 2591 606 2656 igitur
639 2592 735 2640 vim
771 2592 1108 2656 virtutemque
1129 2593 1178 2641 in
1206 2592 1451 2657 Euripide
1470 2593 1636 2640 inesse
1662 2591 1835 2641 videns

145 2671 442 2721 Aristoteles
480 2687 591 2720 eum
628 2673 842 2720 maxime
885 2674 1102 2721 omnium
1151 2679 1410 2738 poetarum
1443 2673 1686 2737 tragicum
1722 2687 1834 2720 esse

144 2751 427 2800 affirmavit.
497 2751 634 2811 Quae
668 2753 826 2801 virtus
862 2753 1022 2816 qualis
1058 2754 1137 2813 sit,
1176 2754 1329 2817 magis
1363 2753 1579 2801 elucebit
1610 2752 1838 2818 planum-

145 2847 243 2896 que
276 2831 382 2887 fiet,
420 2832 462 2879 si
495 2832 633 2879 illum
668 2848 780 2881 cum
823 2831 1040 2881 Goethio
1074 2839 1245 2882 nostro
1280 2848 1581 2898 compones,
1618 2833 1834 2896 qui'tra-

144 2911 337 2977 goediis
373 2911 649 2959 scribendis
674 2912 975 2977 tragicisque
999 2914 1263 2962 affectibus
1283 2913 1616 2978 exprimendis
1635 2912 1836 2960 minime

144 3007 200 3040 se
230 2990 468 3039 idoneum
503 3007 616 3039 esse
648 2992 760 3056 ipse
796 2992 969 3044 sensit.
1039 2992 1148 3042 Non
1184 2993 1346 3041 defuit
1378 2992 1496 3041 huic
1523 2991 1724 3055 quidem
1756 2990 1833 3039 fa-

146 3071 304 3121 cultas
336 3071 739 3121 inveniendarum
775 3088 1060 3122 caussarum
1103 3090 1221 3122 vere
1254 3073 1554 3139 tragicarum
1591 3071 1834 3134 effingen-

144 3152 418 3215 dorumque
466 3167 667 3200 casuum
717 3153 1104 3202 miserrimorum
1143 3153 1275 3217 (nam
1323 3151 1599 3203 citharoedi
1634 3151 1832 3216 quidem

142 3246 370 3295 persona,
406 3248 534 3295 quae
569 3238 648 3281 est
679 3233 727 3281 in
762 3233 930 3281 fabula
959 3233 1213 3282 Guilielmi
1230 3233 1474 3298 Magistri,
1510 3232 1571 3279 ad
1607 3231 1833 3280 afficien-

139 3309 236 3358 dos
271 3311 609 3362 misericordia
658 3314 843 3362 animos
891 3313 1149 3378 aptissima
1199 3329 1257 3362 ac
1304 3331 1366 3363 ne
1401 3312 1594 3377 Oedipo
1630 3312 1831 3376 quidem

142 3390 303 3438 minus
337 3391 520 3454 tragica
554 3393 687 3457 est)3
724 3393 814 3442 sed
849 3408 961 3441 cum
995 3397 1133 3442 esset
1166 3395 1305 3460 pacis
1330 3399 1480 3458 atque
1501 3390 1833 3455 tranquillita-

143 3468 210 3517 tis
244 3470 484 3519 amantior
515 3477 568 3522 et
599 3489 764 3523 rerum
800 3472 1040 3523 atrocium
1084 3474 1159 3523 vel
1207 3474 1555 3539 cogitationem
1589 3472 1832 3528 horreret,
