2176 3874
1177 311 1301 371 542

531 458 619 511 καὶ
653 455 748 509 τὸν
781 455 902 522 περὶ
927 458 1100 525 ψυχῆς
1134 458 1339 526 δρόμον
1371 459 1594 527 δραμεῖν

400 541 493 607 (cf.
531 541 706 606 fragm.
742 539 898 591 Alcm.
934 539 1112 606 X1V.‚)
1146 543 1196 591 in
1229 543 1380 592 Ranis
1413 559 1457 594 v.
1492 547 1583 593 93·

529 618 814 687 χελιδόνων
845 621 1073 685 μουσεῖα

399 701 490 767 (cf.
524 702 700 765 fragm.
737 701 891 749 Alcm.
927 701 1034 766 ΙΙ.,)
1071 701 1207 750 etin
1241 700 1466 752 Nubibus
1500 719 1544 754 v.
1581 704 1747 753 1413:

529 781 643 841 πῶς
670 778 771 846 γὰρ
797 779 856 831 τὸ
883 777 981 845 μὲν
1008 781 1106 832 σὸν
1132 781 1284 846 σῶμα
1301 778 1399 848 χρὴ
1430 783 1649 849 πληγῶν
1681 781 1917 836 ἀθῶον
1943 776 2079 838 εἶναι

398 861 488 930 (cf.
520 863 699 927 fragm.
735 862 894 911 Alcm.
929 862 1059 913 XIV.
1097 879 1141 911 v.
1179 863 1265 928 5.).

526 942 693 993 Verba
727 942 812 990 illa
843 943 894 991 in
927 944 1113 993 Avibus
1151 939 1215 1007 (v.
1237 945 1433 1008 1242.):

525 1013 710 1087 λιγνὺς
745 1019 802 1072 δὲ
837 1022 988 1087 σῶμα
1022 1021 1110 1074 καὶ
1144 1021 1327 1087 δόμων
1358 1022 1678 1091 περιπτυχὰς

525 1103 912 1153 καταυθαλώσει
943 1114 1044 1153 σου
1080 1104 1498 1168 Λικυμνίαις
1534 1106 1826 1171 βολαῖς,

393 1199 456 1233 an
489 1183 551 1232 ad
586 1184 842 1248 Euripidis
877 1184 1194 1232 didascaliam
1231 1192 1539 1250 spectarent,
1590 1186 1922 1236 Callimachus
1957 1185 2082 1250 (Cy-

394 1263 625 1325 renaeus)
654 1264 913 1324 dubitavit,
949 1265 1059 1324 hac,
1095 1270 1232 1330 puto,
1268 1281 1443 1314 caussa
1478 1273 1662 1328 motus,
1698 1267 1830 1331 quod
1864 1282 1963 1316 non
1995 1266 2082 1316 Li-

391 1344 651 1407 cymnius,
700 1345 789 1393 sed
835 1343 1117 1409 Tlepolemi
1153 1346 1287 1394 navis
1324 1346 1533 1395 fulmine
1567 1363 1805 1410 percussa
1839 1363 1953 1396 esse
1987 1347 2081 1396 fin-

388 1424 612 1489 gebatur.
682 1424 899 1474 Possunt
933 1432 1093 1473 tamen
1130 1425 1212 1474 illa
1248 1426 1321 1474 sic
1356 1426 1416 1474 ab
1454 1426 1695 1490 Euripide
1726 1431 1919 1476 narrata
1952 1426 2080 1477 fuis-

389 1519 474 1563 se,
524 1512 578 1553 ut
623 1504 863 1568 Licymnii
909 1502 1152 1567 ἀλάστωρ
1198 1505 1419 1554 fulminis
1454 1506 1681 1555 mittendi
1715 1521 1888 1555 caussa
1922 1506 2081 1556 fuisse

391 1583 672 1633 videretur:
708 1600 870 1648 neque
919 1586 1050 1634 enim
1099 1587 1162 1634 de
1207 1585 1530 1650 Licymnii
1573 1586 1819 1636 ictibus
1867 1600 1931 1635 ex
1973 1586 2080 1636 aliis

389 1665 552 1728 poetis
587 1666 853 1729 quidquam
889 1666 1136 1714 veteribus
1158 1667 1492 1731 grammaticis
1523 1666 1820 1728 innotuerat,
1853 1671 1911 1716 ut
1934 1683 2082 1731 prae-

388 1749 467 1793 ter
500 1744 753 1809 Euripidis
788 1746 958 1794 drama
993 1747 1138 1806 nihil,
1175 1761 1270 1811 quo
1305 1747 1386 1796 illa
1421 1746 1597 1795 allusio
1630 1745 1924 1808 referretur,
1961 1761 2080 1812 pos·

389 1824 454 1872 sit
515 1825 742 1873 inveniri.
832 1826 940 1874 Nisi
1006 1826 1155 1890 igitur
1217 1843 1298 1875 me
1357 1826 1491 1875 fallit
1553 1827 1751 1892 opinio,
1821 1843 1919 1892 qua
1981 1826 2080 1876 hoc

388 1904 561 1952 drama
602 1905 700 1952 iam
746 1905 795 1954 in
845 1904 1027 1969 Vespis
1075 1907 1400 1970 Nubibusque
1433 1914 1716 1971 respectum
1752 1923 1866 1956 esse
1900 1910 2078 1967 statuo,

388 1984 644 2047 sequitur,
690 1991 744 2034 ut
777 1991 889 2035 ante
926 1986 1003 2034 01.
1039 1990 1122 2048 89,
1159 1990 1207 2039 1.
1245 1988 1391 2053 vulgo
1425 1988 1707 2038 innotuerit.
1774 1987 1950 2051 Itaque
1982 2002 2080 2036 una

389 2055 760 2114 cum‘Hecuba
811 2067 860 2114 in
911 2082 1110 2114 scenam
1148 2067 1365 2115 delatum
1401 2083 1514 2115 esse
1550 2069 1761 2116 coniicio
1794 2070 2081 2132 propterea,

389 2144 523 2207 quod
586 2145 959 2194 similitudinem
1013 2146 1256 2209 quandam
1309 2161 1418 2194 sors
1477 2146 1717 2195 Hecubae
1777 2162 1890 2194 cum
1943 2151 2080 2195 sorte

387 2223 658 2272 Alcmenae
694 2224 879 2273 habere
912 2224 1123 2276 videtur.

521 2303 726 2351 Praeter
753 2304 1139 2368 Aristophanem
1169 2310 1332 2354 autem
1355 2304 1502 2352 etiam
1527 2304 1748 2364 Plautus,
1783 2303 2080 2353 Plutarchus

388 2381 572 2447 (Marc.
607 2399 656 2447 p.
694 2386 808 2433 310.
845 2381 945 2449 C.),
976 2383 1222 2450 Diogenes
1246 2382 1435 2447 L.<111‚
1457 2382 1585 2448 63.),
1620 2384 1929 2444 Macrobius,
1948 2382 2079 2432 Pho·

387 2463 516 2523 tius,
567 2463 851 2528 Hesychius
897 2464 1082 2527 aliique
1125 2465 1188 2514 ad
1232 2464 1361 2514 hanc
1394 2465 1702 2531 tragoediam
1734 2467 2080 2529 respexerunt.

788 2794 853 2851 C.
950 2795 1662 2851 Plisthenes.

1841 2877 1868 2909 ι

519 2940 879 3005 Argumentum
914 2942 1060 2990 huius
1096 2940 1328 2989 dramatis
1361 2939 1493 3005 apud
1519 2938 1770 3005 Hyginum
1803 2954 1849 2990 c.
1883 2939 1964 2987 86.
2000 2936 2077 2986 in-

390 3019 546 3068 veniri
592 3021 782 3084 primus
833 3021 955 3069 vidit
990 3020 1321 3085 MusgraviuS.
1390 3020 1527 3068 Illius
1560 3018 1777 3067 narratio
1810 3018 1938 3066 haec
1971 3021 2076 3066 est:

390 3097 678 3163 „Thyestes
698 3136 711 3157 ,
749 3100 950 3166 Pelopis
987 3106 1038 3150 et
1072 3100 1437 3164 Hippodamiae
1470 3099 1619 3158 filius,
1660 3097 1795 3161 quod
1828 3112 1942 3146 cum
1976 3096 2077 3145 Ae·

387 3193 538 3242 ropa‚
587 3180 726 3228 Atrei
767 3197 952 3237 uxore,
1004 3179 1301 3239 concubuit,
1347 3195 1375 3227 a
1419 3179 1577 3227 fratre
1622 3180 1778 3227 Atreo
1823 3175 1887 3249 de
1919 3189 2077 3242 regno

387 3263 469 3306 est
503 3258 708 3308 eiectus.
792 3261 859 3310 At
906 3260 948 3308 is
995 3259 1134 3308 Atrei
1183 3259 1368 3319 filium,
1417 3257 1750 3317 Plisthenem,
1799 3271 1948 3320 quem
1984 3248 2077 3319 pro

390 3353 480 3386 suo
527 3338 849 3399 educaverat,
898 3339 959 3386 ad
1007 3340 1214 3387 Atreum
1257 3337 1656 3388 interficiendum
1699 3337 1847 3385 misit.
1916 3335 2077 3397 Quem

389 3417 571 3466 Atreus
610 3419 818 3468 credens
854 3419 1024 3468 fratris
1060 3418 1216 3467 filium
1254 3434 1384 3480 esse,
1416 3416 1704 3482 imprudens
1737 3415 1896 3465 filium
1929 3427 2077 3463 suum

390 3494 629 3546 occidit.'’
697 3498 840 3549 Hanc
874 3503 1041 3549 tamen
1074 3498 1405 3548 narrationem
1439 3512 1538 3547 non
1574 3512 1636 3546 ex
1670 3496 1781 3562 ipso
1815 3491 2074 3558 Euripide,
