2176 3874
897 307 1019 364 347

127 453 224 509 sit!
291 458 368 509 Ne
399 457 517 524 quid
549 457 818 518 omittatur,
853 455 982 520 quod
998 454 1063 502 sit
1093 454 1144 504 in
1178 454 1272 502 hac
1304 451 1555 517 tragoedia
1588 468 1618 501 a
1649 455 1787 501 vete·

127 541 266 590 ribus
299 539 686 604 reprehensum,
716 541 948 585 notarunt
979 534 1311 598 grammatici,
1347 533 1477 598 quod
1511 549 1606 582 non
1641 533 1787 582 siccis

130 620 287 670 oculi·
321 618 505 669 Medea
553 619 617 667 de
667 618 932 666 liberorum
981 630 1104 663 nece
1147 614 1333 680 cogitet
1380 614 1446 677 *·).
1517 613 1559 662 Ο
1605 614 1790 663 siccum

131 716 285 767 genus
319 698 594 748 hominum!
644 724 702 732 --
766 695 932 754 Multi,
969 694 1135 758 quanti
1170 695 1294 742 hanc
1322 693 1536 742 fabulam
1561 693 1790 750 fecerint,

129 780 410 837 lectitando,
434 777 668 826 imitando
687 776 1025 838 laudandoque
1045 774 1298 823 testificati
1322 780 1434 822 sunt
1453 790 1465 821 :
1486 775 1618 822 velut
1633 773 1793 838 Chry-

129 860 330 924 sippus,
367 859 642 907 Stoicorum
676 858 934 922 princeps,
985 856 1035 903 in
1069 854 1195 902 libro
1231 853 1440 918 quodam
1477 859 1663 903 tantum
1698 870 1795 903 nou

129 955 300 987 omnes
338 938 548 987 Medeae
583 952 751 985 versus
785 951 874 1000 pro
910 935 1207 984 testimoniis
1243 939 1512 999 posuerat,
1551 950 1678 997 quae
1711 950 1792 982 res

130 1035 294 1067 ansam
331 1020 555 1084 praebuit
599 1015 833 1064 irridendi
882 1015 1012 1063 illius
1049 1014 1271 1074 cuidam,
1317 1014 1401 1077 qui
1448 1015 1794 1076 interrogatus,

130 1115 391 1162 quemnam
423 1099 598 1146 librum
634 1102 1009 1152 manuteneret,
1044 1095 1292 1153 Medeam,
1326 1082 1597 1158 respondit,
1634 1093 1795 1158 Chry-

131 1178 263 1244 sippi
299 1177 392 1242 ³⁵2²).
465 1177 650 1226 Ennius
695 1176 822 1224 hauc
856 1177 1155 1240 tragoediam
1194 1190 1287 1224 uon
1321 1175 1540 1223 imitatus
1577 1180 1669 1233 est,
1706 1173 1795 1223 sed

131 1275 288 1324 paene
311 1259 511 1307 verbum
534 1256 596 1305 de
619 1257 769 1304 verbo
795 1257 1076 1319 exprimens
1096 1255 1350 1304 convertit.
1419 1255 1618 1303 Summa
1652 1253 1800 1303 laude

129 1338 326 1404 dignam
372 1338 543 1386 habuit
589 1337 898 1386 Archimelus
946 1335 996 1384 in*
1042 1336 1423 1401 epigrammate,
1474 1334 1603 1398 quod
1651 1351 1799 1400 supra

129 1418 576 1483 transscripsimus.
646 1418 897 1479 Quosdam
921 1432 1093 1465 versus
1127 1417 1341 1465 imitatus
1364 1420 1442 1464 est
1460 1414 1666 1464 Ovidius
1689 1416 1799 1464 libri

129 1497 238 1550 Vll.
276 1499 496 1547 versibus
534 1501 763 1547 10-73,
833 1497 1040 1562 Saepius
1074 1497 1135 1544 ad
1171 1513 1278 1545 eam
1311 1495 1533 1560 respexit
1565 1496 1799 1546 Horatius

131 1578 319 1643 (Epod.
366 1577 429 1638 V,
464 1580 694 1626 61-66,
733 1579 840 1627 Art.
885 1583 1018 1643 poet.
1058 1575 1210 1641 123.)
1281 1577 1492 1638 Brutus,
1538 1583 1800 1641 antequam

132 1665 344 1707 mortem
380 1659 474 1707 sibi
517 1658 754 1718 inferret,
788 1675 931 1707 versu
968 1661 1081 1710 332.
1106 1665 1261 1708 ‘utens
1295 1658 1466 1706 hostes
1501 1656 1799 1718 e‘xsecravit3

135 1740 344 1788 eundem
379 1754 574 1787 versum
609 1740 656 1787 in
690 1741 843 1787 risum
869 1739 1065 1802 quidam
1103 1739 1313 1787 detorsit
1337 1737 1464 1803 apud
1493 1738 1800 1788 Athenaeum
1840 1787 1847 1807 Ι

137 1818 197 1868 V.
231 1837 282 1884 p.
318 1821 429 1868 156.
464 1819 522 1870 F.
591 1818 765 1868 Cicero
801 1835 950 1882 quum
986 1820 1046 1867 ab
1079 1819 1391 1868 inimicorum
1417 1819 1683 1867 emissariis
1719 1835 1803 1868 oc-

134 1900 415 1959 cideretur,
463 1899 513 1947 in
557 1900 730 1948 lectica
777 1901 956 1948 sedens
1005 1899 1255 1964 Euripidis
1306 1898 1532 1947 Medeam
1580 1901 1800 1949 manibus

133 1979 292 2029 tenuit
324 1976 452 2043 ***).
521 1980 703 2043 Magna
751 1996 866 2045 pars
912 1997 1140 2029 versuum
1177 1996 1203 2027 a
1239 1979 1554 2027 nobilissimis
1589 1980 1801 2046 scripto-

131 2060 275 2108 ribus
297 2059 615 2123 transscripta
649 2064 754 2119 est,
789 2061 924 2110 velut
958 2062 1017 2108 ab
1053 2059 1324 2109 Aristotele
1359 2060 1408 2107 in
1445 2060 1590 2109 Rhet.
1626 2060 1682 2118 ll,
1719 2063 1800 2109 21.

131 2155 305 2190 versus
326 2141 628 2190 298—301.
667 2138 883 2189 Maxime
901 2147 1065 2190 autem
1089 2141 1306 2189 omnium
1326 2156 1498 2189 versus
1519 2142 1648 2190 1078
1667 2157 1769 2206 seq.
1787 2158 1801 2190 τ

265 2216 356 2271 καὶ
388 2218 649 2284 μανθάνω
683 2217 779 2285 μὲν
814 2213 901 2271 οἷα
935 2220 1071 2286 δρᾶν
1104 2217 1272 2286 μέλλω
1305 2218 1459 2279 κακοί,

258 2300 437 2366 θυμὸς
471 2297 528 2351 δὲ
561 2300 819 2364 κρείσσων
847 2302 960 2352 τῶν
987 2299 1125 2368 ἐμῶν
1151 2301 1553 2366 βουλευμάτων,

136 2381 370 2433 celebrati
388 2387 542 2444 erant,
578 2397 701 2445 quos
738 2384 810 2431 sic
844 2384 1062 2432 imitatus
1099 2388 1176 2430 est
1208 2382 1414 2431 Ovidius
1448 2383 1480 2430 l.
1516 2383 1576 2434 l.:

239 2489 332 2505 .--
397 2489 462 2498 —
528 2490 594 2496 -——
660 2461 855 2511 video
890 2463 1174 2512 meliora
1200 2462 1563 2528 proboque,

267 2541 644 2591 Deteriora
676 2559 931 2608 sequor.

137 2622 214 2671 Ex
268 2622 692 2683 grammaticorum
740 2639 960 2687 quoque,
1023 2625 1104 2689 qui
1149 2625 1200 2673 in
1250 2623 1454 2672 scholiis
1503 2639 1805 2673 commemo-

137 2708 319 2763 rantur,
354 2702 527 2750 studiis
563 2702 625 2751 de
660 2703 939 2768 frequentia
974 2704 1201 2754 lectionis
1234 2703 1442 2752 iudicari
1475 2708 1658 2768 potest.
1705 2706 1806 2754 Ex-

138 2783 328 2831 stabant
362 2783 491 2831 enim
522 2783 597 2830 vel
625 2786 962 2833 commentarii
997 2787 1073 2834 vel
1111 2785 1424 2834 recensiones
1447 2783 1644 2848 Didymi
1671 2783 1808 2849 (vide

137 2862 294 2911 schol.
330 2861 388 2910 ad
424 2878 467 2911 v.
491 2865 602 2915 149.
636 2866 747 2911 171.
784 2868 896 2916 360.
931 2868 1041 2914 383.
1067 2868 1179 2914 732.
1207 2866 1393 2928 1409),
1430 2864 1651 2930 Dionysii
1670 2865 1806 2930 (vide

137 2942 395 2991 Matthiaei
431 2949 595 2992 notam
631 2944 690 2992 ad
711 2961 754 2992 v.
784 2948 975 3006 1409.),
1012 2947 1298 3010 Apollodori
1330 2945 1506 3009 (schol.
1542 2945 1602 2994 ad
1622 2962 1667 2993 v.
1693 2947 1807 2998 171.

140 3022 302 3086 149),
337 3022 659 3073 Timachidae
696 3025 832 3090 ²²“²²‘¹²²³²)
871 3024 955 3088 (ad
994 3043 1038 3079 v.
1061 3029 1106 3075 1.
1131 3033 1181 3075 et
1217 3027 1351 3090 169.)
1387 3032 1533 3091 atque
1559 3025 1808 3075 Eurenaei

140 3101 224 3167 (ad
259 3118 304 3152 v,
340 3102 494 3167 222).
564 3104 786 3170 Denique
813 3107 1294 3158 commemorandum
1312 3112 1406 3170 est,
1441 3107 1573 3171 quod
1590 3101 1808 3156 artifices

207 3299 258 3353 *)
290 3300 359 3342 Cf.
391 3302 541 3344 Schol.
574 3302 632 3344 ud
659 3317 703 3345 v.
733 3301 834 3346 911.
866 3309 996 3360 atque
1024 3308 1337 3362 argumentum
1366 3304 1504 3360 prius.

177 3369 256 3424 *ἢ
287 3371 415 3428 Diog.
446 3372 593 3415 Laert.
619 3374 714 3427 vn,
750 3373 845 3416 180.

150 3439 259 3494 ***)
287 3442 565 3496 Hephaestio
596 3445 716 3500 apud
747 3445 956 3487 Photium
985 3446 1114 3489 CXC.
1142 3462 1187 3502 p.
1214 3445 1315 3489 250.

142 3510 251 3564 '***)
281 3511 351 3554 Cf.
382 3513 437 3554 de
466 3515 623 3556 eodem
651 3516 792 3558 schol.
824 3517 880 3558 ad
909 3515 1135 3573 Aristoph.
1165 3518 1281 3560 Rau.
1311 3516 1408 3559 873.
