2144 3854
1121 306 1242 364 302

345 461 610 515 carentem,
645 453 878 519 periculis
913 453 1296 503 circumventum
1331 468 1445 503 esse
1478 453 1690 514 videnti,
1724 458 2010 522 persuadet,

344 542 402 587 ut
431 536 679 599 hospitem
699 569 714 591 ‚
762 550 908 599 quem
959 533 1114 583 semel
1160 538 1415 599 receptum
1448 533 1543 583 iam
1579 535 1832 586 dimittere
1866 543 2013 602 atque

343 632 373 666 e
406 616 598 664 civitate
627 630 907 675 removere,
958 614 1073 679 quin
1105 621 1303 678 spretus
1338 615 1562 664 iniuriam
1597 615 1889 676 ulciscatur,
1925 632 2013 666 ne·

343 700 521 759 queat,
566 709 753 743 veneno
794 693 1078 743 interficere
1112 696 1389 744 constituat.
1461 694 1570 743 Hac
1602 693 1776 745 fraude
1809 712 2012 763 compo-

345 776 439 824 sita
486 775 614 823 intro
659 775 843 823 abeunt
884 773 943 822 ad
981 775 1249 824 ornandum
1284 775 1542 840 prandium
1577 790 1688 825 cum
1723 777 1833 826 vino
1865 793 2013 826 vene-

343 860 476 915 nato,
510 856 572 903 ad
606 855 738 918 quod
770 853 1020 903 Theseum
1054 855 1253 921 Aegeus
1286 856 1573 905 invitaturus
1608 862 1685 905 est
1704 854 1774 919 ⁴¹).

475 934 636 984 Locus
670 935 730 984 fit
762 935 909 983 tertio
942 934 1081 983 chori
1116 935 1330 984 carmini.
1396 934 1549 985 Redit
1571 936 1622 985 in
1648 951 1845 985 scenam
1878 935 2014 986 The-

344 1031 488 1065 seus:
525 1016 607 1078 qui
641 1031 788 1078 quum
826 1020 983 1074 antea,
1018 1031 1080 1064 ne
1114 1015 1343 1064 infestam
1379 1016 1588 1065 haberet
1622 1032 1895 1077 novercam,
1929 1032 2016 1080 ge-

343 1112 434 1146 nus
467 1112 607 1144 suum
644 1094 897 1144 celandum
932 1110 1045 1143 esse
1079 1095 1368 1157 censuisset,
1399 1096 1497 1144 iam
1543 1083 1725 1146 Medea
1749 1097 1892 1146 ultro'
1915 1097 2014 1146 ira-

344 1182 530 1236 scente,
565 1192 661 1224 non
696 1175 852 1223 solum
887 1173 1138 1232 inutilem,
1193 1175 1279 1223 sed
1315 1176 1641 1240 periculosam
1677 1192 1875 1240 quoque
1909 1175 2013 1225 dis-

343 1257 700 1306 simulationem
737 1253 846 1302 fore
879 1254 1125 1319 intelligit.
1194 1255 1364 1318 ltaque
1387 1257 1757 1323 opportunitate
1785 1258 1900 1306 data
1929 1272 2016 1321 pa-

343 1337 439 1396 tri,
485 1337 591 1399 quis
625 1336 721 1394 sit,
769 1334 961 1397 aperire
1009 1335 1274 1383 constituit.
1344 1335 1484 1384 Haec
1532 1337 1692 1385 animo
1738 1337 2015 1385 volventem

343 1414 523 1464 Medea
557 1430 618 1463 ex
651 1414 856 1463 aedibus
890 1419 1061 1479 parato
1095 1414 1298 1480 prandio
1323 1415 1518 1464 rediens
1542 1417 1784 1477 convenit,
1818 1420 1869 1465 et
1899 1431 2016 1465 cou-

343 1500 516 1560 specto
548 1494 864 1544 adolescente
897 1495 1245 1558 poenitentiam
1281 1494 1515 1544 simulans
1549 1495 1832 1544 iracundiae
1863 1496 1925 1544 ad
1946 1496 2015 1544 ci-

345 1575 435 1623 bos
469 1580 665 1640 paratos
699 1575 1024 1624 communiter
1058 1591 1170 1624 cum
1205 1576 1374 1639 Aegeo
1409 1576 1673 1625 sumendo·
1702 1574 1882 1625 blande
1903 1590 2017 1623 eum

342 1654 530 1705 invitat.
599 1653 823 1717 Ingresso
866 1655 915 1702 in
959 1654 1107 1704 aedes
1152 1654 1387 1715 Theseo,
1439 1655 1503 1703 de
1545 1670 1781 1705 successu
1829 1654 2019 1704 fraudis

344 1749 679 1799 praepropere
712 1735 807 1783 sibi
839 1734 1123 1798 gratulatur.
1195 1733 1315 1783 Mox
1349 1750 1474 1784 unus
1508 1751 1568 1783 ex
1602 1734 1799 1783 famulis
1833 1750 1895 1783 ex
1929 1733 2018 1783 do-

344 1830 425 1863 mo
459 1814 690 1878 prodiens
723 1816 941 1879 agnitum
977 1817 1037 1864 ab
1073 1816 1240 1880 Aegeo
1263 1815 1415 1864 filium
1445 1831 1557 1864 esse
1585 1821 1636 1864 et
1665 1814 1877 1864 Medeae
1899 1829 2019 1878 sup·

342 1894 544 1960 plicium
571 1894 825 1943 imminere
852 1896 1055 1946 nuntiat.
1106 1895 1248 1956 Rem,
1277 1895 1524 1960 quomodo
1547 1895 1784 1955 evenerit,
1813 1893 2019 1944 Ovidius

344 1980 494 2039 atque
530 1974 819 2023 Plutarchus
855 1975 1051 2037 docent,
1086 1991 1293 2040 quorum
1330 1975 1415 2023 ille
1449 1992 1492 2023 v.
1526 1977 1655 2023 4192

1082 2055 1208 2116 „Ea
1243 2055 1474 2119 coniugis
1512 2061 1629 2103 astu

475 2132 596 2200 Ipse
619 2149 815 2199 parens
848 2133 1061 2200 Aegeus
1093 2141 1219 2183 nato
1246 2135 1499 2200 porrexit,
1531 2139 1591 2183 ut
1623 2134 1774 2184 hosti.

474 2212 744 2262 Sumserat
779 2215 965 2279 ignara
1004 2214 1225 2263 Theseus
1260 2213 1389 2263 data
1415 2215 1610 2280 pocula
1645 2213 1848 2274 dextra,

478 2292 645 2356 Quum
675 2301 829 2360 pater
863 2295 918 2342 in
953 2296 1137 2360 capulo
1167 2294 1337 2361 gladii
1372 2296 1606 2360 cognovit
1642 2295 1834 2343 eburno

478 2372 648 2440 Signa
678 2375 764 2422 sui
792 2377 1012 2440 generiS‚
1035 2377 1350 2441 facinusque
1386 2375 1609 2423 excussit
1647 2375 1711 2423 ab
1745 2380 1867 2426 ore?

344 2454 597 2504 Plutarchi
647 2461 812 2504 autem
859 2456 1006 2503 verba
1052 2457 1175 2504 haec
1211 2461 1350 2504 sunt.
1402 2450 1576 2505 ἐλθὼν
1611 2447 1712 2504 οὖν
1745 2452 1775 2505 ὁ
1815 2431 2020 2520 Θησέυς

343 2529 428 2585 ἐπὶ
459 2529 519 2584 τὸ
551 2535 783 2599 ἄριστον,
821 2534 922 2585 οὐκ
954 2530 1224 2598 ἐδοκίμαζε
1257 2534 1478 2599 φράζειν
1512 2534 1707 2595 αὐτόν,
1752 2533 1887 2595 &sug
1919 2533 2016 2601 εἴη,

341 2613 611 2680 πρότερος,
648 2610 826 2685 ἐκείνω
861 2614 918 2666 δὲ
952 2615 1278 2682 βουλόμενος
1311 2613 1478 2683 ἀρχὴν
1511 2613 1834 2681 ἀνευρέσεως
1853 2633 2017 2680 παρα-

343 2698 485 2762 σχεῖν
501 2733 514 2756 ,
559 2697 732 2761 κρεῶν
765 2696 1191 2763 παρακειμένων,
1241 2698 1575 2762 σπασάμενος
1605 2695 1704 2764 τὴν
1752 2696 2019 2763 μάχαιραν

344 2775 417 2837 ὡς
447 2779 614 2827 ταῦτα
647 2778 846 2842 τεμῶν,
897 2774 1164 2830 ἐδείκνυεν
1208 2775 1404 2844 ἐκείνῳ.
1496 2771 1639 2842 Ταχὺ
1684 2776 1742 2828 δὲ
1784 2793 2014 2840 καταμα-

341 2856 459 2909 θὼν
493 2856 523 2908 ὁ
558 2851 753 2924 Αἰγεὺς
802 2856 900 2925 τὴν
932 2860 1029 2923 μὲν
1061 2858 1248 2909 κύλικα
1279 2862 1379 2909 τοῦ
1426 2857 1714 2924 φαρμάκου
1747 2854 2016 2924 κατέβαλε,

339 2935 437 2988 τὸν
482 2937 539 2988 δὲ
586 2937 710 2990 υἱὸν
742 2938 1031 3004 ἀνακρίνας
1061 2939 1347 3007 ἠσπάζετο,
1391 2937 1480 2991 καὶ
1525 2936 1847 3005 συναγαγὼν
1889 2931 2016 2999 τοὺς

340 3017 556 3078 πολίτας
590 3015 865 3084 ἐγνώριζεν
899 3021 1095 3084 αὐτόν,
1144 3020 1312 3088 ἡδέως
1355 3019 1631 3087 δεχόμενος
1672 3019 1759 3071 διὰ
1791 3018 1890 3086 τὴν
1922 3017 2013 3068 α’ν-

339 3097 655 3164 δραγαδίαν.
742 3102 919 3152 Statim
962 3102 1193 3151 Theseus
1228 3104 1335 3168 ipse
1368 3118 1429 3151 ex
1463 3103 1668 3152 aedibus
1701 3101 2015 3167 progreditur

337 3186 396 3230 et
427 3181 712 3230 vehementi
756 3183 833 3231 ira
880 3183 1110 3232 incitatus
1145 3182 1375 3232 conviciis
1407 3181 1861 3247 opprobriisque‘in
1896 3178 2015 3230 Me-

337 3260 484 3310 deam
520 3260 794 3309 invehitur.

476 3330 518 3389 ὦ
552 3339 924 3404 θερμόβουλον
957 3343 1258 3409 σπλαγχνον
1281 3339 1375 3404 **)

396 3454 448 3508 ²¹²)
477 3454 608 3499 ovid.
638 3455 734 3509 vn,
761 3454 860 3499 466.

380 3524 547 3579 *.)Cf
578 3525 738 3569 Matth.
771 3541 814 3582 p.
843 3525 941 3571 426.
973 3527 1140 3584 fiagm.
1163 3523 1260 3569 244.
