2144 3854
904 263 1026 320 187

125 434 208 470 me
238 416 492 484 poenitet:
527 413 733 464 meliora
764 411 895 460 enim
927 409 1040 458 fore
1074 422 1223 473 spero
1257 420 1387 472 quae
1419 403 1655 469 deinceps
1686 401 1811 452 scri-

124 502 258 552 bam.
325 498 452 548 Nam
487 495 621 560 quod
652 494 704 542 in
736 490 895 556 pomis
930 493 1023 549 est,
1056 488 1255 548 itidem,
1290 486 1480 552 inquit,
1526 499 1641 534 esse
1675 483 1813 532 aiunt

126 579 180 630 in
212 578 455 643 ingeniis:
489 591 618 640 quae
652 574 776 621 dura
807 573 861 618 et
890 568 1069 617 acerba
1101 572 1388 625 nascuntur,
1423 571 1538 630 post
1568 565 1696 614 fiunt
1719 562 1814 612 mi-

125 660 198 710 tia
229 664 284 709 et
314 657 556 715 iucunda3
599 653 690 703 sed
733 665 860 715 quae
891 649 1157 713 gignuntur
1200 648 1370 696 statim
1402 648 1535 697 vieta
1568 650 1619 695 et
1651 643 1818 694 mollia

129 744 280 803 atque
313 738 363 787 in
394 733 637 800 principio
673 737 786 780 sunt
818 730 992 788 uvida,
1037 743 1136 776 non
1169 732 1363 776 matura
1395 727 1548 789 fiunt,
1596 726 1688 776 sed
1720 742 1816 791 pu-

127 816 275 869 tria.’'
341 816 540 866 Attiano
573 813 726 862 Atreo
761 810 955 873 saepius
988 813 1226 872 tanquam
1258 807 1648 857 luculentissimo
1679 806 1817 855 furo-

129 900 198 948 ris
232 893 678 956 dominationisque
711 889 940 954 exemplo
973 888 1132 937 utitur
1166 888 1371 950 Cicero,
1417 889 1553 936 velut
1596 886 1660 934 de
1694 889 1820 934 orat.

131 978 213 1040 111,
241 980 340 1038 58„
374 971 624 1032 Tusc.1V‚
643 973 742 1030 36..
778 968 878 1020 Off.
896 968 933 1030 Ι,
946 971 1044 1030 28.,
1077 970 1296 1032 itemque
1313 968 1552 1017 Horatius
1577 966 1671 1015 od.
1686 965 1723 1025 1,
1738 967 1819 1028 16,

131 1061 214 1111 Π.
282 1053 520 1107 Eiusdem
569 1066 834 1117 personam
880 1049 1121 1100 Aemilius
1167 1049 1383 1098 Scaurus
1417 1052 1823 1114 repraesentave-

132 1143 211 1188 rat
242 1133 499 1202 tragoedia
532 1130 763 1196 quadam,
800 1129 880 1179 cui
913 1144 1092 1179 nomen
1125 1129 1450 1194 inscripserat
1477 1128 1650 1179 Atrei:
1686 1126 1825 1177 cuius

133 1218 354 1268 moribus
401 1228 554 1278 quum
605 1209 864 1260 Tiberium
917 1215 1118 1259 notasse
1170 1210 1445 1272 videretur,
1497 1211 1583 1260 hic
1636 1209 1826 1272 dicens,

139 1296 368 1363 quoniam
402 1294 514 1360 ipse
546 1292 607 1341 ab
637 1307 698 1340 eo
731 1291 916 1340 Atreus
951 1290 1119 1339 factus
1154 1296 1321 1350 esset,
1368 1307 1424 1340 se
1474 1296 1645 1340 contra
1687 1290 1829 1340 illum

134 1378 386 1428 facturum
421 1374 679 1428 Aiantem‚
712 1377 930 1421 mortem
965 1371 1060 1420 sibi
1094 1372 1407 1421 consciscere
1440 1371 1588 1421 iussit
1611 1372 1682 1432 *).
1739 1370 1830 1422 Vi-

134 1458 281 1508 detur
313 1456 399 1505 hic
425 1469 622 1519 quoque
646 1452 941 1515 Euripidem
967 1452 1184 1500 imitatus
1205 1469 1335 1514 esse,
1369 1452 1419 1500 id
1445 1451 1576 1516 quod
1595 1451 1832 1501 aSeneca

135 1537 327 1587 factum
360 1550 476 1585 esse
509 1537 732 1597 apparet.
798 1530 876 1580 Ne
909 1531 1123 1580 artifices
1158 1533 1359 1595 quidem
1387 1531 1603 1581 fabulam
1626 1531 1832 1598 Euripi·-

141 1618 221 1667 dis
251 1615 592 1680 neglexerunt.
659 1610 968 1660 Testimonio
1003 1615 1084 1661 est
1114 1611 1384 1677 amphorae
1416 1612 1641 1676 pictura,
1685 1627 1834 1676 quam

141 1696 364 1747 reddidit
380 1693 641 1757 Milliugen
656 1693 754 1741 tab.
781 1693 862 1741 23.
884 1690 984 1756 *'‘)‚
1015 1707 1113 1756 qua
1131 1696 1533 1756 repraesentatur
1562 1692 1835 1757 Thyestes,

143 1776 326 1826 canitie
357 1774 541 1825 barbae
572 1771 797 1838 insignis,
829 1772 881 1821 in
909 1788 996 1820 ara
1019 1773 1216 1833 sedens,
1251 1778 1304 1821 et
1324 1773 1524 1837 Aerope
1547 1780 1660 1822 cum
1682 1774 1836 1822 Atreo

145 1872 259 1906 eum
303 1856 515 1918 benigue
562 1850 812 1901 invitando
858 1853 1108 1902 deducere
1149 1853 1199 1901 in
1243 1852 1515 1916 hospitium
1561 1854 1837 1903 studentes.

145 1935 308 2001 Super
341 1935 553 1983 Atreum
587 1931 739 1980 Furia
755 1967 771 1992 ,
808 1947 958 1996 super
986 1933 1246 1997 Thyesten
1281 1937 1432 1995 atque
1466 1934 1702 1998 Aeropen
1734 1932 1837 1984 Ve-

145 2029 238 2064 nus
284 2029 396 2063 cum
432 2011 678 2077 Cupidine
720 2012 916 2075 positae
961 2018 1078 2062 sunt
1113 2013 1370 2062 sublimes.
1437 2011 1524 2061 Sic
1567 2013 1716 2078 plena
1760 2018 1840 2062 est

147 2094 415 2159 antiquitas
450 2092 852 2141 testimoniorum
901 2094 1240 2158 praestantiae
1275 2092 1475 2143 fabulae
1508 2093 1838 2159 Euripideae3

148 2174 214 2224 de
247 2172 498 2239 Sophocle
533 2177 700 2222 autem
735 2169 909 2232 οὐδεὶς
940 2172 1098 2240 λόγος
1116 2210 1130 2233 ,
1165 2190 1328 2238 neque
1358 2169 1560 2239 praeter
1591 2179 1697 2224 tres
1730 2187 1840 2224 ver·

150 2269 235 2304 sus
267 2253 538 2318 quidquam
572 2269 635 2304 ex
669 2254 776 2304 eius
808 2254 1066 2322 tragoedia
1098 2259 1346 2306 servatum
1380 2259 1476 2307 est.

447 2561 517 2616 B.
586 2523 987 2618 Alcmaeon
1043 2563 1116 2616 in
1168 2564 1555 2639 Psophide.

290 2698 646 2762 Argumentum
681 2697 829 2745 huius
864 2696 1061 2746 fabulae
1094 2714 1191 2747 non
1226 2700 1390 2749 solum
1423 2699 1554 2764 apud
1577 2698 1847 2763 Apollodo-

159 2793 268 2827 rum
291 2775 375 2836 ΙΙΙ,
403 2779 453 2838 ’1,
481 2779 527 2824 5.
546 2813 560 2837 ,
612 2775 701 2824 sed
749 2777 898 2826 etiam
933 2777 1062 2842 apud
1097 2778 1392 2828 Pausaniam
1412 2779 1542 2840 vlu,
1567 2781 1649 2840 24,
1676 2780 1725 2828 4.
1762 2794 1847 2828 ex-

163 2861 278 2907 stat.
346 2855 759 2920 Fragmentorum
788 2873 1020 2906 numerus
1056 2859 1264 2925 exiguus
1299 2865 1540 2922 servatur,
1578 2859 1659 2924 qui
1683 2865 1850 2908 tamen

163 2936 330 3003 paullo
363 2936 564 2985 uberior
596 2936 821 2985 redditur
853 2937 1033 2986 additis
1067 2939 1359 3005 fragmentis
1392 2940 1543 3000 Attii,
1579 2939 1718 2988 cuius
1765 2938 1850 2988 Al-

163 3031 450 3067 cmaeonem
474 3016 578 3065 sive
594 3015 974 3081 Alphesiboeam
1000 3017 1215 3083 (duobus
1243 3020 1375 3069 enim
1400 3020 1677 3069 nominibus
1703 3034 1852 3068 unam

165 3095 384 3146 fabulam
430 3096 701 3162 significari
746 3098 941 3162 pridem
982 3099 1103 3148 vidit
1150 3100 1309 3149 Bothe
1351 3101 1402 3149 in
1436 3116 1562 3150 mus.
1596 3100 1756 3151 Rhen.
1789 3098 1851 3150 V.

167 3193 219 3242 p.
259 3176 396 3237 252.)
442 3193 505 3225 ex
547 3177 801 3241 Euripidis
854 3178 1023 3228 fabula
1068 3196 1355 3246 expressam
1394 3179 1556 3232 fuisse
1603 3186 1740 3246 patet
1790 3195 1853 3230 ex

167 3257 265 3305 hoc
297 3272 443 3306 versu
459 3273 474 3304 ι

238 3384 280 3436 ¹')
309 3383 393 3425 Dio
421 3383 544 3425 Cass.
573 3383 728 3427 LVIII.
759 3399 802 3440 p.
833 3385 929 3429 634.
960 3387 1014 3428 Ε.

213 3451 275 3506 ’“)
303 3452 476 3496 Welck.
505 3468 550 3508 p.
578 3452 676 3496 683.
