2176 3874
1161 295 1284 350 434

393 455 495 500 tam
527 446 667 497 avide
698 442 959 502 hausisset,
993 442 1048 488 ut
1079 454 1189 489 cum
1220 439 1334 488 vino
1361 438 1505 488 simul
1537 437 1698 487 anima
1730 453 1843 489 eum
1875 439 2060 492 defice·

394 534 498 588 ret,
544 525 707 575 subito
754 520 945 571 eoelum
990 518 1185 568 videtur
1218 535 1328 568 cum
1362 523 1496 567 terra
1530 517 1864 579 circumferri,
1914 519 2062 573 simul

394 609 598 655 deorum
644 603 814 652 sedem
859 598 951 648 sihi
994 598 1175 648 intueri
1216 599 1412 648 videtur
1459 603 1512 646 et
1545 596 1744 647 Gratias
1789 596 1853 646 ad
1896 597 2062 662 ipsum

395 683 777 734 deosculandum
810 679 1168 729 descendentes
1204 679 1506 744 conspicere.
1576 676 1704 726 Tum
1738 677 1800 726 ad
1835 693 2060 749 somnum
2100 699 2102 701 ·

395 762 686 828 capiendum
718 761 847 808 intro
882 758 1000 818 abit,
1034 758 1239 822 abrepto
1262 757 1440 818 Sileno,
1475 771 1620 820 quem
1654 772 1746 820 pro
1773 756 2062 822 Ganymede

393 843 588 892 habeat.
634 841 793 902 Quem
826 837 988 903 paullo
1020 842 1134 901 post
1159 837 1366 901 Ulysses
1392 837 1633 899 sequitur,
1666 836 1842 886 iterum
1868 840 2063 901 satyros

396 921 457 969 ad
490 920 835 986 praestandam
868 916 1086 981 gnaviter
1121 932 1321 979 operam
1356 916 1602 975 hortatuS‚
1637 915 1981 980 advocatisque
2011 916 2063 966 in

396 1000 630 1050 auxilium
661 997 881 1049 Vulcano
931 1001 980 1044 et
1015 995 1215 1055 Somno,
1261 995 1677 1060 opportunitatem
1710 996 1784 1044 rei
1817 996 2063 1061 gerendae

396 1079 727 1143 opperiturus.
795 1076 987 1124 Chorus
1011 1074 1298 1136 gravissimo
1332 1075 1548 1123 carmine
1581 1091 1656 1132 ea,
1692 1090 1818 1138 quae
1851 1091 1913 1125 ex
1945 1091 2063 1125 ocu-

398 1158 459 1207 lis
493 1162 678 1207 remota
710 1156 842 1203 intus
875 1157 1131 1218 parantur,
1167 1154 1481 1216 persequitur
1515 1159 1564 1202 et
1605 1153 1966 1217 quodammodo
1998 1154 2062 1202 ob

399 1237 567 1286 oculos
601 1236 736 1300 ponit
768 1230 834 1296 *).
902 1232 1150 1279 Reversus
1184 1231 1392 1294 Ulysses
1439 1248 1611 1281 somno
1662 1235 1758 1282 iam
1795 1233 2064 1299 Cyclopem

398 1331 687 1380 oppressum
719 1328 831 1361 esse
864 1312 1057 1360 nuntiat
1101 1315 1150 1358 et
1200 1311 1262 1359 ad
1309 1313 1707 1362 communitatem
1753 1311 1962 1378 periculi
1991 1312 2064 1361 la-

397 1395 628 1456 borisque
656 1397 847 1454 satyros
878 1391 1061 1439 invitat.
1128 1388 1201 1438 Ibi
1224 1396 1429 1453 repente
1451 1391 1528 1440 his
1552 1392 1704 1440 luxati
1724 1393 1898 1457 pedeS,
1935 1390 2065 1441 oculi

453 1561 503 1615 ²⁵)
530 1557 826 1613 Incomposita
864 1556 1009 1598 iacent
1047 1557 1261 1610 pleraque
1289 1555 1424 1597 huius
1453 1557 1667 1600 dramatis
1695 1556 1918 1610 earmina,
1945 1569 2064 1612 quae

535 1630 816 1671 Hermannus
858 1626 1037 1681 quidem
1071 1625 1218 1681 magis
1245 1627 1462 1669 laceravit
1490 1641 1624 1682 quam
1653 1628 1840 1672 sanavit.
1895 1627 1953 1670 Et
1977 1627 2066 1669 hoc

536 1698 715 1753 quidem
742 1696 805 1738 sic
836 1696 1186 1738 constituendum
1217 1709 1313 1737 esse
1343 1696 1546 1739 videtur:

728 1780 822 1822 στρ.
863 1763 1060 1821 λήψεται
1093 1763 1288 1815 ἐντόνως
1316 1760 1340 1808 ὁ
1363 1767 1576 1823 καρκίνος

861 1835 945 1878 τοῦ
975 1832 1115 1887 ξένων

862 1903 1160 1960 δαιτυμόνας·
1188 1903 1302 1962 πυρὶ
1329 1902 1417 1962 γὰρ
1446 1903 1565 1961 τάχα

860 1974 1137 2030 φωςφόρους
1164 1973 1261 2018 ὀλεῖ
1288 1973 1443 2031 κόρας.

628 2041 827 2101 ἅντιστρ.
854 2042 946 2099 ἤδη
976 2042 1115 2093 δαλὸς
1139 2041 1495 2101 ἠνθρακωμένος

861 2110 1111 2169 κρύπτεται

862 2183 926 2231 εἰς
954 2179 1166 2234 σποὸιᾶν,
1195 2181 1334 2239 δρυὸς
1361 2176 1559 2227 ἄσπετον

864 2250 1013 2309 ἔρνος·
1044 2248 1139 2295 ἀλλ’
1169 2252 1249 2295 ἴτω
1278 2251 1474 2311 Μάρων,

699 2320 836 2379 έπφδ.
865 2319 1099 2377 πρασσέτω
1127 2319 1414 2377 μαινόμενος,

865 2388 1044 2444 ἕξελέτω
1074 2390 1303 2449 βλέφαρον
1329 2394 1421 2434 κτλ.

535 2463 634 2506 Νοιι
654 2475 847 2517 possum,
877 2460 1078 2515 quamvis
1097 2474 1210 2503 nunc
1225 2462 1315 2503 hoe
1334 2475 1420 2503 non
1440 2474 1588 2519 agam,
1619 2463 1786 2517 facere,
1812 2461 1914 2519 quin
1932 2477 2064 2520 paro-

539 2533 585 2575 di
634 2545 806 2587 quoque
847 2535 1019 2586 partem
1059 2532 1282 2586 quandam
1329 2534 1550 2587 quomodo
1599 2537 1750 2588 putem
1798 2548 2066 2591 componen-

540 2603 644 2646 dam
674 2615 771 2644 esse
802 2601 1051 2644 ostendam:
1707 2657 1714 2660 .

731 2684 828 2728 στρ.
866 2666 1019 2725 «parf,
1049 2669 1106 2715 οὔ
1132 2668 1247 2724 τάδ’,
1277 2667 1334 2715 ου’
1364 2669 1417 2715 σὺ
1447 2672 1558 2717 τάδε
1585 2677 1715 2730 νεμεῖ

871 2738 971 2784 οὐδ’
998 2735 1061 2784 αὖ
1089 2740 1244 2785 κλιτὺν
1272 2738 1506 2800 δροσερᾶν,

869 2805 1102 2867 μηλοβόται
1130 2811 1382 2869 στασίωρον

862 2878 1115 2931 Κύκλωπος
1141 2875 1395 2939 αγροβότας

863 2945 931 3005 ω’ὴ
962 2949 1082 3006 ῥίψω
1112 2949 1278 3008 πέτρον
1297 2949 1414 3007 τάχα
1441 2963 1539 3002 σου,

867 3016 1005 3075 υπαγ’
1035 3036 1088 3072 ω,
1117 3015 1252 3075 υπαγ’
1284 3037 1319 3063 ω
1348 3017 1565 3077 κεράστας

638 3083 838 3146 ἄντιστρ.
867 3086 927 3131 ου’
954 3087 1063 3133 τάδε
1090 3089 1307 3147 Βρόμιος,
1339 3087 1397 3133 ου’
1422 3087 1532 3134 ταδε
1559 3089 1685 3146 χοροὶ

864 3157 1038 3213 Βακχαι
1064 3173 1113 3203 τε
1141 3159 1442 3218 θυρσοφόροι,

861 3225 920 3270 ου’
947 3226 1163 3273 τνποῖνων
1191 3227 1439 3286 ἀλαλαγμοὶ

861 3293 1051 3354 κρήναις
1077 3295 1184 3357 παρ’
1209 3297 1486 3357 ὖδροχύτοις,

870 3363 955 3410 οὔκ
984 3369 1114 3414 οἴνου
1142 3372 1310 3429 χλωραί
1334 3384 1384 3414 τε
1413 3366 1643 3423 σταγόνες,

866 3432 924 3480 ου’
953 3439 1091 3483 Νῦσα
1119 3438 1230 3486 τάδε
1256 3437 1368 3497 μετὰ
1401 3438 1622 3495 Νυμφᾶν.
