2176 3874
922 279 1041 336 441

154 432 258 477 tem
307 424 523 478 transiit.
605 423 862 489 Quondam
922 425 1051 474 enim
1103 439 1261 489 usque
1314 422 1377 473 ad
1420 422 1824 490 Melanippidem,

155 505 578 572 dithyramborum
612 510 836 570 poetam,
884 503 1111 553 solebant
1155 505 1438 553 mercedem
1472 521 1501 554 a
1532 504 1695 569 poetis
1741 520 1823 553 ac-

155 588 324 652 cipere
367 585 626 644 tibicine8‚
676 585 1012 634 obtinente
1067 589 1220 633 tunc
1267 584 1535 648 priores
1590 588 1825 650 partes

154 665 384 730 poesi,
417 669 487 714 ut
521 670 748 714 essent
777 679 1017 722 eorum,
1054 664 1157 727 qui
1189 663 1449 712 fabulas
1485 662 1826 725 docerent,

154 745 473 794 tibicines
507 744 814 793 ministri.
859 741 986 804 Qui
1008 758 1137 791 mos
1162 748 1396 805 postea
1422 743 1827 808 depravatus

155 829 257 873 est
290 821 358 888 *).
424 824 557 872 Hinc
590 823 913 873 Pherecrates
947 821 1165 870 comicus
1188 820 1432 870 Musicam
1465 821 1651 872 inducit
1684 822 1828 872 muli-

155 902 264 952 ebri
298 903 436 953 cultu
471 909 521 953 et
556 918 761 969 corpore
792 906 898 950 toto
934 901 1116 950 misere
1151 898 1381 961 foedato,
1433 916 1558 966 quae
1589 901 1828 964 Iustitiae,

156 997 382 1033 caussam
415 983 679 1032 vexationis
713 982 981 1046 quaerenti,
1015 981 1141 1029 haec
1173 979 1524 1044 responderet:
1572 980 1625 1030 ln
1658 982 1829 1046 primis

154 1063 276 1112 mihi
307 1057 549 1112 malorum
582 1065 752 1110 auctor
783 1059 1146 1126 Melanippides
1179 1059 1305 1121 fuit,
1341 1060 1426 1124 qui
1459 1076 1540 1110 me
1573 1067 1830 1126 acceptam

153 1141 276 1192 fecit
316 1143 651 1195 remissiorem
697 1141 1030 1206 laxioremque
1079 1139 1373 1190 chordarum
1421 1156 1518 1189 usu
1553 1139 1830 1193 duodecim.

158 1220 381 1272 Cinesias
414 1237 530 1271 vero
565 1221 810 1271 scelestus
843 1221 1138 1285 incongruos
1164 1217 1559 1285 (ἐξαρμονίους)
1582 1219 1832 1270 anfractus

155 1300 418 1350 efficiendo
450 1300 503 1350 in
537 1301 756 1366 strophis
804 1301 1021 1365 perdidit
1054 1318 1134 1351 me
1166 1301 1262 1362 ita,
1306 1306 1362 1350 ut
1405 1300 1833 1365 dithyramborum

154 1395 386 1446 poeseos,
421 1380 837 1445 quemadmodum
870 1380 921 1430 in
955 1380 1175 1445 clypeiS,
1211 1381 1413 1430 sinistra
1443 1381 1542 1430 iam
1575 1380 1834 1430 videantur

155 1459 331 1509 dextra
363 1468 512 1511 esse,
560 1461 691 1509 Tum
725 1460 932 1524 Phrynis
967 1460 1213 1510 rotatione
1247 1462 1456 1524 quadam
1487 1460 1595 1509 soni
1633 1461 1833 1526 propria

153 1538 361 1601 iniecta,
394 1541 633 1590 vertendo
668 1541 1044 1604 torquendoque
1076 1556 1158 1589 me
1188 1540 1558 1606 pessumdedit:
1605 1539 1656 1589 in
1690 1540 1832 1604 quin-

156 1635 256 1683 que
287 1620 417 1669 enim
451 1621 650 1669 chordis
700 1619 961 1668 duodecim
996 1621 1246 1684 expressit
1275 1620 1575 1671 harmonias,
1642 1619 1835 1669 Tamen

155 1698 257 1758 hic,
292 1715 442 1764 quum
477 1700 767 1750 emendaret
787 1705 1008 1764 peccata,
1045 1700 1405 1764 quodammodo
1427 1699 1701 1749 tolerabilis
1722 1699 1834 1750 fuit.

157 1777 453 1829 Timotheus
496 1796 644 1840 vero,
696 1796 726 1830 o
762 1781 1041 1842 carissima,
1091 1786 1243 1830 totam
1291 1781 1454 1829 obruit
1497 1779 1835 1844 laceravitque

157 1859 460 1924 turpissime.
525 1860 687 1922 „Quis
723 1865 801 1909 est
825 1860 919 1909 iste
947 1859 1241 1910 Timotheus
1256 1860 1316 1909 ‘3²’
1364 1859 1598 1924 Pyrrhias
1632 1859 1832 1924 quidam

158 1938 384 1989 Milesius
418 1940 773 1990 contumeliose
792 1955 873 1988 me
890 1940 1134 1988 tractavit.
1204 1941 1301 1989 Hic
1319 1955 1507 2002 omnes,
1543 1954 1666 2003 quos
1698 1956 1835 1989 com-

157 2020 458 2080 memoravi,
492 2020 687 2085 priores
721 2019 974 2084 superavit
1005 2020 1281 2068 invehendo
1315 2024 1644 2068 monstrosam
1677 2036 1837 2083 quan-

157 2098 273 2153 dam
306 2099 658 2161 vibrationem,
704 2104 932 2163 tanquam
975 2098 1296 2148 formicarum
1328 2100 1605 2148 scatebram
1639 2095 1750 2162 **),
1784 2105 1839 2149 et

156 2177 437 2243 ubicunque
469 2179 592 2228 mihi
626 2180 815 2228 obviam
852 2180 908 2227 fit
943 2179 1038 2228 soli
1069 2178 1366 2241 ambulanti,
1389 2194 1394 2202 ·
1418 2177 1565 2228 solvit
1598 2178 1835 2243 dissipat-

158 2273 254 2322 que
287 2257 551 2308 duodecim
584 2256 838 2308 chordiS.”

292 2337 516 2387 Fuerunt
558 2339 643 2401 qui
695 2339 953 2388 novatione
1002 2337 1256 2388 Timothei
1300 2338 1701 2403 indignarentur:
1750 2338 1836 2402 qui

160 2432 311 2482 quum
358 2416 408 2464 in
443 2415 750 2466 Carneorum
797 2417 941 2465 festis
992 2419 1122 2480 apud
1155 2417 1570 2467 Lacedaemonios
1619 2422 1836 2479 caneret,

163 2501 422 2546 accusatus
442 2500 535 2556 est,
560 2495 690 2560 quod
708 2495 974 2544 multarum
992 2497 1286 2547 chordarum
1303 2497 1538 2545 citharam
1558 2496 1837 2546 invehendo

160 2581 383 2627 veterem
427 2576 667 2626 musicam
713 2580 1080 2639 corrumperet,
1125 2582 1275 2640 atque
1328 2591 1455 2625 unus
1504 2591 1564 2625 ex
1614 2576 1837 2641 ephoris,

161 2660 327 2705 sumto
359 2655 576 2716 cultello,
611 2661 813 2720 paratus
849 2661 958 2703 erat
989 2656 1052 2704 ad
1077 2656 1433 2720 praecidendas
1458 2655 1584 2704 fides
1602 2670 1837 2720 superva-

163 2751 358 2797 caneas,
394 2751 542 2799 quum
574 2734 658 2783 ille
691 2735 997 2784 ostendendo
1020 2736 1263 2800 Apollinis
1297 2733 1540 2798 quandam
1572 2734 1835 2798 imaginem

160 2815 213 2865 in
232 2815 431 2881 publico
458 2819 686 2872 stantem,
713 2815 764 2862 in
794 2815 930 2863 cuius
954 2813 1060 2878 lyra
1074 2831 1166 2879 par
1187 2813 1646 2879 deprehenderetur
1665 2813 1838 2863 fidium

163 2895 285 2944 ordo
299 2883 648 2959 numerusque,
660 2894 933 2960 periculum
949 2893 1149 2959 effugit3
1167 2895 1231 2944 cf.
1241 2894 1422 2944 Athen.
1437 2891 1568 2944 XIV.
1585 2910 1634 2959 p.
1646 2895 1761 2946 636.
1775 2893 1837 2943 E.

220 3109 271 3164 ἧς)
297 3109 396 3152 Iam
423 3109 631 3152 Pratinas
668 3112 800 3164 poeta
839 3109 956 3164 apud
979 3108 1256 3152 Athenaeum
1286 3107 1399 3152 XIV.
1439 3122 1483 3163 p.
1512 3106 1611 3151 617.
1649 3106 1699 3148 C.
1734 3119 1836 3148 con-

302 3183 482 3234 questus
510 3184 590 3232 est,
619 3180 736 3235 quod
764 3193 848 3220 non
877 3178 1093 3232 tibicines,
1122 3183 1169 3222 ut
1197 3182 1292 3222 erat
1319 3178 1492 3235 patrius
1521 3190 1642 3229 moa,
1673 3176 1835 3231 choris,

307 3321 404 3368 τοῖς
430 3322 598 3376 χοροῖς,
626 3319 739 3363 ἀλλὰ
768 3315 878 3370 τούς
910 3317 1077 3376 χοροὺς
1103 3316 1319 3378 συνᾴδειν
1344 3322 1442 3370 τοῖς
1471 3313 1726 3373 αὐληταῖς).

198 3388 274 3442 ssss)
304 3387 373 3430 Cf.
399 3389 626 3469 firistoph.
655 3392 839 3436 Thesm.
870 3404 913 3432 v.
944 3388 1048 3432 100:
1076 3387 1311 3448 μύρμηκος
1340 3386 1588 3447 ἀτραπούς,
1617 3382 1647 3441 ἢ
1676 3384 1721 3430 τί
1738 3384 1836 3429 δια-

304 3473 566 3516 μιννρεταις
