2144 3854
1004 310 1126 367 243

222 462 278 514 In
326 462 425 512 hoc
458 466 622 511 antem
656 474 841 526 genere
875 458 1141 524 praecipue
1173 458 1302 522 viget
1334 471 1416 507 ars
1450 457 1703 525 Euripidis
1737 466 1905 512 orato-

220 544 324 594 ria:
369 557 564 592 summo
610 540 741 590 enim
795 539 1047 598 acumine,
1108 553 1301 587 summa
1347 539 1620 590 subtilitate
1665 557 1907 606 personae

222 638 397 674 omnes
430 635 754 686 quaecunque
786 619 849 668 ad
882 633 1104 667 caussam
1141 618 1503 668 defendendam
1538 627 1652 686 apta
1686 629 1798 672 sunt
1832 624 1906 675 in·

222 704 452 763 veniunt,
503 717 692 751 summa
727 698 990 765 prudentia
1036 704 1325 764 argumenta
1367 698 1664 764 disponunt,
1714 718 1909 755 summa

221 782 502 847 eloquentia
535 786 712 830 ornant
743 779 1044 839 orationem;
1080 778 1344 828 conciliant
1377 780 1668 845 eriguntque
1702 784 1908 848 animos,

220 868 472 927 exponunt
504 860 839 927 probabiliter,
876 859 1168 909 confirmant
1202 874 1308 920 sua,
1341 859 1562 908 refutant
1606 863 1906 926 adversaria,

220 943 586 1009 perorationem
635 941 714 989 vel
747 941 1128 989 inflammantem
1164 939 1353 988 addunt
1386 940 1463 988 vel
1497 941 1906 1007 restinguentem,

219 1024 432 1086 denique
466 1037 636 1070 omnes
671 1020 901 1086 exemplo
935 1036 1025 1070 suo
1061 1021 1356 1070 confirmant
1387 1019 1542 1081 illud,
1577 1022 1707 1085 quod
1759 1027 1904 1089 poni-

218 1108 303 1152 tur
334 1103 385 1151 in
418 1102 659 1167 Antiopae
693 1101 894 1150 fabulae
932 1100 1250 1165 fragmentis:

349 1179 408 1233 ἐκ
441 1181 641 1242 παντὸς
674 1183 744 1233 ἄν
776 1197 859 1243 τις
891 1171 1199 1247 πράγματος
1232 1179 1430 1233 δισσῶν
1461 1180 1639 1249 λόγων

348 1260 535 1329 ἀγῶνα
568 1265 699 1315 θεῖτ’
734 1265 820 1325 ἄν,
857 1261 902 1314 εἰ
934 1261 1103 1330 λέγειν
1135 1262 1214 1330 εἴη
1250 1262 1436 1330 σοφός.

218 1343 372 1394 lidem
406 1350 460 1394 et
491 1360 680 1395 summa
716 1346 988 1396 calliditate
1022 1347 1285 1395 commissa
1334 1349 1535 1410 tegunt,
1586 1351 1640 1397 et
1680 1346 1904 1399 artificiis

214 1423 472 1491 ingeniose
517 1427 811 1493 excogitatis
860 1444 916 1476 se
974 1427 1211 1492 expedire
1264 1433 1503 1475 conantur
1557 1426 1903 1495 circumventi;

215 1520 378 1570 neque
411 1505 511 1556 ulla
544 1511 646 1556 tam
679 1509 878 1573 perdita
912 1513 990 1557 est
1023 1523 1213 1567 caussa,
1247 1522 1394 1571 quam
1429 1522 1525 1555 non
1559 1509 1800 1573 speciosis
1825 1524 1902 1558 ar-

214 1586 463 1649 gumentis
498 1593 709 1651 purgent
739 1588 836 1645 ita,
884 1592 938 1637 ut
983 1587 1322 1646 hebetioribus
1356 1586 1701 1651 persuadeant.
1772 1587 1904 1639 Con-

217 1665 407 1714 firmari
441 1666 552 1725 his,
587 1683 714 1731 quae
748 1668 1130 1733 disputavimuS‚
1173 1667 1313 1716 vides
1350 1667 1640 1742 septentiam
1676 1667 1903 1730 Quincti-

218 1745 360 1804 liani‚
420 1745 506 1809 qui
542 1745 749 1810 (1111.)st
775 1765 817 1796 c.
843 1750 888 1796 l.
921 1751 967 1806 §.
990 1747 1097 1812 68.)
1132 1747 1424 1812 Euripidem
1460 1748 1529 1795 ait
1563 1753 1614 1796 et
1648 1749 1902 1798 sententiis

194 1826 426 1875 'densum
451 1841 565 1875 esse
591 1833 641 1875 et
665 1827 714 1876 in
741 1828 818 1888 iis,
856 1844 982 1892 quae
1008 1843 1035 1875 a
1064 1828 1367 1892 sapientibus
1395 1825 1572 1875 tradita
1598 1827 1715 1889 sint,
1745 1844 1902 1892 paene

215 1905 339 1969 ipsis
374 1921 575 1969 parem,
631 1913 684 1956 et
729 1908 941 1957 dicendo
990 1924 1048 1956 ac
1091 1906 1440 1971 respondendo
1476 1907 1677 1956 cuilibet
1711 1924 1900 1970 eorum,

216 1985 302 2051 qui
349 1984 535 2034 fuerint
576 1986 627 2034 in
672 1986 788 2036 foro
831 1988 1030 2048 diserti,
1068 1985 1467 2050 comparandum.
1537 1986 1767 2037 Ceterum
1803 2004 1900 2038 non

214 2071 294 2115 est
327 2064 458 2130 quod
492 2081 780 2116 moneamus
827 2056 1151 2132 Euripidem,
1189 2082 1342 2131 quum
1378 2065 1659 2130 opinionum
1695 2083 1899 2131 perver-

213 2146 413 2194 sitatem
463 2145 665 2195 tolleret
711 2163 769 2196 ac
803 2148 1079 2197 disserendi
1114 2146 1413 2203 subtilitate,
1465 2146 1583 2210 quid
1617 2146 1668 2194 in
1703 2163 1901 2212 quaque

212 2241 270 2276 re
291 2242 460 2275 verum
486 2234 640 2286 esset,
665 2228 963 2292 exquireret,
997 2228 1094 2276 hoc
1113 2227 1358 2292 imprimis
1390 2226 1597 2276 efficere
1626 2229 1898 2288 studuisse,

211 2322 274 2357 ne
308 2310 448 2355 metu
479 2307 751 2364 malorum,
801 2325 927 2373 quae
972 2308 1106 2357 nulla
1141 2313 1327 2367 essent,
1363 2323 1421 2355 ac
1456 2308 1898 2371 superstitionibus

211 2386 362 2435 animi
394 2402 548 2451 supra
581 2389 783 2436 modum
816 2389 1240 2452 perturbarentur,
1277 2403 1340 2436 ne
1364 2387 1411 2434 vi
1432 2403 1625 2435 morum
1655 2389 1898 2439 malorum

212 2466 594 2531 opinionumque
628 2467 1000 2532 depravatorum
1032 2484 1060 2516 a
1093 2473 1232 2516 recta
1264 2467 1457 2517 ratione
1492 2469 1704 2517 tenenda
1728 2470 1897 2519 detru-

350 2676 527 2734 gemiil's
565 2675 765 2719 diesclbe
806 2675 940 2717 ihnen
983 2674 1083 2717 eine
1111 2675 1190 2717 Art
1217 2674 1478 2717 Bediirfnil's
1507 2677 1748 2731 geworden
1788 2692 1899 2723 war.

349 2747 508 2791 Dieses
535 2747 741 2789 Element
769 2759 865 2787 war
893 2746 995 2788 dem
1024 2744 1353 2798 dramatischen
1384 2744 1568 2788 Dichter
1594 2747 1758 2791 hochst
1778 2750 1901 2794 will-

349 2819 558 2861 kommen
570 2851 583 2872 ‚
605 2818 686 2859 der
711 2815 796 2859 auf
812 2815 935 2858 einer
953 2815 1163 2872 fingirten
1179 2816 1342 2858 Bfihne
1364 2815 1435 2857 die
1457 2816 1673 2859 hiichsten
1689 2822 1900 2863 mensch-

349 2887 498 2931 lichen
526 2888 778 2932 Interessen
807 2887 1114 2930 vorzuffihren
1142 2887 1235 2928 und
1263 2887 1344 2928 das
1373 2886 1468 2927 Fiir
1496 2887 1584 2929 und
1614 2887 1769 2932 Wider
1793 2906 1900 2934 ver-

349 2958 613 3002 schiedener
649 2958 891 3001 Partheien
933 2958 1075 3000 durch
1115 2957 1235 2999 Hin-
1275 2957 1364 2999 und
1406 2957 1700 3001 Widerreden
1730 2961 1900 3020 kriiftig

348 3030 707 3086 auszusprechen
745 3030 887 3071 hatte.
944 3027 1161 3071 Bediente
1201 3043 1251 3070 er
1289 3027 1387 3069 sich
1426 3042 1514 3070 nun
1555 3028 1699 3072 dieses
1727 3032 1900 3076 Mittels

348 3114 452 3143 zum
498 3101 714 3143 hochsten
739 3098 943 3153 Vortheil
973 3099 1119 3141 seiner
1147 3099 1374 3156 Tragiidie
1404 3100 1494 3142 und
1521 3100 1789 3144 wetteiferte
1816 3103 1899 3146 mit

349 3171 452 3213 dem
480 3172 660 3214 Redner
687 3172 752 3214 im
790 3170 1010 3226 volligen‚
1051 3170 1264 3226 obgleich
1293 3169 1589 3227 imaginiirem
1618 3171 1805 3225 Ernste,
1846 3187 1897 3216 so

347 3254 444 3283 war
471 3256 519 3283 es
545 3242 642 3283 ihm
671 3241 747 3284 ffir
775 3242 855 3283 das
883 3239 1107 3294 Lustspiel
1135 3240 1328 3283 beinahe
1357 3241 1476 3282 noch
1514 3240 1896 3285 willkommener:

351 3311 465 3353 deun
492 3311 644 3354 indem
673 3327 722 3354 er
751 3311 823 3353 die
851 3310 1122 3366 niedrigsten
1153 3310 1465 3368 Gegenstiinde
1485 3312 1572 3353 und
1597 3313 1896 3370 Handlungen

353 3380 497 3423 durch
535 3383 680 3424 hohen
715 3383 1103 3437 Kunstvermogen
1145 3381 1365 3424 ebenfalls
1408 3381 1471 3424 im
1501 3383 1685 3439 grossen
1714 3383 1813 3440 Styl
1841 3397 1896 3425 zu

347 3449 602 3494 behandeln
632 3453 810 3504 wul'ste,
840 3465 889 3494 so
918 3452 1107 3494 brachte
1136 3465 1188 3494 er
1214 3455 1353 3496 etwas
1380 3451 1778 3509 Unbegreifliches
1806 3453 1896 3496 und
1990 3448 1991 3451 ’

348 3519 508 3565 hachet
534 3521 958 3566 Ueberraschendes
997 3521 1124 3565 vor.'’

1456 3595 1519 3640 16
1540 3590 1567 3622 *
