2144 3854
912 221 990 276 41

114 366 406 417 illustranda
449 372 588 429 sunt3
634 381 794 430 neque
843 365 1054 415 eundem
1112 382 1279 415 rerum
1325 366 1547 416 ordinem
1593 379 1791 415 servare

115 447 237 498 licet
272 449 333 507 ei,
370 448 454 513 qui
488 464 593 497 rem
627 449 834 512 aliquam
869 449 1182 511 praesentem
1215 447 1294 510 agi
1326 448 1518 514 fingens
1548 462 1646 497 non
1679 452 1791 513 pot-

116 532 195 577 est
237 528 334 578 nisi
376 533 566 595 partem
598 527 703 576 eius
738 527 1055 590 spectandam
1092 525 1356 589 exhibere,
1392 533 1542 593 atq‘ue
1573 527 1618 576 is
1639 563 1655 586 ,
1708 528 1792 593 qui

116 612 310 673 gestam
344 609 585 658 narrando
617 606 778 655 omnia
811 606 919 655 loca
951 606 1209 670 omniaque
1241 611 1466 672 tempora
1505 612 1674 658 mente
1716 608 1794 657 lu-

117 695 278 738 strare
309 692 491 754 potest.
558 685 780 735 Necesse
813 690 891 735 est
925 687 1056 736 enim
1106 686 1238 735 illam
1271 692 1491 752 partem,
1537 704 1664 752 quae
1715 705 1796 738 re-

116 773 475 832 praesentatur,
506 766 575 815 ita
620 766 873 825 adornari,
919 767 1210 832 amplificari
1256 771 1406 832 atque
1451 769 1796 831 consummari3

118 852 175 896 ut
208 862 526 914 compensare
559 846 721 912 possit
753 848 898 896 etiam
934 864 1022 906 ea,
1074 864 1199 912 quae
1233 849 1428 898 desunt.
1497 846 1650 897 Velut
1682 847 1797 896 Pal-

117 927 302 978 ladium
334 928 468 992 prius
501 927 562 978 ab
596 926 779 992 Ulysse
810 934 1006 994 raptum
1043 944 1183 991 esse,
1237 944 1381 993 quam
1415 928 1614 977 Rhesus
1647 929 1798 976 inter-

117 1008 376 1071 ficeretur,
421 1007 566 1056 finxit
597 1006 863 1073 Euripides
896 1008 1041 1070 ideo,
1076 1013 1132 1057 ut
1153 1009 1362 1074 *cognito
1396 1009 1575 1075 insigni
1610 1008 1798 1058 callidi-

114 1089 234 1138 tatis
267 1087 496 1153 exemplo
528 1087 594 1137 de
626 1094 803 1137 eventu
837 1089 1072 1138 audaciae
1106 1090 1234 1139 bene
1273 1105 1602 1155 speraremus,
1670 1088 1801 1138 Tum

115 1169 247 1232 quod
297 1167 519 1233 singulae
564 1184 730 1218 rerum
777 1171 1105 1232 mutationeS,
1154 1186 1217 1219 ex
1263 1170 1495 1219 continua
1547 1169 1677 1219 serie
1711 1169 1800 1218 de-

111 1249 274 1299 lectae
305 1253 661 1314 separataeque
694 1250 744 1298 in
775 1250 1044 1314 tragoediis
1067 1252 1370 1316 spectandae
1393 1250 1709 1314 exhibentur,
1746 1258 1801 1300 ut

114 1336 168 1379 et
211 1329 342 1379 unde
387 1335 649 1379 nascantur
701 1335 751 1379 et
801 1347 925 1396 quae
959 1332 1076 1380 inde
1130 1337 1362 1381 eventura
1408 1332 1509 1380 sint
1556 1331 1800 1396 intelliga-

113 1416 223 1471 tur,
267 1427 378 1459 cum
411 1410 706 1476 praesertim
740 1413 901 1476 poetis
935 1411 1059 1478 ipsis
1092 1417 1259 1476 partes
1293 1413 1620 1477 interpretum
1655 1428 1803 1477 agere

113 1506 212 1541 non
243 1491 422 1552 liceat,
469 1491 675 1540 deorum
709 1492 1003 1557 plerumque
1036 1494 1260 1558 personis
1295 1492 1357 1541 ad
1391 1494 1803 1543 consummandas

114 1571 306 1622 fabulas
340 1587 464 1636 opus
498 1576 602 1621 est:
638 1588 734 1635 quo
769 1573 976 1622 consilio
1009 1572 1207 1622 Musam
1252 1573 1522 1623 adhibitam
1566 1589 1680 1623 esse
1713 1591 1801 1640 ap-

117 1654 276 1716 paret.

542 1885 610 1940 B.
654 1886 1111 1961 Hippolytus
1152 1889 1370 1962 prior.

247 2045 465 2096 Easdem
498 2046 691 2096 fabulas
726 2064 877 2114 saepe
910 2049 1055 2100 aliter
1086 2050 1148 2100 ab
1182 2050 1294 2100 aliis
1328 2050 1494 2117 poetis
1520 2050 1804 2101 conforma-

115 2130 190 2175 tas
233 2142 346 2175 esse
401 2127 523 2176 satis
570 2133 792 2193 constat,
846 2132 937 2180 sed
984 2133 1190 2180 eandem
1239 2133 1494 2181 materiam
1529 2134 1589 2183 ab
1626 2133 1804 2182 eodem

113 2211 261 2270 poeta
293 2208 371 2256 bis
405 2207 596 2257 diversa
629 2210 821 2260 ratione
857 2212 1214 2262 conformatam
1267 2229 1382 2262 esse
1442 2213 1587 2278 plane
1638 2215 1803 2280 singu-

113 2286 219 2336 lare
253 2291 332 2336 est
364 2292 417 2337 et
448 2288 641 2355 insigne
678 2291 852 2355 copiae
885 2293 1229 2357 ubertatisque
1254 2294 1511 2358 Euripidis
1537 2295 1804 2344 documen-

113 2370 234 2417 tum.
302 2367 414 2417 Non
449 2369 611 2431 enim,
663 2372 803 2434 quasi
843 2373 1024 2436 prioris
1059 2373 1324 2438 Hippolyti
1358 2391 1471 2424 eum
1505 2377 1805 2441 poeniteret,

112 2448 429 2512 postmodum
461 2449 667 2498 alterum
706 2453 1058 2503 correctiorem
1094 2455 1583 2520 emendatioremque
1632 2456 1807 2519 edidit,

115 2527 207 2575 sed
240 2542 412 2576 novam
448 2531 726 2594 composuit
757 2535 1080 2597 tragoediam,
1116 2550 1241 2597 quae
1274 2552 1385 2584 cum
1415 2537 1583 2600 priore
1609 2543 1808 2602 praeter

115 2607 311 2656 nomina
346 2613 396 2656 et
430 2609 670 2672 quaedam
705 2610 838 2660 facta
871 2613 992 2660 nihil
1023 2614 1232 2662 haberet
1266 2631 1554 2665 commune:
1587 2617 1636 2664 id
1674 2619 1807 2681 quod

114 2687 405 2754 intelligitur
436 2705 534 2738 non
578 2690 739 2740 minus
788 2709 849 2740 ex
883 2692 1180 2756 scriptorum
1227 2696 1534 2757 quorundam
1580 2699 1806 2746 testimo-

113 2766 227 2829 niiS‚
262 2783 410 2832 quam
444 2785 506 2819 ex
525 2769 818 2836 fragmentis
841 2771 1025 2838 prioris
1053 2772 1333 2839 Hippolyti,
1370 2776 1453 2840 qui
1475 2775 1805 2843 καλυπτόμε-

113 2863 211 2906 νος
243 2850 694 2913 cognominabatur.
761 2853 888 2903 Nam
923 2868 1036 2902 cum
1069 2854 1119 2902 in
1171 2862 1486 2906 coronato
1529 2858 1807 2925 Hippolyto

113 2926 342 2978 Phaedra
373 2930 730 2982 honestissimo
763 2933 949 2982 iudicio
981 2934 1287 2985 moriendum
1339 2938 1478 3002 prius
1528 2956 1673 3005 quam
1715 2957 1807 3005 pu-

115 3008 290 3059 dorem
333 3010 657 3077 officiumque
702 3014 981 3063 violandum
1028 3030 1142 3064 esse
1213 3021 1423 3081 statuat,
1481 3019 1532 3068 in
1584 3020 1806 3070 velato

120 3089 311 3150 eadem,
346 3107 587 3157 praeceps
622 3093 684 3143 ad
718 3095 987 3154 libidinem,
1020 3096 1282 3162 profligato
1314 3099 1521 3164 pudore,
1557 3100 1706 3150 laesis
1733 3102 1806 3151 di-

115 3168 242 3218 vinis
276 3171 601 3236 humanisque
632 3175 840 3237 iuribus
876 3175 936 3222 ad
973 3177 1264 3242 explendam
1300 3180 1582 3245 cupidinem
1617 3181 1687 3228 nil
1709 3197 1807 3230 non

115 3249 438 3301 moliebatur.
483 3254 535 3302 id
583 3256 715 3320 quod
758 3260 973 3305 testatur
1020 3258 1237 3324 scriptor
1282 3261 1442 3323 vitae
1487 3277 1612 3325 quae
1647 3266 1724 3309 est
1758 3262 1806 3310 in

117 3329 226 3378 cod.
261 3330 475 3383 Vindob.
511 3340 563 3384 et
595 3336 784 3387 Havna
820 3334 1025 3402 γράψαι
1055 3337 1115 3388 τὸ
1150 3338 1325 3406 δρᾶμα
1351 3339 1446 3391 τὸν
1471 3332 1807 3403 Ιππόλυτον,

116 3399 185 3459 ἓν
229 3398 273 3476 ᾧ
319 3414 737 3481 θριαμβεύει
785 3413 906 3483 τὴν
952 3417 1464 3488 ἀναισχυντίαν
1510 3423 1645 3474 τῶν
1690 3440 1807 3487 γυ-
