2144 3854
275 771 400 841 De
457 764 762 860 primis
820 651 1288 862 Eugipidis
1343 761 1695 834 fabulis.

280 1031 482 1082 Sextum
525 1033 576 1078 et
617 1027 901 1077 vicesimum
936 1041 1113 1074 annum
1148 1029 1374 1090 agentem
1409 1025 1599 1075 fabulas
1634 1024 1817 1076 docere

153 1111 377 1178 coepisse
401 1109 693 1174 Euripidem
726 1107 963 1172 scriptum
999 1110 1078 1153 est
1110 1104 1161 1152 in
1194 1105 1309 1154 vitis
1339 1106 1562 1154 codicum
1588 1105 1817 1155 AmbroS.

152 1191 305 1241 Paris.
331 1188 541 1240 Vindob.
571 1188 726 1236 Havn.
755 1186 834 1235 his
860 1185 1048 1235 verbis:
1081 1182 1345 1248 ἄρξασθαι
1378 1183 1436 1235 δὲ
1472 1183 1820 1249 ἀγωνίζεσθαι

150 1268 435 1335 γενόμενον
470 1266 691 1318 εἴκοσι
722 1262 832 1317 καὶ
861 1262 926 1326 ἓξ
961 1261 1134 1314 ἐτῶν.
1205 1266 1330 1315 Cum
1365 1266 1538 1331 quibus
1567 1266 1676 1315 fere
1702 1282 1819 1317 con-

150 1352 300 1401 sentit
325 1348 541 1398 Thomas
566 1348 829 1412 Magister:
866 1343 1060 1411 ἤρξατο
1085 1341 1143 1395 δὲ
1163 1348 1261 1396 τοῦ
1284 1343 1403 1410 περὶ
1422 1348 1590 1396 ταῦτα
1612 1344 1821 1411 ἀγῶνος

150 1427 283 1481 ἐτῶν
322 1426 506 1480 πέντε
551 1425 664 1479 καὶ
709 1427 926 1478 εἴκοσι
971 1425 1214 1492 γεγονώς.
1282 1426 1438 1476 Natus
1474 1434 1639 1477 autem
1672 1428 1820 1477 Euri-

151 1512 294 1578 pides
329 1525 442 1558 esse
474 1509 683 1558 traditur
717 1510 890 1558 eodem
925 1508 1030 1568 die,
1076 1524 1174 1571 quo
1209 1507 1270 1556 ad
1306 1507 1598 1556 Salaminem
1632 1523 1819 1574 pugna-

151 1598 252 1641 tum
289 1595 384 1651 est,
418 1590 501 1654 qui
535 1589 642 1636 dies
677 1594 783 1637 erat
816 1585 956 1646 εἰκὰς
981 1585 1399 1652 Βοηδρομιῶνος
1435 1587 1536 1635 sive
1561 1587 1820 1636 vicesimus

151 1670 326 1719 tertius
360 1669 539 1716 mensis
576 1667 883 1731 Septembris
919 1669 1030 1716 anni
1062 1666 1229 1717 480¹1fi.
1298 1668 1437 1730 Quae
1474 1666 1712 1731 temporis
1745 1667 1820 1715 in-

153 1749 335 1799 dicatio
371 1749 411 1795 si
444 1762 557 1795 vera
604 1751 765 1807 esset,
808 1747 1120 1809 efficeretur,
1163 1752 1219 1796 ut
1254 1747 1525 1796 Sosistrato
1568 1746 1820 1807 archonte,

150 1829 290 1878 initio
336 1828 445 1875 anni
477 1825 624 1873 454¹ni
646 1861 662 1887 ,
708 1826 874 1891 piures
909 1845 1104 1876 menses
1140 1843 1288 1892 super
1321 1842 1498 1875 annum
1533 1825 1821 1874 vicesimum

151 1908 375 1972 quintum
422 1911 587 1966 natus,
635 1907 840 1971 primam
873 1907 1089 1956 fabulam
1123 1906 1390 1970 Euripides
1425 1905 1691 1955 docuisset.
1757 1906 1824 1955 At

151 2002 247 2036 uno
272 2001 398 2035 anno
424 1986 560 2049 prius
586 1986 684 2034 hoc
717 1986 900 2035 factum
935 2004 1047 2036 esse
1079 1987 1360 2036 testimonio
1393 1986 1543 2044 vitae,
1576 1986 1710 2050 quod
1744 1989 1824 2035 est

149 2067 201 2115 in
220 2065 390 2115 codice
415 2064 638 2124 Mediol„
674 2066 907 2115 docemur
924 2052 1005 2115 his
1029 2068 1218 2117 verbis:
1252 2064 1444 2131 ἤρξατο
1470 2063 1527 2116 δὲ
1553 2065 1824 2117 διδάσκειν

151 2143 238 2196 ἐπὶ
260 2142 499 2195 Καλλίου
521 2146 774 2211 ἄρχοντος
807 2149 918 2197 κατ’
947 2141 1277 2210 Ὀλυμπιάδα
1296 2144 1661 2213 ὀγδοηκοστὴν
1681 2145 1823 2212 πρώ-

150 2243 249 2291 την
281 2223 381 2276 ἔτει
412 2225 628 2292 πρώτῳ·
677 2227 888 2292 πρῶτον
922 2224 979 2278 δὲ
1013 2225 1213 2290 ἐδίδαξε
1256 2226 1350 2288 τὰς
1394 2226 1687 2288 Πελιάδοες,
1736 2225 1823 2278 ὅτε

151 2304 244 2358 καὶ
288 2305 458 2371 τρίτος
504 2302 723 2370 ἐγένετο.
821 2309 1000 2358 Contra
1056 2309 1335 2359 rectissime
1393 2309 1607 2358 caiculos
1652 2323 1822 2358 omnen

152 2393 380 2438 constare
411 2387 702 2449 videbimus,
738 2389 780 2438 si
814 2389 1074 2438 marmoris
1104 2389 1237 2437 Parii
1270 2390 1611 2438 auctoritatem
1646 2403 1823 2452 seque-

152 2485 277 2516 mur.
321 2466 481 2516 Huius
507 2470 631 2516 enim
659 2469 943 2517 testimonio
968 2486 1063 2518 non
1085 2483 1209 2517 auno
1236 2471 1395 2517 4801Ιιο
1419 2470 1523 2518 sive
1546 2468 1626 2520 ΟΙ.
1648 2470 1729 2529 ⁷5,
1758 2470 1823 2528 1.,

154 2547 245 2596 sed
271 2546 348 2594 01.
375 2549 471 2607 ⁷3}
501 2548 602 2595 sive
626 2563 754 2596 anno
779 2551 938 2597 4851110
973 2555 1205 2609 praetore
1237 2548 1517 2598 Philocrate
1550 2553 1695 2598 natus
1730 2545 1826 2596 fuit

152 2626 438 2691 Euripides.
504 2626 744 2674 Eiusdem
780 2629 1084 2676 monumenti
1116 2628 1298 2676 indicio
1330 2630 1538 2693 primam
1571 2628 1824 2677 victoriam

153 2706 420 2771 reportavit
454 2705 653 2770 Diphilo
687 2710 939 2769 praetore,
987 2709 1130 2754 natus
1164 2722 1315 2755 annos
1350 2707 1670 2771 quadraginta
1702 2711 1824 2766 tres,

152 2786 185 2834 i.
219 2802 265 2834 e.
302 2781 427 2834 anno
459 2787 618 2832 441¹¹¹⁰
653 2785 760 2833 sive
791 2784 869 2832 01.
895 2787 978 2842 84,
1007 2788 1056 2833 3.
1108 2785 1397 2835 Accuratius
1434 2786 1697 2835 dicendum
1730 2785 1826 2835 crit

152 2854 291 2913 illum
336 2864 760 2929 quadragesimum
802 2867 1005 2914 tertium
1049 2880 1227 2914 annum
1269 2864 1448 2914 additis
1483 2866 1650 2930 paucis
1683 2880 1824 2915 men-

154 2944 290 2994 sibus
324 2950 409 2994 aut
441 2945 643 2994 dimidio
675 2944 788 2993 anni
822 2945 1010 3008 egisse,
1060 2946 1101 2993 si
1132 2945 1330 2994 ineunte
1362 2961 1489 2994 anno
1523 2947 1688 2996 Attico
1721 2946 1826 2995 sive

154 3030 344 3074 aestate
369 3028 534 3086 natum
565 3024 722 3073 fuisse
755 3029 1058 3082 statuamus,
1093 3024 1145 3072 id
1178 3026 1310 3089 quod
1344 3025 1598 3089 postulare
1629 3024 1826 3074 videtur

154 3105 412 3153 marmoris
444 3103 693 3153 indicium.
749 3103 887 3152 Haec
914 3104 959 3151 si
982 3119 1097 3152 vera
1132 3110 1210 3152 est
1230 3105 1547 3169 computatio,
1585 3104 1824 3167 sequitur,

155 3187 210 3232 ut
231 3198 393 3247 neque
420 3186 588 3232 25¹³OE
617 3200 777 3248 neque
796 3185 988 3240 261110111,
1024 3182 1113 3232 sed
1146 3186 1313 3232 30¹¹1¹¹¹¹²
1344 3198 1493 3247 agens
1516 3197 1693 3231 annum
1720 3182 1824 3231 Eu-

154 3262 339 3327 ripides
373 3262 596 3311 Peliades
639 3264 690 3311 in
731 3278 926 3312 scenam
968 3260 1242 3312 deferendo
1274 3263 1486 3328 primum
1534 3261 1825 3312 certaverit:

156 3341 242 3406 qui
271 3341 368 3391 fuit
400 3341 648 3408 legitimus
681 3357 852 3401 numm,
886 3344 1002 3390 ante
1033 3357 1179 3405 quem
1213 3343 1421 3392 scenicis
1442 3342 1608 3408 poetis
1635 3345 1825 3391 certare

154 3435 251 3471 non
283 3421 482 3472 licebat.
559 3421 732 3472 Potest
764 3426 928 3471 autem
964 3421 1108 3470 etiam
1140 3423 1440 3487 reliquorum
1472 3421 1672 3474 testium
1706 3422 1822 3471 co‘n-
