2144 3854
1143 275 1226 331 98

342 431 395 480 ln
437 426 724 490 Menalippa
767 422 1006 487 denique,
1057 423 1142 487 qui
1176 422 1243 472 sit
1283 420 1532 487 Iuppiter,
1567 421 1786 488 ignorari
1816 421 2034 494 fatetur:

478 505 627 565 Ζεύς,
662 502 803 564 ὅςτις
836 500 867 554 ὁ
903 501 1054 566 Ζεύς,
1090 501 1157 553 οὐ
1189 499 1293 568 γὰρ
1329 494 1471 560 οἶδα,
1507 497 1646 568 πλὴν
1678 501 1822 570 λόγῳ

469 585 667 644 κλύων,
1368 604 1376 611 ·

340 669 481 719 addit
511 667 695 716 ibidem
754 667 902 715 deum
949 681 1111 726 neque
1158 663 1259 713 ullo
1295 678 1504 728 corpore
1555 679 1716 729 neque
1751 670 1890 716 certo
1923 667 2036 717 loco

337 747 552 810 includi,¹
574 747 664 796 sed
688 747 870 811 ubique
893 750 1204 810 praesentem
1231 760 1343 793 esse
1378 750 1430 793 et
1453 744 1624 794 videre
1655 747 1835 808 omnia,
1885 764 2035 813 quum

337 831 449 895 ipse
482 846 510 877 a
540 828 736 878 nemine
770 827 1117 892 conspiciatur.
1185 824 1406 888 Denique
1439 825 1710 874 animum
1743 827 1891 876 deum
1921 845 2036 878 esse

337 911 467 960 dixit
499 915 631 959 teste
666 908 907 956 Cicerone
941 907 1092 955 Tusc.
1126 904 1167 963 Ι,
1214 907 1298 963 26,
1346 906 1444 952 64:
1493 905 1665 972 „Ergo
1713 908 1930 971 animus,
1980 914 2037 958 ut

338 1007 431 1055 ego
465 991 595 1052 dico,
632 989 858 1047 divinuS,
900 992 953 1035 ut
986 986 1250 1050 Euripides
1287 985 1456 1034 dicere
1504 985 1683 1047 audet,
1731 989 1855 1039 deus
1902 987 2033 1042 est.⁷'

338 1071 530 1134 Quibus
565 1055 716 1118 addas
752 1067 908 1117 schol.
942 1067 1084 1115 Pind.
1132 1065 1274 1114 Nem.
1313 1064 1400 1128 Vl,
1438 1069 1497 1114 ⁵1:
1547 1061 1709 1128 θεὸς
1755 1067 1886 1135 γάρ
1932 1085 2036 1128 τις

338 1145 407 1202 ἐν
439 1149 606 1217 ἡμῖν
639 1147 773 1201 κατὰ
805 1145 901 1199 τὸν
933 1145 1250 1212 Εὐριπίδην.

470 1232 635 1281 Unum
682 1231 827 1280 deum
876 1229 1149 1278 naturalem
1197 1243 1309 1275 esse
1352 1242 1504 1290 quum
1553 1229 1649 1277 sibi
1701 1231 2037 1295 persuasisset

337 1312 634 1377 Euripides,
682 1311 804 1360 nihil
839 1310 1099 1368 obstabat,
1147 1308 1405 1372 quominus
1439 1308 1621 1358 multos
1657 1310 1921 1361 daemonas
1955 1313 2034 1361 vel

338 1394 459 1443 deos
507 1392 773 1457 populares
820 1406 933 1440 esse
983 1391 1236 1450 crederet,
1298 1403 1451 1451 quoS,
1496 1390 1738 1439 maiorum
1786 1391 2031 1441 institutis

337 1479 602 1538 acceptos,
653 1472 735 1536 pie
771 1470 1004 1520 colendos
1040 1485 1153 1519 esse
1187 1473 1458 1518 statueret:
1493 1469 1636 1518 cuius
1670 1472 1868 1534 generis
1900 1473 2035 1523 inter

336 1551 562 1601 Thraces
595 1551 690 1600 fuit
734 1551 960 1611 Rhesus,
1020 1550 1104 1613 qui
1150 1548 1366 1596 moriens
1412 1564 1577 1612 neque
1627 1551 1904 1600 exstinctus
1952 1556 2032 1601 est

337 1648 498 1696 neque
532 1632 596 1680 ad
629 1630 820 1680 inferos
856 1629 1117 1678 descendit
1152 1626 1276 1691 (οὐκ
1310 1620 1409 1677 εἶσι
1440 1626 1596 1693 γαίας
1628 1625 1682 1688 ἐς
1713 1629 2033 1696 μελάγχιμον

336 1708 556 1775 πέδον),
603 1727 764 1774 neque
796 1711 848 1759 in
882 1709 1065 1758 lumine
1099 1708 1285 1758 versari
1333 1709 1486 1758 desiit
1535 1707 2034 1779 (ἀνθρωποδαίμων

335 1791 560 1843 κείσεται
595 1788 805 1854 βλέπων
840 1788 1032 1854 φάος);
1085 1790 1302 1852 itemque
1348 1789 1571 1839 Bacchus
1605 1796 1656 1841 et
1687 1793 1900 1859 Apollo,
1948 1795 2033 1862 qui

338 1875 523 1935 statim,
559 1889 672 1921 cmn
706 1872 808 1920 nati
846 1876 1029 1927 essent,
1066 1885 1122 1918 se
1159 1869 1320 1919 divina
1355 1870 1512 1934 stirpe
1549 1877 1688 1922 ortos
1734 1890 1847 1923 esse
1880 1875 2031 1925 factis

335 1954 610 2020 probarunt
656 1968 930 2017 magnaque
975 1949 1187 1999 utilitate
1223 1949 1284 1997 ad
1319 1950 1449 1999 vitae
1484 1951 1682 2001 cultum>
1706 1954 1898 2005 inventa
1930 1957 2028 2005 ho-

336 2050 486 2084 nores
531 2032 723 2082 divinos
769 2031 934 2097 adepti
981 2035 1110 2080 sunt.
1179 2027 1534 2080 Verumtamen
1578 2031 1774 2084 diversa
1807 2037 2030 2086 vocabuli

335 2116 385 2163 vi
415 2113 496 2163 his
530 2117 675 2176 atque
709 2127 903 2162 summo
949 2109 1136 2160 numini
1170 2109 1474 2160 divinitatem
1517 2112 1693 2175 tribui,
1727 2114 1808 2164 his
1862 2116 2029 2167 verbis

337 2193 656 2260 significavit:

534 2267 539 2273 ¹
996 2267 1129 2320 ἄλλοί
1161 2279 1249 2320 σοι
1277 2267 1418 2333 λέξαι
1448 2269 1616 2322 θέλω·

470 2351 516 2404 εἰ
546 2350 667 2403 θεοί
699 2368 750 2402 τι
781 2350 947 2415 δρῶσι
980 2352 1209 2418 φαῦλον,
1245 2350 1368 2402 οὐκ
1402 2350 1577 2404 εἰσὶν
1609 2352 1779 2408 θεοί.

335 2435 558 2499 itemque

465 2511 570 2579 ἐγὼ
605 2510 663 2564 δὲ
694 2503 823 2572 τοὺς
855 2503 1177 2571 θεοὺςὲοῦτε
1207 2508 1395 2577 λέκτρ’,
1429 2512 1464 2563 ἃ
1496 2511 1571 2580 μὴ
1602 2512 1773 2581 θέμις,

466 2591 703 2659 στέργειν
733 2591 951 2656 νομίζω,
985 2591 1152 2659 δεσμοί
1183 2595 1230 2643 τ’
1257 2589 1501 2656 ἐξάπτειν
1531 2598 1712 2661 χεροῖν
1792 2663 1795 2665 Β

469 2675 581 2725 οὔτ’
616 2672 815 2742 ἠξίωσα
845 2673 1049 2725 πώποτ’
1085 2675 1206 2725 οὔτε
1237 2673 1498 2739 πείσομαι,

468 2754 585 2806 οὐδ’
618 2757 782 2807 ἄλλον
814 2756 980 2806 ἄλλον
1016 2753 1276 2822 δεσπότην
1307 2751 1616 2821 πεφυκέναι.
1769 2821 1773 2826 Ι

468 2835 634 2887 δεῖται
665 2834 768 2903 γὰρ
802 2834 832 2887 ὁ
865 2834 1018 2897 θεός,
1054 2835 1247 2899 ε’ίπερ
1283 2832 1403 2886 ἔστ’
1439 2836 1648 2895 ὄντως
1680 2836 1854 2900 θεός,

469 2916 719 2976 οὐδενός·
755 2915 1011 2968 ἀοιδῶν
1043 2915 1188 2969 οἵδε
1221 2915 1548 2982 δύστηνοι
1580 2914 1788 2983 λόγοι.

335 2997 441 3047 Has
492 2998 730 3047 absurdas
773 3004 1033 3063 poetarum
1079 2999 1271 3049 fabulas
1318 3014 1497 3062 quum,
1543 3003 1780 3064 quantum
1829 2998 2020 3066 inipso

335 3077 456 3139 fuit,
523 3093 704 3143 augere
737 3081 886 3142 atque
930 3079 1111 3140 „odia‚
1159 3079 1388 3138 dissidia,
1423 3068 1723 3140 discordias,
1771 3079 2019 3144 querelas,

335 3157 598 3216 adulteria,
631 3158 824 3207 vincula
840 3192 856 3216 ,
894 3174 1006 3207 cum
1039 3159 1252 3209 humano
1285 3174 1473 3225 genere
1506 3161 1798 3219 concubitus
1831 3164 2018 3210 morta-

334 3238 509 3302 lesque
549 3253 612 3287 ex
655 3237 1012 3288 immortalibus
1062 3236 1386 3305 procreatos”
1434 3238 1626 3305 aliaque
1668 3240 1776 3290 eius
1795 3264 1799 3267 ·
1820 3239 2019 3306 generis

333 3318 544 3383 plurima
587 3318 828 3383 effingere
870 3333 968 3368 non
1014 3319 1338 3379 dubitaverit,
1384 3318 1696 3386 intelligitur,
1743 3334 1858 3370 eum
1919 3334 2018 3368 non

334 3397 495 3447 nullos
527 3414 640 3448 esse
671 3398 796 3446 istos
830 3396 979 3459 deos,
1027 3399 1119 3449 sed
1165 3415 1264 3450 non
1308 3414 1424 3448 vere
1458 3399 1580 3449 deos
1615 3415 1728 3449 esse
1761 3397 2014 3450 statuisse.
2070 3462 2077 3469 ἱ

334 3475 598 3528 Notionem
632 3477 763 3527 enim
795 3476 1017 3541 deorum,
1054 3479 1138 3543 qui
1165 3478 1351 3530 similes
1378 3483 1548 3530 essent
1577 3479 1877 3541 hominibus,
1911 3477 2014 3528 ani-
