2176 3874
959 311 1084 372 535

174 463 368 513 diarum
429 461 724 528 inscriptum
786 462 947 512 fuisse
1012 465 1172 511 testes
1235 462 1419 510 docent
1467 461 1864 525 locupletissimi.

174 542 420 610 Licymnii
465 549 612 609 atque
659 545 928 594 Alcmenae
972 543 1278 591 calamitates
1312 543 1683 591 consociaverat
1716 543 1864 606 tragi-

174 639 264 672 cus
297 621 570 685 Xenocles,
621 641 766 688 quam
814 622 1118 686 tragoediam
1154 623 1515 687 Aristophanes
1550 623 1600 670 in
1634 622 1864 672 Nubibus

174 703 410 768 (v.‘1264
445 704 573 768 seq.)
622 705 860 770 respexit.
927 701 1066 750 Idem
1113 704 1174 752 ab
1223 702 1468 767 Euripide
1513 702 1701 751 factum
1751 718 1866 751 esse

171 785 433 847 quominus
470 790 773 844 statuamus,
820 783 888 833 nil
934 781 1159 847 impedit.
1230 782 1284 830 In
1321 782 1640 847 proverbium
1676 783 1865 832 abierat

171 870 448 929 tempestas
512 872 716 931 propter
768 864 1073 914 Alcumenae
1123 863 1531 927 imprecationem
1590 868 1762 912 coorta
1813 869 1865 913 et

170 944 381 994 fulmina
425 953 631 1010 propter
675 945 916 1008 Licymuii
964 944 1169 992 caedem
1216 943 1398 1004 missa,
1446 942 1659 992 testibus
1693 942 1864 1006 Hesy-

171 1025 316 1086 chio,
364 1026 698 1090 Aristophane
732 1029 784 1073 et
818 1024 1010 1072 Plauto.
1090 1023 1315 1087 Hesych.
1361 1039 1401 1074 s,
1450 1039 1496 1074 v.
1543 1021 1864 1086 Λικυμνίοις

173 1104 375 1170 βολαῖς·
389 1105 497 1156 τῶν
513 1101 572 1156 ἐν
586 1109 658 1170 τῷ
673 1101 978 1167 Εὐριπίδου
992 1102 1270 1172 Λικυμνίῳ
1286 1101 1614 1169 μνημονεύοι
1631 1100 1699 1153 ἂν
1715 1101 1860 1162 ἴσως·

170 1189 529 1249 κεραυνοῦται
551 1184 654 1251 γὰρ
682 1184 719 1252 ἦ
744 1189 880 1245 ναῦς
898 1182 1031 1235 κατὰ
1049 1183 1145 1235 τὸν
1161 1180 1270 1235 ἐκεῖ
1286 1184 1466 1250 λόγον,
1485 1182 1583 1250 οὐχ
1603 1181 1676 1245 ὡς
1695 1182 1864 1234 αὐτοῦ

170 1271 270 1318 τοῦ
303 1265 642 1333 Λικυμνίου,
695 1269 790 1334 τῆς
851 1265 1099 1326 Φωκίδος
1146 1263 1627 1332 κατεσκεμμένο[υ].
1696 1265 1863 1314 Schol.

168 1349 427 1412 Aristoph.
463 1350 554 1400 Av,
578 1351 734 1398 1242:
769 1345 829 1399 έν
858 1350 968 1408 τοῖς
1005 1345 1475 1413 έπιγεγραμμένοις
1501 1342 1863 1396 Ἀπολλωνίου

167 1430 340 1479 ταῦτα
370 1426 678 1494 γέγραπται,
715 1427 798 1481 ὅτι
828 1428 1247 1496 ἦμίφλεκτόν
1280 1446 1438 1480 τινα
1471 1426 1732 1493 είςοὲγει
1765 1424 1866 1486 εἰς

167 1509 454 1560 τοιοῦτό
489 1526 551 1560 τι
585 1509 1209 1577 κεκεραυνωμένον
1241 1509 1347 1562 ἀπὸ
1391 1513 1486 1578 τῆς
1514 1507 1865 1574 περιστάσεως

169 1586 390 1654 ἐκείνης·
446 1589 527 1657 εἴη
563 1585 612 1642 δ’
642 1590 711 1642 ἂν
742 1597 842 1644 τοῦ
877 1591 1230 1658 Εὐριπιδείου
1264 1589 1599 1657 μεμνημένος
1634 1587 1864 1656 ἀγγέλου

168 1675 270 1722 τοῦ
305 1668 365 1722 ἐν
398 1676 472 1738 τῷ
506 1673 814 1742 Λικυμνίῳ·
850 1673 986 1740 λέγει
1018 1672 1121 1739 γὰρ
1159 1671 1242 1725 ἐπὶ
1273 1676 1516 1740 τελευτῆς
1548 1671 1766 1731 ἐκεῖνος.
1800 1698 1864 1708 —-

167 1749 228 1803 ἐν
277 1752 557 1821 Λικυμνίῳ
602 1753 659 1806 δὲ
706 1755 933 1822 δράματι
977 1755 1281 1820 Εὐριπίδου
1314 1755 1528 1822 εἰςήχθη
1562 1771 1642 1813 τις
1672 1769 1865 1816 “wav-

164 1833 575 1900 νοβολούμενος.
645 1837 700 1887 In
730 1839 830 1888 fine
863 1840 1016 1904 igitur
1046 1840 1332 1906 tragoediae
1364 1839 1560 1887 redibat
1591 1835 1769 1900 aliquis
1804 1848 1866 1882 ex

165 1917 326 1965 nautis
371 1917 423 1965 in
468 1918 622 1966 altum
666 1918 945 1983 profectiS,
992 1919 1078 1983 qui
1121 1920 1375 1969 interitum
1413 1919 1518 1967 sive
1552 1917 1694 1965 unius
1728 1914 1865 1963 navis

168 1997 271 2044 sive
317 1997 579 2046 universae
625 1999 798 2047 classis
845 2004 1144 2065 tempestate
1177 2000 1539 2064 horrendisque
1574 1991 1865 2045 fulminibus

165 2076 402 2126 effectum
458 2081 751 2143 exponebat.
836 2080 1003 2143 Atque
1051 2081 1266 2144 ingentis
1314 2077 1630 2145 tempestatis
1675 2074 1866 2125 descri-

164 2158 384 2222 ptionem
427 2157 699 2210 Alcmenae
742 2159 941 2210 fabulae
981 2161 1193 2210 infuisse
1238 2160 1446 2210 Plautus
1493 2158 1626 2208 Rud.
1659 2156 1697 2218 1,
1732 2158 1780 2218 1,
1815 2156 1864 2206 4.

165 2242 410 2288 testatur:

299 2316 444 2377 „Pro
478 2315 559 2366 dii
590 2320 932 2383 immortales,
967 2326 1334 2387 tempestatem
1370 2317 1660 2370 cuiusmodi

302 2394 587 2462 Neptunus
619 2399 764 2448 nobis
796 2406 949 2450 nocte
982 2401 1082 2450 Izac
1115 2402 1257 2449 misit
1284 2401 1583 2466 proxuma!

310 2476 531 2527 Detexit
567 2487 752 2528 ventus
783 2482 978 2533 villam.
1054 2481 1193 2542 Quid
1224 2481 1393 2530 verbis
1427 2479 1615 2546 opust?

303 2556 429 2608 Non
463 2566 647 2608 ventus
667 2561 803 2625 suit,
838 2579 1018 2612 verum
1051 2563 1423 2612 Alcumena
1455 2552 1863 2622 Euripidi!'’

166 2639 481 2705 Licymnium
531 2655 628 2689 non
675 2642 840 2706 ipsum
884 2643 997 2691 navi
1032 2641 1316 2707 profectum
1370 2640 1530 2689 fuisse
1575 2635 1864 2700 Hesychius

166 2726 398 2772 testatur.
467 2719 785 2784 Relinquitur
829 2723 1013 2786 igitur,
1061 2727 1118 2771 ut
1161 2721 1542 2786 Tlepolemum,
1590 2718 1675 2781 qui
1706 2715 1867 2779 Licy-

168 2802 354 2851 mnium
403 2799 723 2850 interfecisse
755 2804 970 2851 traditur
1004 2806 1054 2850 et
1089 2802 1254 2851 statim
1291 2801 1475 2849 deinde
1509 2799 1743 2848 Rhodum
1780 2810 1866 2843 au-

168 2882 389 2946 fugisse,
442 2879 526 2929 illa
573 2886 875 2947 tempestate
920 2883 1156 2931 iactatum
1207 2898 1322 2930 esse
1357 2886 1651 2931 statuamus.
1717 2874 1867 2940 Apud

166 2960 443 3011 Xenoclem
486 2960 620 3010 idem
675 2962 839 3014 fracto
893 2979 1041 3013 curru
1093 2963 1288 3011 saucius
1334 2963 1387 3010 in
1435 2976 1636 3011 scenam
1670 2955 1867 3008 redibat

168 3042 240 3092 sic
273 3041 580 3090 lamentans:

303 3112 346 3171 ὦ
382 3118 574 3187 σκληρὲ
607 3121 819 3187 δαῖμον,
856 3114 899 3173 ὦ
931 3122 1085 3189 τύχαι
1116 3120 1529 3187 θραυσάντυγες

303 3199 484 3253 ἵππων
518 3198 688 3269 έμῶν·
726 3195 768 3254 ὦ
804 3203 1047 3266 Παλλάς,
1084 3199 1156 3263 ὥς
1189 3198 1241 3268 μ’
1278 3201 1566 3261 ἀπώλεσας.

172 3282 354 3333 Fuisse
399 3285 532 3334 enim
578 3286 704 3334 haec
758 3286 916 3351 ipsius
964 3285 1244 3350 Tlepolemi
1294 3286 1442 3334 verba
1504 3281 1864 3347 Aristophanes

173 3363 394 3413 declarat
424 3364 568 3415 hisce
599 3366 792 3415 verbis:

309 3440 362 3492 τί
394 3440 453 3494 δὲ
495 3445 834 3512 Τληπόλεμός
867 3454 926 3496 σε
956 3437 1159 3497 πώποτ’
1199 3444 1471 3511 εἴργασται
1502 3440 1699 3500 κακόν;

174 3522 363 3574 Invitus
395 3523 707 3589 Licymnium
739 3528 1020 3592 interfecit,
1056 3527 1099 3577 si
1132 3525 1261 3578 fides
1293 3525 1520 3578 habenda
1554 3528 1636 3574 est
1659 3519 1866 3586 Apollo-
