2176 3874
1107 311 1232 367 494

336 459 578 525 corporis,
614 457 659 505 si
695 472 820 506 unus
850 471 1027 505 numus
1057 455 1345 506 Corinthius
1382 456 1616 520 solvatur,
1649 459 1786 523 alias,
1819 461 1865 510 si
1896 461 2013 522 duo,

333 541 454 590 alias
489 542 724 601 quattuor
751 536 916 584 numis
954 537 1179 600 conduci,
1214 537 1333 585 alias
1372 537 1543 586 multis
1575 540 1738 589 numis
1763 541 1975 592 Atticis:

458 614 550 668 καὶ
581 613 676 676 τὰς
710 613 807 681 μὲν
839 615 953 681 ἄξῃ,
989 616 1172 667 πῶλον
1206 614 1273 666 ἂν
1307 614 1466 682 διδῷς
1498 613 1612 678 ἕνα,

457 694 552 757 τὰς
587 693 645 748 δὲ
680 695 941 761 ξυνωρίδ’,
977 695 1035 747 αἱ
1067 695 1126 748 δὲ
1157 695 1287 749 κοέπὶ
1319 696 1593 762 τεσσάρων

461 779 723 844 φοιτῶσιν
756 776 935 828 ἵππων
968 776 1255 844 ἀργυρῶν·
1291 781 1511 843 φιλοῦσι
1547 776 1606 829 δὲ

455 856 550 918 τὰς
584 854 636 920 ἐξ
661 855 907 925 Ἀθηνῶν
941 856 1248 925 παρθένους
1281 858 1412 911 ὅταν
1446 858 1613 926 φέρῃς

456 938 652 999 πολλάς
682 939 753 1003 *).
888 968 949 977 -
1083 968 1150 978 ·—
1281 969 1345 978 —
1478 969 1545 977 —

327 1021 405 1070 Ad
439 1021 612 1086 epulas
646 1026 812 1070 autem
859 1021 1059 1085 proprie
1105 1020 1327 1071 refertur
1375 1021 1552 1084 fragm.
1588 1023 1646 1069 3:
1691 1020 2011 1087 μνημονεύει

325 1097 384 1153 δὲ
416 1101 526 1152 τῶν
558 1099 751 1166 ἐρινῶν
786 1099 967 1150 σύκων
999 1098 1299 1164 Εὐριπίδης
1331 1097 1390 1152 ἐν
1422 1098 1691 1165 Σκίρωνι·

527 1210 587 1218 -
655 1209 722 1217 —
788 1178 821 1246 ἢ
855 1179 1262 1246 προςπηγνύναι

452 1259 676 1325 κράδαις
707 1257 899 1324 ἐρινοῖς.

325 1343 471 1394 Addo
504 1341 683 1405 fragm.
719 1341 817 1390 inc.
853 1343 975 1390 251:

450 1419 647 1471 ταύτὸν
668 1422 836 1481 ποιεῖς
856 1419 916 1471 τό
942 1421 987 1470 τ’
1015 1417 1228 1471 α’ττικὸν
1251 1419 1326 1490 τῷ
1354 1417 1480 1485 ζηλὰ
1502 1420 1866 1485 συγκεραννύς
1890 1422 1992 1489 **),

320 1502 545 1568 itemque
579 1501 758 1569 fragm.
793 1504 863 1565 4.,
899 1518 996 1566 quo
1029 1502 1379 1552 hinnuleorum
1411 1517 1598 1566 pernae
1617 1517 2005 1554 commemoran-

318 1587 400 1632 tur

443 1675 508 1686 —
576 1675 641 1684 —
710 1645 838 1699 οὐδὲ
871 1649 1107 1715 κωλῆνες
1137 1645 1363 1712 νεβρῶν.

315 1728 514 1780 Adsunt
544 1728 692 1792 igitur
726 1745 928 1790 carnes,
973 1729 1198 1784 fructum,
1245 1729 1383 1788 vina3
1427 1727 1644 1777 abundat
1684 1727 1812 1778 latro
1856 1727 2006 1778 rebus

316 1809 570 1858 omnibus:
607 1809 784 1873 quibus
820 1809 939 1857 dum
973 1810 1158 1874 gaudet
1191 1808 1351 1868 boniS,
1386 1808 1552 1856 valere
1584 1809 1722 1858 iubet
1744 1807 2004 1873 pudorem,

313 1889 554 1955 pietatem
607 1889 962 1952 iustitiamque.
1042 1889 1236 1950 Quanto
1282 1889 1489 1951 quisque
1546 1889 1770 1952 corporis
1823 1884 2006 1939 viribus
2051 1892 2058 1897 ’

314 1968 429 2034 plus
463 1968 653 2028 valeat,
689 1976 869 2032 quanto
903 1969 1016 2033 plus
1051 1968 1319 2016 latrociniis
1353 1968 1611 2032 acquirere
1644 1970 1805 2032 possit
1837 1985 2005 2020 earum

314 2064 501 2110 rerum,
523 2049 701 2112 quibus
725 2049 1003 2113 voluptates
1029 2052 1273 2108 emantur,
1308 2052 1443 2095 tanto
1465 2064 1575 2095 eum
1592 2046 1873 2098 feliciorem
1890 2065 2006 2100 esse

312 2127 517 2176 iudicat.
583 2128 724 2176 Haec
760 2132 911 2191 atque
943 2127 1038 2174 alia
1072 2127 1177 2175 eius
1220 2121 1415 2190 generis
1464 2125 1619 2173 multa
1663 2126 1795 2176 inter
1831 2129 2003 2192 epulas

313 2206 563 2270 disputata
596 2222 710 2256 esse
743 2212 1129 2256 consentaneum
1165 2211 1257 2255 est.
1328 2205 1563 2254 Ceterum
1598 2205 1739 2254 humi
1781 2207 2002 2256 iacentes

311 2285 364 2334 in
399 2287 598 2348 stratis,
651 2287 861 2336 subditis
898 2287 1092 2350 corpori
1126 2286 1348 2347 culcitis,
1382 2285 1568 2350 epulati
1601 2289 1746 2347 sunt,
1781 2287 1834 2336 id
1868 2287 2002 2352 quod

313 2381 377 2415 ex
399 2366 574 2431 fragm.
604 2368 649 2415 1.
669 2367 971 2431 intelligitur,
1008 2381 1106 2430 quo
1128 2365 1363 2432 pusillum
1378 2363 1568 2414 Thesei
1587 2365 1795 2416 iacentis
1818 2382 2001 2432 corpus

312 2445 442 2495 latro
478 2445 694 2494 cavillari
725 2446 948 2495 videtur:

443 2522 632 2590 σχεδὸν
664 2524 902 2592 χαμεύνῃ
937 2524 1233 2592 σύμμετρος
1267 2520 1569 2590 Κορινθίας

440 2604 658 2666 παιδός·
691 2605 1007 2671 κναφοέλλου
1046 2605 1095 2658 δ’
1133 2605 1232 2673 οὐχ
1264 2603 1583 2671 ὗπερτείνεις
1614 2601 1801 2666 πόδας.

363 2856 414 2912 ³¹²)
443 2855 603 2899 Pollux
631 2857 708 2913 lx,
739 2855 820 2899 75:
850 2853 934 2908 τὰς
959 2854 1043 2913 μὲν
1073 2850 1156 2900 οὖν
1189 2853 1541 2914 παρθένους
1567 2852 1691 2910 λέγοι
1719 2850 1781 2898 ἂν
1805 2850 1890 2906 τὰς
1915 2852 1998 2899 κό-

446 2942 553 2984 ρας,
593 2923 669 2977 αἶς
699 2924 1025 2985 ἔνεκεχοὶρακτο
1053 2923 1248 2983 Ἀθηνᾶς
1275 2925 1523 2984 πρόςωπον
1551 2928 1671 2979 κτλ,
1708 2925 1902 2969 πῶλον
1942 2923 1995 2969 δὲ

447 2993 501 3039 τὰ
543 2995 743 3053 νόμισμα
783 2995 836 3041 τὸ
877 2999 1163 3055 Κορίνθιον,
1213 2994 1287 3042 ὅτι
1325 2994 1545 3053 Πήγασον
1583 2991 1702 3052 εἶχεν
1736 2993 1995 3042 ἐντετυπω-

445 3075 600 3121 μενον.

334 3135 416 3191 >W)
445 3135 585 3178 Bekk.
617 3137 698 3181 An.
726 3152 772 3192 p.
797 3136 933 3180 1187:
966 3135 1061 3181 ἔστι
1079 3135 1165 3195 γὰρ
1195 3133 1218 3182 ὁ
1234 3138 1361 3190 ζελοῖς
1377 3137 1464 3180 τοῦ
1492 3134 1594 3189 ζελὸἑ
1621 3135 1688 3193 τῷ
1713 3134 1840 3194 &2552-
1870 3129 1993 3178 οὕτω

446 3205 497 3250 δὲ
536 3204 713 3261 λέγεται
758 3206 878 3250 κατὰ
920 3209 1104 3267 Θρᾷκας
1144 3206 1170 3251 ὁ
1218 3205 1358 3259 οἶνος.
1414 3206 1510 3251 Καὶ
1543 3201 1711 3248 τούτου
1755 3202 1786 3260 ἦ
1828 3200 1990 3262 δοτικὴ

449 3273 706 3334 εὑρίσκεται
728 3272 837 3333 παρ’
863 3275 1092 3335 Εὐριπίδῃ
1113 3279 1250 3335 χωρὶς
1278 3279 1364 3322 τοῦ
1389 3281 1426 3320 ῖ.
1455 3278 1702 3319 Συστεῖλαι
1714 3273 1802 3333 γὰρ
1823 3271 1993 3333 βουλό-

444 3362 582 3402 μενος
610 3345 663 3391 τὸ
694 3352 724 3390 ἆ
757 3345 817 3391 ου’
844 3347 1134 3407 προς-ἔγραψε
1161 3348 1214 3393 τὸ
1247 3355 1284 3404 ῑ,
1316 3346 1441 3392 οἷον·

558 3413 766 3472 ,,ταυ’τόν
805 3423 933 3463 ποιεῖ
974 3419 1027 3463 τό
1057 3417 1098 3463 τ’
1126 3416 1314 3464 οἷττικὸν
1349 3417 1413 3475 τῷ
1443 3415 1569 3468 ζελά·
1600 3413 1684 3460 miv
1711 3412 1798 3473 γὰρ
1826 3429 1991 3473 κεραν-

1372 3486 1516 3537 νοῖς.”
