2144 3854
959 283 1080 342 1⁷5

306 431 431 484 Hac
459 448 556 499 spe
586 431 775 482 subibit
807 432 1035 498 gurgitis
1067 430 1259 480 tumidi
1288 432 1472 494 ηιίηαε,

306 513 638 581 Dubiumque
668 511 898 578 Libycae
930 510 1107 577 Syrtis
1145 512 1360 562 intrabit
1379 513 1602 577 fretum,

305 592 432 644 Hac
462 610 568 661 spe,
602 593 739 660 quod
771 608 893 642 esse·
913 593 1197 641 maximum
1228 598 1377 641 retur
1409 594 1618 655 malum,

305 673 551 724 Fratrem
581 672 828 725 videbit.'’
948 698 1013 709 -
1146 699 1210 707 -
1343 700 1408 709 -

172 753 356 803 Nuntio
390 771 507 804 usus
541 760 622 804 est
654 769 742 814 eo,
785 752 864 802 cui
909 751 1147 801 facillime
1193 752 1321 801 fides
1365 752 1663 816 haberetur,
1715 755 1862 820 cique

170 833 447 897 mandavit,
494 841 582 897 ut,
615 834 666 884 si·
692 832 828 882 forte
861 831 1112 896 Thyestes
1145 833 1258 898 ipse
1288 833 1620 884 invitationem
1656 850 1860 900 sperne-

169 919 284 977 ret,
329 931 420 980 per
465 916 644 965 liberos
691 914 829 976 eiuS.‚
873 913 1098 975 laborum
1133 919 1282 977 atque
1317 914 1515 978 inopiae
1547 915 1862 980 impatientes

168 995 407 1060 regnique
440 993 665 1059 cupidoS,
698 995 967 1058 impetrare
1001 993 1236 1058 Thyestis
1269 993 1488 1043 reditum
1524 997 1780 1045 studeret:

497 1075 585 1136 „si
613 1075 768 1123 nimis
803 1073 963 1133 durus
990 1089 1177 1140 preces

302 1153 533 1223 Sper-'net
565 1154 831 1220 Thyestes,
868 1155 1053 1203 liberos
1088 1158 1200 1203 eius
1233 1155 1391 1204 rudes

316 1235 570 1303 Malisque
589 1237 764 1300 sessos
796 1236 1059 1301 gravibus,
1095 1242 1147 1284 et
1162 1237 1361 1301 faciles
1395 1237 1531 1303 capi,

300 1316 841 1367 Praecommovebunt.
910 1315 1056 1367 Hinc
1089 1322 1237 1366 vetus
1269 1318 1422 1382 regni
1441 1319 1614 1382 furor,

303 1397 460 1448 Illinc
494 1403 700 1463 egestas
733 1398 899 1447 tristis
933 1415 998 1447 ac
1032 1398 1192 1447 durus
1226 1397 1371 1447 labor

305 1479 550 1538 Quamvis
580 1479 838 1545 rigentem
870 1485 949 1528 tot
981 1479 1134 1528 malis
1165 1479 1404 1545 subigent
1437 1477 1658 1531 virum.''
1683 1475 1735 1542 *)

300 1561 431 1610 Eum
476 1559 718 1622 nuntium,
753 1560 978 1624 quisquis
1011 1565 1089 1608 est
1122 1558 1254 1624 (nam
1286 1559 1402 1608 filiis
1436 1558 1577 1608 Atrei
1610 1559 1862 1624 negotium

174 1640 236 1690 ab
267 1639 514 1705 Euripide
547 1640 817 1688 iniunctum
852 1655 965 1689 esse
999 1640 1239 1690 credibile
1270 1654 1367 1689 non
1416 1637 1547 1704 est),
1590 1655 1689 1690 non
1733 1656 1864 1690 nunc

172 1720 373 1769 demum
405 1720 535 1768 mitti
567 1722 648 1781 (ut
682 1723 760 1768 est
793 1719 923 1784 apud
957 1717 1240 1787 Senecam),
1275 1718 1367 1770 sed
1395 1722 1719 1770 cummaxime
1752 1722 1861 1770 red-

173 1802 250 1850 ire
283 1816 342 1850 ac
375 1801 439 1849 de
474 1801 683 1849 adventu
716 1799 955 1865 Thyestis
988 1801 1196 1851 Atreum
1244 1802 1504 1850 certiorem
1554 1801 1725 1851 facere
1770 1819 1862 1867 pu-

172 1881 375 1931 tandum
409 1885 502 1930 est.
569 1881 858 1929 Gratulatur
892 1881 988 1929 sibi
1021 1881 1202 1930 Atreus
1235 1897 1293 1929 re
1327 1896 1390 1929 ex
1425 1881 1668 1931 sententia
1688 1897 1863 1931 succe-

171 1962 339 2022 dente,
374 1961 619 2025 simulque
653 1962 895 2024 exquisito
929 1961 1128 2010 ultionis
1163 1976 1347 2027 genere
1381 1976 1437 2010 se
1466 1978 1673 2011 usurum
1707 1963 1862 2029 signi-

170 2041 314 2092 ficat:
1145 2036 1148 2039 ⁴
1532 2059 1538 2063 “

303 2120 556 2185 „Ne-scio,
592 2120 718 2188 quid
749 2123 952 2172 animus
984 2123 1154 2172 maius
1190 2128 1243 2172 et
1274 2122 1427 2172 solito
1462 2123 1684 2191 amplius

304 2202 581 2271 Supraque
601 2205 745 2270 fines
773 2205 929 2254 moris
962 2204 1180 2253 humani
1209 2210 1391 2266 tumet,

305 2284 578 2351 Instatque
604 2285 774 2351 pigris
807 2285 1057 2337 manibus.
1127 2283 1308 2346 Haud,
1343 2284 1471 2352 quid
1502 2286 1589 2347 sit,
1621 2286 1745 2346 scio,

307 2363 418 2414 Sed
462 2365 669 2431 grande
713 2365 959 2432 quiddam
1007 2371 1099 2415 est.
1167 2364 1258 2415 Ita
1301 2366 1406 2416 sit!
1473 2364 1621 2428 Hoc,
1674 2367 1862 2428 anime,

1020 2449 1250 2513 occupa!

306 2524 539 2590 Dignum
573 2531 649 2573 est
687 2524 913 2590 Thyestes
924 2526 1144 2590 facinus
1180 2534 1231 2575 et
1267 2526 1481 2592 dignum
1513 2528 1714 2576 Atreo”
1733 2525 1828 2591 **).

175 2606 365 2670 Quibus
399 2606 582 2655 auditis
617 2608 812 2654 nuntius
848 2606 1184 2654 sive-satelles
1218 2622 1448 2671 asperum
1473 2607 1614 2656 Atrei
1649 2609 1862 2656 animum

174 2688 402 2752 mitigare
444 2686 615 2735 studet
661 2693 711 2735 et
756 2686 819 2734 ad
867 2685 1054 2734 leniora
1099 2686 1300 2735 consilia
1346 2702 1596 2735 revocare.
1689 2688 1864 2736 Monet

171 2768 338 2832 igitur,
372 2783 436 2816 ne
468 2767 748 2816 iracundiae
781 2772 972 2815 temere
1006 2767 1324 2831 obtemperet
1357 2792 1419 2801 -—

307 2845 521 2914 γνώμης
553 2844 655 2912 γὰρ
691 2844 851 2898 οὐδὲν
884 2841 1041 2911 ἁρετὴ
1076 2843 1381 2911 μονουμένη
1417 2873 1475 2881 -—

173 2946 298 2979 neve
345 2936 530 2979 metum
577 2929 796 2990 firmius,
844 2944 987 2991 quam
1032 2927 1449 2988 benevolentiam,
1500 2926 1641 2991 regni
1674 2926 1862 2990 praesi-

174 3010 312 3059 dium
346 3026 459 3059 esse
493 3014 665 3073 putet:

308 3089 545 3152 „Quem
613 3094 924 3138 metuunt
990 3085 1303 3149 oderunt,
1351 3102 1534 3154 quem
1578 3087 1863 3153 quisque

916 3166 1085 3228 odit,
1115 3169 1384 3232 perisse
1421 3166 1861 3233 expetit”²¹²²¹²²²²).

245 3336 293 3391 ²)
323 3338 494 3380 Seneca
522 3337 578 3390 11,
607 3335 706 3378 299.

234 3407 298 3460 **)
325 3408 482 3451 Senec.
514 3423 558 3450 v.
587 3406 686 3449 267.

183 3478 283 3531 ***)
310 3479 442 3521 Ennii
471 3478 636 3535 fragm.
666 3477 750 3520 inc.
783 3475 852 3519 15.
