2176 3874
930 240 1052 339 '44⁷

157 433 255 482 343
270 428 338 500 *).
406 429 476 480 Et
520 429 650 495 apud
685 428 934 480 Romanos
979 429 1178 494 quidem
1211 429 1369 480 ternis
1400 427 1678 481 hominibus
1710 442 1823 494 can-

158 512 258 562 tica
291 510 587 578 agebantur,
634 526 662 559 a
695 511 918 570 tibicine,
965 511 1050 573 qni
1083 509 1248 570 tibiis,
1298 527 1328 559 a
1360 525 1546 575 puero,
1592 509 1675 573 qui
1701 523 1826 559 voce

159 595 376 651 caneret,
409 595 462 640 et
493 592 552 641 ab
587 590 842 651 histrione,
876 590 959 653 qui
990 595 1187 653 gestum
1218 590 1400 639 tacitus
1432 595 1692 655 perageret
1723 586 1826 652 ss).

159 671 307 736 Apud
350 670 567 721 Graecos
614 671 796 719 tibicen
846 685 938 718 una
984 685 1098 717 cum
1139 673 1306 718 actore
1353 669 1457 719 sive
1491 669 1731 718 histrione
1774 668 1828 718 in

159 750 350 816 pulpita
382 751 584 815 prodire
617 750 834 807 solebat,
884 753 937 797 ut
969 747 1043 796 illi
1078 749 1139 797 ad
1173 765 1368 798 manum
1405 753 1656 811 cantaret,
1700 752 1830 798 teste

159 829 366 879 Horatio
400 831 509 880 Art.
544 836 674 896 poet.
707 830 829 877 214:

293 909 423 971 „Sic
453 912 660 976 priscae
692 914 980 975 motumque
1017 912 1066 956 et
1101 906 1360 956 luxuriem
1395 907 1601 957 addidit
1636 909 1744 958 arti

297 990 538 1052 Tibicen,
584 990 945 1055 traxitque
991 1003 1201 1054 vagus
1238 1003 1364 1053 per
1403 988 1684 1054 pulpita
1732 1004 1832 1038 ve-

1149 1073 1207 1116 st
1223 1074 1366 1116 em.”

163 1150 319 1216 quue
347 1149 651 1214 Antigenidis
680 1148 907 1212 exemplo
940 1148 1281 1209 confirmatur,
1327 1147 1390 1197 de
1424 1163 1521 1211 quo
1564 1148 1665 1196 hoc
1711 1148 1836 1197 scri-

163 1236 305 1296 ptum
331 1229 531 1293 reliquit
553 1228 758 1277 Suidas:
803 1227 1176 1291 „Antigenides‚
1211 1226 1377 1291 Satyri
1396 1228 1546 1287 filius,
1567 1227 1836 1278 Thebanus

164 1310 398 1367 musicus,
433 1309 675 1358 tibicen
708 1307 1077 1356 Philoxeni.
1142 1307 1239 1356 Hic
1274 1308 1451 1356 calceis
1496 1308 1697 1357 milesiis
1731 1309 1835 1374 pri·
1878 1349 1894 1357 τι

165 1404 273 1438 mus
317 1403 438 1438 usus
486 1391 592 1448 est,
653 1393 705 1436 et
748 1388 799 1436 in
846 1387 1194 1437 Comessatore
1241 1386 1485 1451 (dramate
1531 1387 1637 1438 sine
1686 1388 1837 1438 dubio

167 1469 406 1533 satyrico)
442 1472 694 1518 crocotum
729 1467 932 1533 pallium
965 1467 1173 1516 induit.''

296 1547 352 1596 In
388 1548 598 1597 choricis
634 1548 932 1597 carminibus
966 1564 1211 1612 nunquam
1241 1547 1374 1596 illam
1402 1547 1655 1597 tibicinum
1688 1548 1839 1599 licen-

165 1628 287 1678 tiam
319 1629 577 1692 probatam
620 1643 733 1676 esse
766 1628 1058 1678 Aristoteles
1091 1629 1141 1676 in
1174 1631 1308 1691 poet.
1343 1643 1384 1676 c.
1416 1629 1496 1677 26.
1532 1626 1579 1692 §.
1605 1630 1653 1680 1.
1688 1634 1839 1678 testa-

166 1713 276 1757 tur:
312 1705 478 1774 δῆλον
511 1704 593 1757 ὅτι
618 1705 653 1774 ἦ
680 1705 886 1758 ἅπαντα
912 1704 1209 1774 μιμουμένη
1237 1705 1491 1774 (μίμησις)
1526 1709 1838 1776 φορτική.

158 1780 256 1849 Ὡς
289 1786 392 1855 γὰρ
427 1787 528 1839 οὐκ
554 1787 974 1854 αἰσθανομένων,
1010 1787 1078 1840 ἂν
1110 1786 1180 1855 μὴ
1207 1788 1365 1849 αὐτὸς
1383 1792 1610 1855 προςθῇ,
1643 1788 1842 1858 πολλὴν

166 1868 376 1937 κίνησιν
407 1873 716 1929 κινοῦνται,
770 1862 888 1920 οἷον
922 1869 975 1920 οἱ
1006 1871 1207 1936 φαῦλοι
1241 1867 1486 1936 αὐληταὶ,
1520 1870 1842 1936 κυλιόμενοι,

169 1948 238 2001 ἂν
268 1948 455 2002 δίσκον
488 1948 579 2017 δέῃ
612 1953 915 2016 μιμεῖσθαι,
966 1948 1080 2001 καὶ
1123 1947 1451 2012 ἕλκοντες
1494 1950 1613 2002 τὸν
1645 1969 1840 2017 κορυ-

169 2033 412 2096 φαῖον,
459 2029 536 2082 ἂν
568 2030 894 2082 Σκύλλαν
941 2030 1252 2082 αὐλῶσιν.
1319 2032 1495 2097 Neque
1538 2032 1742 2094 eadem,
1790 2033 1842 2081 id

159 2113 302 2178 ‘quod
333 2113 385 2161 in
418 2112 740 2176 problematis
774 2114 1012 2177 scriptum
1038 2118 1133 2174 est,
1167 2112 1331 2161 locum
1358 2113 1542 2162 dabant
1564 2113 1844 2163 mutationi-

168 2194 264 2243 bus
299 2192 744 2257 variationibusque
778 2198 830 2242 et
863 2192 1230 2242 imitationibus.

301 2273 378 2322 Ad
411 2273 598 2320 cantica
628 2272 776 2335 igitur
810 2274 914 2321 sive
948 2272 1198 2321 monodias
1231 2271 1342 2320 illas
1370 2272 1671 2322 musicorum
1694 2288 1843 2323 nova-

171 2353 332 2401 tiones
364 2350 580 2399 maxime
612 2352 908 2415 pertinuisse
941 2352 1139 2415 planum
1176 2358 1266 2400 est.
1333 2352 1401 2400 Et
1432 2352 1668 2415 gloriatur
1694 2352 1844 2402 Euri-

170 2431 316 2497 pides
349 2430 478 2495 apud
513 2429 897 2494 Aristophanem
943 2431 1091 2493 (Ran.
1126 2430 1264 2490 945.)
1313 2446 1492 2480 novum
1542 2433 1843 2482 canticorum

174 2526 332 2577 genus
365 2526 394 2558 a
427 2524 483 2559 se
516 2509 770 2558 inductum
805 2526 935 2568 esse,
970 2527 1120 2574 quum
1147 2511 1561 2576 Cephisophonti‚
1591 2513 1846 2578 agonistae

175 2607 281 2653 sno,
315 2589 725 2653 morigeraretur:

304 2662 396 2720 εἶτ’
432 2666 725 2734 ἀνέτρεφον
759 2670 852 2735 (sc.
888 2665 986 2735 τὴν
1016 2667 1338 2737 τραγῳδίαν)
1373 2669 1692 2739 μονῳδίαις,
1738 2672 1844 2738 Κη-

966 2751 1282 2815 φισοφῶντα
1315 2751 1520 2817 μιγνύς.

176 2831 314 2882 idem
348 2829 394 2878 ei
427 2845 473 2880 v.
508 2831 620 2878 849.
657 2831 717 2880 ab
751 2830 1000 2895 Aeschylo
1035 2834 1388 2897 exprobratur:

302 2900 345 2959 ὦ
380 2907 649 2973 Κρητικὰς
682 2907 779 2974 μὲν
812 2908 1078 2976 συλλέγων
1112 2910 1394 2981 μονῳδίας,

307 2988 515 3056 γάμους
548 2988 595 3041 δ’
630 2989 882 3051 ἀνοσίους
913 2989 1167 3059 εἰςφέρων
1199 2991 1272 3054 εἰς
1303 2991 1401 3059 τὴν
1432 2989 1633 3060 τέχνην.

308 3070 623 3121 canticorum
655 3073 825 3122 modos
870 3089 1019 3138 saepe
1064 3074 1246 3123 mutari
1277 3074 1450 3124 solitos
1484 3090 1596 3124 esse
1630 3073 1847 3124 ostendit

234 3183 282 3239 ¹⁸¹)
313 3182 501 3240 Olympi
535 3182 845 3241 θρηνητικούς
882 3181 1075 3242 νόμους,
1130 3201 1238 3243 quos
1276 3188 1439 3232 Suidas
1475 3202 1510 3230 s.
1540 3202 1585 3230 v.
1630 3186 1846 3240 ξυναυλία

321 3259 668 3309 commemorat,
699 3269 810 3298 cave
840 3270 940 3299 cum
968 3257 1131 3314 nomis,
1173 3258 1247 3314 qui
1274 3259 1454 3316 proprie
1484 3258 1710 3309 dicuntur,
1740 3270 1845 3298 con-

320 3323 492 3368 fundas.

209 3393 287 3448 **)
317 3394 387 3437 Cf.
417 3395 472 3439 G.
499 3395 551 3439 A.
580 3397 635 3439 Β.
663 3396 879 3440 Wolfium
907 3396 951 3440 in
985 3412 1152 3458 progr„
1182 3399 1299 3456 quod
1338 3399 1393 3444 de
1424 3397 1608 3443 canticis
1634 3395 1680 3440 in
1708 3397 1843 3441 Rom.

320 3463 413 3509 fab.
441 3478 557 3509 scen.
590 3467 776 3525 scripsit,
807 3483 851 3524 p.
881 3467 951 3510 10.
