<?xml version="1.0" encoding="UTF-8"?>
<!DOCTYPE html PUBLIC "-//W3C//DTD XHTML 1.0 Transitional//EN"
    "http://www.w3.org/TR/xhtml1/DTD/xhtml1-transitional.dtd">
<html xmlns="http://www.w3.org/1999/xhtml" xml:lang="en" lang="en">
 <head>
  <title>
</title>
<meta http-equiv="Content-Type" content="text/html;charset=utf-8" />
  <meta name='ocr-system' content='tesseract 3.04.00' />
  <meta name='ocr-capabilities' content='ocr_page ocr_carea ocr_par ocr_line ocrx_word'/>
</head>
<body>
  <div class='ocr_page' id='page_1' title='image "./euripidesrestitu01hartuoft_0538.png"; bbox 0 0 2176 3874; ppageno 0'>
   <div class='ocr_carea' id='block_1_1' title="bbox 1135 315 1261 376">
    <p class='ocr_par' dir='ltr' id='par_1_1' title="bbox 1135 315 1261 376">
     <span class='ocr_line' id='line_1_1' title="bbox 1135 315 1261 376; baseline -0.016 0"><span class='ocrx_word' id='word_1_1' title='bbox 1135 315 1261 376; x_wconf 84' lang='lat'><strong>520</strong></span> 
     </span>
    </p>
   </div>
   <div class='ocr_carea' id='block_1_2' title="bbox 334 461 2048 3094">
    <p class='ocr_par' dir='ltr' id='par_1_2' title="bbox 334 461 2048 2532">
     <span class='ocr_line' id='line_1_2' title="bbox 354 461 2044 534; baseline -0.002 -15"><span class='ocrx_word' id='word_1_2' title='bbox 354 471 605 534; x_wconf 85' lang='lat' dir='ltr'><strong>(veterum</strong></span> <span class='ocrx_word' id='word_1_3' title='bbox 650 466 781 516; x_wconf 90' lang='lat' dir='ltr'><strong>enim</strong></span> <span class='ocrx_word' id='word_1_4' title='bbox 830 478 977 515; x_wconf 89' lang='lat' dir='ltr'><strong>nemo</strong></span> <span class='ocrx_word' id='word_1_5' title='bbox 1008 461 1335 530; x_wconf 77' lang='lat' dir='ltr'>vituperavit)</span> <span class='ocrx_word' id='word_1_6' title='bbox 1372 466 1771 527; x_wconf 83' lang='lat' dir='ltr'><strong>argumentorum</strong></span> <span class='ocrx_word' id='word_1_7' title='bbox 1805 464 2044 532; x_wconf 82' lang='lat' dir='ltr'><strong>simplici-</strong></span> 
     </span>
     <span class='ocr_line' id='line_1_3' title="bbox 351 543 2046 611; baseline -0.001 -13"><span class='ocrx_word' id='word_1_8' title='bbox 351 554 506 598; x_wconf 87' lang='lat' dir='ltr'><strong>tatem</strong></span> <span class='ocrx_word' id='word_1_9' title='bbox 540 546 905 606; x_wconf 87' lang='lat' dir='ltr'><strong>desiderarunt,</strong></span> <span class='ocrx_word' id='word_1_10' title='bbox 939 559 1243 611; x_wconf 82' lang='lat' dir='ltr'><strong>magnopere</strong></span> <span class='ocrx_word' id='word_1_11' title='bbox 1277 543 1555 593; x_wconf 90' lang='lat' dir='ltr'><strong>mirandum</strong></span> <span class='ocrx_word' id='word_1_12' title='bbox 1589 550 1757 607; x_wconf 84' lang='lat' dir='ltr'><strong>esset,</strong></span> <span class='ocrx_word' id='word_1_13' title='bbox 1790 547 1888 596; x_wconf 85' lang='lat' dir='ltr'><strong>nisi</strong></span> <span class='ocrx_word' id='word_1_14' title='bbox 1920 546 2046 597; x_wconf 84' lang='lat' dir='ltr'><strong>fuis-</strong></span> 
     </span>
     <span class='ocr_line' id='line_1_4' title="bbox 353 624 2046 692; baseline -0.001 -14"><span class='ocrx_word' id='word_1_15' title='bbox 353 633 465 678; x_wconf 84' lang='lat' dir='ltr'><strong>sent</strong></span> <span class='ocrx_word' id='word_1_16' title='bbox 498 632 585 676; x_wconf 92' lang='lat' dir='ltr'><strong>aut</strong></span> <span class='ocrx_word' id='word_1_17' title='bbox 617 626 688 686; x_wconf 89' lang='lat' dir='ltr'><strong>ii,</strong></span> <span class='ocrx_word' id='word_1_18' title='bbox 724 625 808 689; x_wconf 87' lang='lat' dir='ltr'><strong>qui</strong></span> <span class='ocrx_word' id='word_1_19' title='bbox 842 629 1045 690; x_wconf 87' lang='lat' dir='ltr'><strong>praeter</strong></span> <span class='ocrx_word' id='word_1_20' title='bbox 1077 624 1429 674; x_wconf 85' lang='lat' dir='ltr'><strong>vocabulorum</strong></span> <span class='ocrx_word' id='word_1_21' title='bbox 1461 624 1650 675; x_wconf 85' lang='lat' dir='ltr'><strong>formas</strong></span> <span class='ocrx_word' id='word_1_22' title='bbox 1683 627 2046 692; x_wconf 83' lang='lat' dir='ltr'><strong>verborumque</strong></span> 
     </span>
     <span class='ocr_line' id='line_1_5' title="bbox 355 705 2044 771; baseline -0.001 -14"><span class='ocrx_word' id='word_1_23' title='bbox 355 707 771 771; x_wconf 83' lang='lat' dir='ltr'><strong>compositionem</strong></span> <span class='ocrx_word' id='word_1_24' title='bbox 818 705 886 753; x_wconf 89' lang='lat' dir='ltr'><strong>nil</strong></span> <span class='ocrx_word' id='word_1_25' title='bbox 932 706 1209 755; x_wconf 83' lang='lat' dir='ltr'><strong>accuratius</strong></span> <span class='ocrx_word' id='word_1_26' title='bbox 1259 705 1539 754; x_wconf 84' lang='lat' dir='ltr'><strong>examinare</strong></span> <span class='ocrx_word' id='word_1_27' title='bbox 1573 705 1820 769; x_wconf 79' lang='lat' dir='ltr'><strong>solerent,</strong></span> <span class='ocrx_word' id='word_1_28' title='bbox 1873 713 1962 758; x_wconf 90' lang='lat' dir='ltr'><strong>aut</strong></span> <span class='ocrx_word' id='word_1_29' title='bbox 1993 708 2044 769; x_wconf 77' lang='lat' dir='ltr'><strong>ii,</strong></span> 
     </span>
     <span class='ocr_line' id='line_1_6' title="bbox 355 786 2046 854; baseline 0 -17"><span class='ocrx_word' id='word_1_30' title='bbox 355 788 442 853; x_wconf 86' lang='lat' dir='ltr'><strong>qui</strong></span> <span class='ocrx_word' id='word_1_31' title='bbox 491 788 572 836; x_wconf 79' lang='lat' dir='ltr'><strong>vix</strong></span> <span class='ocrx_word' id='word_1_32' title='bbox 618 786 742 836; x_wconf 87' lang='lat' dir='ltr'><strong>satis</strong></span> <span class='ocrx_word' id='word_1_33' title='bbox 783 802 964 851; x_wconf 83' lang='lat' dir='ltr'><strong>graece</strong></span> <span class='ocrx_word' id='word_1_34' title='bbox 1012 786 1200 835; x_wconf 89' lang='lat' dir='ltr'><strong>scirent</strong></span> <span class='ocrx_word' id='word_1_35' title='bbox 1243 786 1308 834; x_wconf 90' lang='lat' dir='ltr'><strong>ad</strong></span> <span class='ocrx_word' id='word_1_36' title='bbox 1348 786 1616 851; x_wconf 81' lang='lat' dir='ltr'><strong>legendum</strong></span> <span class='ocrx_word' id='word_1_37' title='bbox 1667 787 1923 854; x_wconf 81' lang='lat' dir='ltr'><strong>exemplar</strong></span> <span class='ocrx_word' id='word_1_38' title='bbox 1969 787 2046 853; x_wconf 89' lang='lat' dir='ltr'><strong>ip-</strong></span> 
     </span>
     <span class='ocr_line' id='line_1_7' title="bbox 351 865 2047 932; baseline 0.001 -15"><span class='ocrx_word' id='word_1_39' title='bbox 351 884 462 917; x_wconf 91' lang='lat' dir='ltr'><strong>sum</strong></span> <span class='ocrx_word' id='word_1_40' title='bbox 497 872 548 916; x_wconf 91' lang='lat' dir='ltr'><strong>et</strong></span> <span class='ocrx_word' id='word_1_41' title='bbox 579 866 977 930; x_wconf 82' lang='lat' dir='ltr'><strong>cognoscendum</strong></span> <span class='ocrx_word' id='word_1_42' title='bbox 1005 865 1310 916; x_wconf 60' lang='lat' dir='ltr'><strong>familiarius</strong></span> <span class='ocrx_word' id='word_1_43' title='bbox 1379 866 1481 916; x_wconf 88' lang='lat' dir='ltr'><strong>Sed</strong></span> <span class='ocrx_word' id='word_1_44' title='bbox 1511 866 1574 915; x_wconf 86' lang='lat' dir='ltr'><strong>ad</strong></span> <span class='ocrx_word' id='word_1_45' title='bbox 1597 867 1908 932; x_wconf 86' lang='lat' dir='ltr'><strong>propositum</strong></span> <span class='ocrx_word' id='word_1_46' title='bbox 1930 869 2047 918; x_wconf 89' lang='lat' dir='ltr'><strong>red-</strong></span> 
     </span>
     <span class='ocr_line' id='line_1_8' title="bbox 352 946 2047 1014; baseline 0 -16"><span class='ocrx_word' id='word_1_47' title='bbox 352 963 429 998; x_wconf 85' lang='lat' dir='ltr'><strong>eo.</strong></span> <span class='ocrx_word' id='word_1_48' title='bbox 510 947 590 996; x_wconf 82' lang='lat' dir='ltr'><strong>Ex</strong></span> <span class='ocrx_word' id='word_1_49' title='bbox 639 946 797 996; x_wconf 89' lang='lat' dir='ltr'><strong>tribus</strong></span> <span class='ocrx_word' id='word_1_50' title='bbox 854 946 1054 1006; x_wconf 70' lang='lat' dir='ltr'><strong>liberis,</strong></span> <span class='ocrx_word' id='word_1_51' title='bbox 1116 947 1199 1010; x_wconf 86' lang='lat' dir='ltr'><strong>qui</strong></span> <span class='ocrx_word' id='word_1_52' title='bbox 1246 946 1389 1011; x_wconf 86' lang='lat' dir='ltr'><strong>quasi</strong></span> <span class='ocrx_word' id='word_1_53' title='bbox 1450 962 1513 996; x_wconf 86' lang='lat' dir='ltr'><strong>ex</strong></span> <span class='ocrx_word' id='word_1_54' title='bbox 1557 947 1814 1014; x_wconf 85' lang='lat' dir='ltr'><strong>naufragio</strong></span> <span class='ocrx_word' id='word_1_55' title='bbox 1861 949 2047 998; x_wconf 82' lang='lat' dir='ltr'><strong>servati</strong></span> 
     </span>
     <span class='ocr_line' id='line_1_9' title="bbox 350 1025 2046 1095; baseline 0.001 -17"><span class='ocrx_word' id='word_1_56' title='bbox 350 1027 594 1078; x_wconf 86' lang='lat' dir='ltr'><strong>Hecubae</strong></span> <span class='ocrx_word' id='word_1_57' title='bbox 627 1027 999 1092; x_wconf 84' lang='lat' dir='ltr'><strong>superfuerunt,</strong></span> <span class='ocrx_word' id='word_1_58' title='bbox 1035 1025 1228 1075; x_wconf 88' lang='lat' dir='ltr'><strong>duobus</strong></span> <span class='ocrx_word' id='word_1_59' title='bbox 1263 1028 1484 1086; x_wconf 73' lang='lat' dir='ltr'><strong>orbatur,</strong></span> <span class='ocrx_word' id='word_1_60' title='bbox 1517 1027 1652 1077; x_wconf 91' lang='lat' dir='ltr'><strong>tertii</strong></span> <span class='ocrx_word' id='word_1_61' title='bbox 1667 1029 1823 1095; x_wconf 83' lang='lat' dir='ltr'><strong>gratia</strong></span> <span class='ocrx_word' id='word_1_62' title='bbox 1841 1029 2046 1079; x_wconf 87' lang='lat' dir='ltr'><strong>alterius</strong></span> 
     </span>
     <span class='ocr_line' id='line_1_10' title="bbox 349 1105 2046 1174; baseline 0.001 -17"><span class='ocrx_word' id='word_1_63' title='bbox 349 1108 482 1158; x_wconf 88' lang='lat' dir='ltr'><strong>iusta</strong></span> <span class='ocrx_word' id='word_1_64' title='bbox 511 1107 758 1168; x_wconf 79' lang='lat' dir='ltr'><strong>funebria,</strong></span> <span class='ocrx_word' id='word_1_65' title='bbox 793 1108 998 1156; x_wconf 90' lang='lat' dir='ltr'><strong>alterius</strong></span> <span class='ocrx_word' id='word_1_66' title='bbox 1025 1105 1264 1155; x_wconf 87' lang='lat' dir='ltr'><strong>ultionem</strong></span> <span class='ocrx_word' id='word_1_67' title='bbox 1299 1107 1635 1171; x_wconf 87' lang='lat' dir='ltr'><strong>consequitur.</strong></span> <span class='ocrx_word' id='word_1_68' title='bbox 1700 1107 1898 1174; x_wconf 84' lang='lat' dir='ltr'><strong>Duplex</strong></span> <span class='ocrx_word' id='word_1_69' title='bbox 1931 1125 2046 1159; x_wconf 87' lang='lat' dir='ltr'><strong>cae-</strong></span> 
     </span>
     <span class='ocr_line' id='line_1_11' title="bbox 351 1185 2047 1254; baseline 0.001 -17"><span class='ocrx_word' id='word_1_70' title='bbox 351 1187 444 1238; x_wconf 83' lang='lat' dir='ltr'><strong>des</strong></span> <span class='ocrx_word' id='word_1_71' title='bbox 480 1187 727 1237; x_wconf 86' lang='lat' dir='ltr'><strong>eiusmodi</strong></span> <span class='ocrx_word' id='word_1_72' title='bbox 761 1191 858 1247; x_wconf 87' lang='lat' dir='ltr'><strong>est,</strong></span> <span class='ocrx_word' id='word_1_73' title='bbox 893 1192 950 1235; x_wconf 92' lang='lat' dir='ltr'><strong>ut</strong></span> <span class='ocrx_word' id='word_1_74' title='bbox 973 1185 1159 1252; x_wconf 85' lang='lat' dir='ltr'><strong>duplex</strong></span> <span class='ocrx_word' id='word_1_75' title='bbox 1184 1202 1338 1250; x_wconf 81' lang='lat' dir='ltr'><strong>genus</strong></span> <span class='ocrx_word' id='word_1_76' title='bbox 1371 1187 1679 1249; x_wconf 88' lang='lat' dir='ltr'><strong>iniuriarum,</strong></span> <span class='ocrx_word' id='word_1_77' title='bbox 1717 1189 1892 1254; x_wconf 84' lang='lat' dir='ltr'><strong>quibus</strong></span> <span class='ocrx_word' id='word_1_78' title='bbox 1923 1189 2047 1239; x_wconf 85' lang='lat' dir='ltr'><strong>victi</strong></span> 
     </span>
     <span class='ocr_line' id='line_1_12' title="bbox 351 1266 2048 1334; baseline 0 -16"><span class='ocrx_word' id='word_1_79' title='bbox 351 1269 551 1319; x_wconf 85' lang='lat' dir='ltr'><strong>obnoxii</strong></span> <span class='ocrx_word' id='word_1_80' title='bbox 585 1282 699 1317; x_wconf 90' lang='lat' dir='ltr'><strong>esse</strong></span> <span class='ocrx_word' id='word_1_81' title='bbox 732 1267 914 1327; x_wconf 90' lang='lat' dir='ltr'><strong>solent,</strong></span> <span class='ocrx_word' id='word_1_82' title='bbox 949 1267 1234 1316; x_wconf 81' lang='lat' dir='ltr'><strong>violentiam</strong></span> <span class='ocrx_word' id='word_1_83' title='bbox 1266 1266 1506 1317; x_wconf 88' lang='lat' dir='ltr'><strong>victorum</strong></span> <span class='ocrx_word' id='word_1_84' title='bbox 1541 1274 1594 1318; x_wconf 91' lang='lat' dir='ltr'><strong>et</strong></span> <span class='ocrx_word' id='word_1_85' title='bbox 1627 1269 1888 1334; x_wconf 86' lang='lat' dir='ltr'><strong>perfidiam</strong></span> <span class='ocrx_word' id='word_1_86' title='bbox 1921 1269 2048 1319; x_wconf 83' lang='lat' dir='ltr'><strong>ami-</strong></span> 
     </span>
     <span class='ocr_line' id='line_1_13' title="bbox 349 1347 2046 1414; baseline 0.002 -17"><span class='ocrx_word' id='word_1_87' title='bbox 349 1364 553 1405; x_wconf 91' lang='lat' dir='ltr'><strong>corum,</strong></span> <span class='ocrx_word' id='word_1_88' title='bbox 601 1351 963 1413; x_wconf 87' lang='lat' dir='ltr'><strong>repraesentet.</strong></span> <span class='ocrx_word' id='word_1_89' title='bbox 1031 1347 1193 1397; x_wconf 87' lang='lat' dir='ltr'><strong>Simul</strong></span> <span class='ocrx_word' id='word_1_90' title='bbox 1226 1347 1323 1396; x_wconf 88' lang='lat' dir='ltr'><strong>hoc</strong></span> <span class='ocrx_word' id='word_1_91' title='bbox 1355 1347 1487 1396; x_wconf 88' lang='lat' dir='ltr'><strong>inter</strong></span> <span class='ocrx_word' id='word_1_92' title='bbox 1518 1353 1780 1414; x_wconf 86' lang='lat' dir='ltr'><strong>utramque</strong></span> <span class='ocrx_word' id='word_1_93' title='bbox 1813 1349 2046 1414; x_wconf 88' lang='lat' dir='ltr'><strong>interest,</strong></span> 
     </span>
     <span class='ocr_line' id='line_1_14' title="bbox 351 1426 2045 1494; baseline 0.002 -18"><span class='ocrx_word' id='word_1_94' title='bbox 351 1428 488 1492; x_wconf 88' lang='lat' dir='ltr'><strong>quod</strong></span> <span class='ocrx_word' id='word_1_95' title='bbox 523 1426 679 1476; x_wconf 87' lang='lat' dir='ltr'><strong>altera</strong></span> <span class='ocrx_word' id='word_1_96' title='bbox 712 1443 740 1476; x_wconf 88' lang='lat' dir='ltr'><strong>a</strong></span> <span class='ocrx_word' id='word_1_97' title='bbox 773 1428 1091 1485; x_wconf 87' lang='lat' dir='ltr'><strong>necessitate,</strong></span> <span class='ocrx_word' id='word_1_98' title='bbox 1126 1427 1281 1477; x_wconf 87' lang='lat' dir='ltr'><strong>altera</strong></span> <span class='ocrx_word' id='word_1_99' title='bbox 1316 1443 1345 1475; x_wconf 89' lang='lat' dir='ltr'><strong>a</strong></span> <span class='ocrx_word' id='word_1_100' title='bbox 1377 1427 1662 1477; x_wconf 85' lang='lat' dir='ltr'><strong>temeritate</strong></span> <span class='ocrx_word' id='word_1_101' title='bbox 1692 1429 2045 1494; x_wconf 86' lang='lat' dir='ltr'><strong>proficiscitur.</strong></span> 
     </span>
     <span class='ocr_line' id='line_1_15' title="bbox 349 1506 2046 1571; baseline 0.001 -14"><span class='ocrx_word' id='word_1_102' title='bbox 349 1507 657 1558; x_wconf 84' lang='lat' dir='ltr'><strong>Necessitati</strong></span> <span class='ocrx_word' id='word_1_103' title='bbox 691 1506 981 1571; x_wconf 78' lang='lat' dir='ltr'><strong>parendum,</strong></span> <span class='ocrx_word' id='word_1_104' title='bbox 1015 1508 1352 1557; x_wconf 87' lang='lat' dir='ltr'><strong>temeritatem</strong></span> <span class='ocrx_word' id='word_1_105' title='bbox 1386 1507 1727 1557; x_wconf 85' lang='lat' dir='ltr'><strong>vindicandam</strong></span> <span class='ocrx_word' id='word_1_106' title='bbox 1770 1524 1885 1558; x_wconf 77' lang='lat' dir='ltr'><strong>esse</strong></span> <span class='ocrx_word' id='word_1_107' title='bbox 1915 1511 2046 1560; x_wconf 89' lang='lat' dir='ltr'><strong>iudi-</strong></span> 
     </span>
     <span class='ocr_line' id='line_1_16' title="bbox 348 1587 2047 1651; baseline 0.002 -14"><span class='ocrx_word' id='word_1_108' title='bbox 348 1594 461 1637; x_wconf 90' lang='lat' dir='ltr'><strong>cant</strong></span> <span class='ocrx_word' id='word_1_109' title='bbox 492 1587 721 1637; x_wconf 90' lang='lat' dir='ltr'><strong>homines</strong></span> <span class='ocrx_word' id='word_1_110' title='bbox 755 1588 932 1638; x_wconf 80' lang='lat' dir='ltr'><strong>fortes,</strong></span> <span class='ocrx_word' id='word_1_111' title='bbox 1000 1587 1127 1637; x_wconf 88' lang='lat' dir='ltr'><strong>Nam</strong></span> <span class='ocrx_word' id='word_1_112' title='bbox 1161 1605 1260 1638; x_wconf 91' lang='lat' dir='ltr'><strong>non</strong></span> <span class='ocrx_word' id='word_1_113' title='bbox 1295 1589 1458 1639; x_wconf 89' lang='lat' dir='ltr'><strong>solum</strong></span> <span class='ocrx_word' id='word_1_114' title='bbox 1491 1589 1682 1638; x_wconf 91' lang='lat' dir='ltr'><strong>obviam</strong></span> <span class='ocrx_word' id='word_1_115' title='bbox 1717 1587 1905 1651; x_wconf 82' lang='lat' dir='ltr'><strong>eundo,</strong></span> <span class='ocrx_word' id='word_1_116' title='bbox 1952 1590 2047 1640; x_wconf 85' lang='lat' dir='ltr'><strong>sed</strong></span> 
     </span>
     <span class='ocr_line' id='line_1_17' title="bbox 349 1667 2048 1734; baseline 0.001 -17"><span class='ocrx_word' id='word_1_117' title='bbox 349 1669 502 1717; x_wconf 91' lang='lat' dir='ltr'><strong>etiam</strong></span> <span class='ocrx_word' id='word_1_118' title='bbox 538 1667 763 1717; x_wconf 89' lang='lat' dir='ltr'><strong>cedendo</strong></span> <span class='ocrx_word' id='word_1_119' title='bbox 797 1668 1014 1717; x_wconf 80' lang='lat' dir='ltr'><strong>vincitur</strong></span> <span class='ocrx_word' id='word_1_120' title='bbox 1037 1667 1254 1732; x_wconf 79' lang='lat' dir='ltr'><strong>fortuna,</strong></span> <span class='ocrx_word' id='word_1_121' title='bbox 1290 1684 1386 1733; x_wconf 86' lang='lat' dir='ltr'><strong>qua</strong></span> <span class='ocrx_word' id='word_1_122' title='bbox 1407 1668 1601 1718; x_wconf 89' lang='lat' dir='ltr'><strong>ratione</strong></span> <span class='ocrx_word' id='word_1_123' title='bbox 1626 1684 1724 1718; x_wconf 91' lang='lat' dir='ltr'><strong>non</strong></span> <span class='ocrx_word' id='word_1_124' title='bbox 1743 1667 2048 1734; x_wconf 81' lang='lat' dir='ltr'><strong>Polyxenam</strong></span> 
     </span>
     <span class='ocr_line' id='line_1_18' title="bbox 334 1748 2048 1815; baseline 0.001 -17"><span class='ocrx_word' id='word_1_125' title='bbox 334 1752 569 1810; x_wconf 75' lang='lat' dir='ltr'><strong>tantum,</strong></span> <span class='ocrx_word' id='word_1_126' title='bbox 618 1748 710 1797; x_wconf 88' lang='lat' dir='ltr'><strong>sed</strong></span> <span class='ocrx_word' id='word_1_127' title='bbox 756 1748 906 1797; x_wconf 87' lang='lat' dir='ltr'><strong>etiam</strong></span> <span class='ocrx_word' id='word_1_128' title='bbox 951 1748 1212 1799; x_wconf 89' lang='lat' dir='ltr'><strong>Hecubam</strong></span> <span class='ocrx_word' id='word_1_129' title='bbox 1271 1749 1554 1799; x_wconf 88' lang='lat' dir='ltr'><strong>calamitate</strong></span> <span class='ocrx_word' id='word_1_130' title='bbox 1602 1750 1888 1815; x_wconf 85' lang='lat' dir='ltr'><strong>superiores</strong></span> <span class='ocrx_word' id='word_1_131' title='bbox 1933 1765 2048 1799; x_wconf 86' lang='lat' dir='ltr'><strong>esse</strong></span> 
     </span>
     <span class='ocr_line' id='line_1_19' title="bbox 346 1827 2048 1893; baseline 0.002 -18"><span class='ocrx_word' id='word_1_132' title='bbox 346 1833 572 1892; x_wconf 89' lang='lat' dir='ltr'><strong>apparet.</strong></span> <span class='ocrx_word' id='word_1_133' title='bbox 642 1827 1004 1878; x_wconf 90' lang='lat' dir='ltr'><strong>Temeritatem</strong></span> <span class='ocrx_word' id='word_1_134' title='bbox 1039 1835 1203 1879; x_wconf 89' lang='lat' dir='ltr'><strong>autem</strong></span> <span class='ocrx_word' id='word_1_135' title='bbox 1251 1835 1302 1880; x_wconf 91' lang='lat' dir='ltr'><strong>et</strong></span> <span class='ocrx_word' id='word_1_136' title='bbox 1346 1830 1489 1880; x_wconf 85' lang='lat' dir='ltr'><strong>nefas</strong></span> <span class='ocrx_word' id='word_1_137' title='bbox 1534 1829 1620 1893; x_wconf 89' lang='lat' dir='ltr'><strong>qui</strong></span> <span class='ocrx_word' id='word_1_138' title='bbox 1668 1829 1877 1879; x_wconf 90' lang='lat' dir='ltr'><strong>inultum</strong></span> <span class='ocrx_word' id='word_1_139' title='bbox 1912 1829 2048 1891; x_wconf 84' lang='lat' dir='ltr'><strong>sinit,</strong></span> 
     </span>
     <span class='ocr_line' id='line_1_20' title="bbox 346 1906 2046 1976; baseline 0.002 -21"><span class='ocrx_word' id='word_1_140' title='bbox 346 1906 553 1973; x_wconf 85' lang='lat' dir='ltr'><strong>ignavus</strong></span> <span class='ocrx_word' id='word_1_141' title='bbox 599 1912 680 1957; x_wconf 90' lang='lat' dir='ltr'><strong>est</strong></span> <span class='ocrx_word' id='word_1_142' title='bbox 713 1913 861 1972; x_wconf 92' lang='lat' dir='ltr'><strong>atque</strong></span> <span class='ocrx_word' id='word_1_143' title='bbox 896 1925 958 1958; x_wconf 85' lang='lat' dir='ltr'><strong>ex</strong></span> <span class='ocrx_word' id='word_1_144' title='bbox 993 1926 1054 1959; x_wconf 91' lang='lat' dir='ltr'><strong>eo</strong></span> <span class='ocrx_word' id='word_1_145' title='bbox 1089 1927 1277 1976; x_wconf 85' lang='lat' dir='ltr'><strong>genere</strong></span> <span class='ocrx_word' id='word_1_146' title='bbox 1309 1911 1597 1969; x_wconf 78' lang='lat' dir='ltr'><strong>hominum,</strong></span> <span class='ocrx_word' id='word_1_147' title='bbox 1645 1909 1755 1974; x_wconf 89' lang='lat' dir='ltr'><strong>qui,</strong></span> <span class='ocrx_word' id='word_1_148' title='bbox 1801 1914 1859 1959; x_wconf 93' lang='lat' dir='ltr'><strong>ut</strong></span> <span class='ocrx_word' id='word_1_149' title='bbox 1893 1910 2046 1971; x_wconf 83' lang='lat' dir='ltr'><strong>aiunt,</strong></span> 
     </span>
     <span class='ocr_line' id='line_1_21' title="bbox 347 1987 2047 2055; baseline 0.002 -19"><span class='ocrx_word' id='word_1_150' title='bbox 347 2001 442 2036; x_wconf 90' lang='lat' dir='ltr'><strong>nec</strong></span> <span class='ocrx_word' id='word_1_151' title='bbox 477 1987 572 2037; x_wconf 91' lang='lat' dir='ltr'><strong>sibi</strong></span> <span class='ocrx_word' id='word_1_152' title='bbox 605 2003 698 2037; x_wconf 91' lang='lat' dir='ltr'><strong>nec</strong></span> <span class='ocrx_word' id='word_1_153' title='bbox 732 1988 893 2036; x_wconf 89' lang='lat' dir='ltr'><strong>alteri.</strong></span> <span class='ocrx_word' id='word_1_154' title='bbox 962 1988 1140 2051; x_wconf 79' lang='lat' dir='ltr'><strong>Neque</strong></span> <span class='ocrx_word' id='word_1_155' title='bbox 1174 1992 1250 2038; x_wconf 84' lang='lat' dir='ltr'><strong>ira</strong></span> <span class='ocrx_word' id='word_1_156' title='bbox 1282 1988 1642 2052; x_wconf 85' lang='lat' dir='ltr'><strong>tantummodo,</strong></span> <span class='ocrx_word' id='word_1_157' title='bbox 1681 2005 1812 2053; x_wconf 86' lang='lat' dir='ltr'><strong>quae</strong></span> <span class='ocrx_word' id='word_1_158' title='bbox 1845 1989 2047 2055; x_wconf 86' lang='lat' dir='ltr'><strong>quidem</strong></span> 
     </span>
     <span class='ocr_line' id='line_1_22' title="bbox 343 2067 2047 2130; baseline 0.002 -15"><span class='ocrx_word' id='word_1_159' title='bbox 343 2067 690 2117; x_wconf 85' lang='lat' dir='ltr'><strong>vehementius</strong></span> <span class='ocrx_word' id='word_1_160' title='bbox 726 2068 1059 2116; x_wconf 88' lang='lat' dir='ltr'><strong>inflammatur</strong></span> <span class='ocrx_word' id='word_1_161' title='bbox 1103 2067 1378 2117; x_wconf 89' lang='lat' dir='ltr'><strong>accedente</strong></span> <span class='ocrx_word' id='word_1_162' title='bbox 1422 2069 1667 2118; x_wconf 85' lang='lat' dir='ltr'><strong>victorum</strong></span> <span class='ocrx_word' id='word_1_163' title='bbox 1701 2070 1906 2130; x_wconf 85' lang='lat' dir='ltr'><strong>iniuria,</strong></span> <span class='ocrx_word' id='word_1_164' title='bbox 1955 2069 2047 2119; x_wconf 83' lang='lat' dir='ltr'><strong>sed</strong></span> 
     </span>
     <span class='ocr_line' id='line_1_23' title="bbox 346 2146 2047 2211; baseline 0.001 -15"><span class='ocrx_word' id='word_1_165' title='bbox 346 2148 496 2196; x_wconf 91' lang='lat' dir='ltr'><strong>etiam</strong></span> <span class='ocrx_word' id='word_1_166' title='bbox 530 2148 718 2211; x_wconf 90' lang='lat' dir='ltr'><strong>pietate</strong></span> <span class='ocrx_word' id='word_1_167' title='bbox 750 2147 961 2194; x_wconf 91' lang='lat' dir='ltr'><strong>Hecuba</strong></span> <span class='ocrx_word' id='word_1_168' title='bbox 995 2146 1057 2194; x_wconf 89' lang='lat' dir='ltr'><strong>ad</strong></span> <span class='ocrx_word' id='word_1_169' title='bbox 1091 2147 1442 2196; x_wconf 86' lang='lat' dir='ltr'><strong>vindicandum</strong></span> <span class='ocrx_word' id='word_1_170' title='bbox 1490 2147 1763 2196; x_wconf 89' lang='lat' dir='ltr'><strong>crudeliter</strong></span> <span class='ocrx_word' id='word_1_171' title='bbox 1796 2149 2047 2197; x_wconf 87' lang='lat' dir='ltr'><strong>crudelis-</strong></span> 
     </span>
     <span class='ocr_line' id='line_1_24' title="bbox 346 2225 2046 2292; baseline 0.002 -18"><span class='ocrx_word' id='word_1_172' title='bbox 346 2227 526 2274; x_wconf 90' lang='lat' dir='ltr'><strong>simum</strong></span> <span class='ocrx_word' id='word_1_173' title='bbox 562 2226 758 2274; x_wconf 86' lang='lat' dir='ltr'><strong>facinus</strong></span> <span class='ocrx_word' id='word_1_174' title='bbox 784 2226 1034 2276; x_wconf 88' lang='lat' dir='ltr'><strong>incitatur.</strong></span> <span class='ocrx_word' id='word_1_175' title='bbox 1103 2225 1287 2275; x_wconf 87' lang='lat' dir='ltr'><strong>Officio</strong></span> <span class='ocrx_word' id='word_1_176' title='bbox 1321 2226 1453 2275; x_wconf 89' lang='lat' dir='ltr'><strong>enim</strong></span> <span class='ocrx_word' id='word_1_177' title='bbox 1476 2231 1527 2276; x_wconf 88' lang='lat' dir='ltr'><strong>et</strong></span> <span class='ocrx_word' id='word_1_178' title='bbox 1551 2226 1652 2292; x_wconf 85' lang='lat' dir='ltr'><strong>legi</strong></span> <span class='ocrx_word' id='word_1_179' title='bbox 1676 2227 1872 2278; x_wconf 86' lang='lat' dir='ltr'><strong>divinae</strong></span> <span class='ocrx_word' id='word_1_180' title='bbox 1897 2227 2046 2277; x_wconf 81' lang='lat' dir='ltr'><strong>satis-</strong></span> 
     </span>
     <span class='ocr_line' id='line_1_25' title="bbox 343 2305 2048 2372; baseline 0.001 -18"><span class='ocrx_word' id='word_1_181' title='bbox 343 2305 468 2354; x_wconf 88' lang='lat' dir='ltr'><strong>facit</strong></span> <span class='ocrx_word' id='word_1_182' title='bbox 513 2305 910 2369; x_wconf 87' lang='lat' dir='ltr'><strong>Polymestorem</strong></span> <span class='ocrx_word' id='word_1_183' title='bbox 955 2306 1198 2371; x_wconf 78' lang='lat' dir='ltr'><strong>punien8.,</strong></span> <span class='ocrx_word' id='word_1_184' title='bbox 1256 2306 1309 2354; x_wconf 89' lang='lat' dir='ltr'><strong>id</strong></span> <span class='ocrx_word' id='word_1_185' title='bbox 1364 2307 1501 2370; x_wconf 84' lang='lat' dir='ltr'><strong>quod</strong></span> <span class='ocrx_word' id='word_1_186' title='bbox 1548 2310 1722 2372; x_wconf 86' lang='lat' dir='ltr'><strong>aperte</strong></span> <span class='ocrx_word' id='word_1_187' title='bbox 1766 2307 2048 2356; x_wconf 83' lang='lat' dir='ltr'><strong>declaratur</strong></span> 
     </span>
     <span class='ocr_line' id='line_1_26' title="bbox 347 2382 993 2451; baseline 0 -17"><span class='ocrx_word' id='word_1_188' title='bbox 347 2384 488 2434; x_wconf 88' lang='lat' dir='ltr'><strong>chori</strong></span> <span class='ocrx_word' id='word_1_189' title='bbox 520 2386 686 2435; x_wconf 85' lang='lat' dir='ltr'><strong>verbis</strong></span> <span class='ocrx_word' id='word_1_190' title='bbox 723 2385 790 2450; x_wconf 79' lang='lat' dir='ltr'><strong>(v,</strong></span> <span class='ocrx_word' id='word_1_191' title='bbox 825 2382 993 2451; x_wconf 84' lang='lat'><strong>830.):</strong></span> 
     </span>
     <span class='ocr_line' id='line_1_27' title="bbox 434 2461 1553 2532; baseline 0.002 -17"><span class='ocrx_word' id='word_1_192' title='bbox 434 2471 436 2474; x_wconf 77' lang='grc'><strong>“</strong></span> <span class='ocrx_word' id='word_1_193' title='bbox 477 2461 569 2515; x_wconf 83' lang='grc' dir='ltr'><strong>καὶ</strong></span> <span class='ocrx_word' id='word_1_194' title='bbox 600 2462 694 2524; x_wconf 80' lang='grc' dir='ltr'><strong>τὰς</strong></span> <span class='ocrx_word' id='word_1_195' title='bbox 727 2463 967 2531; x_wconf 76' lang='grc' dir='ltr'><em>ἀνάγκας</em></span> <span class='ocrx_word' id='word_1_196' title='bbox 1002 2464 1056 2516; x_wconf 85' lang='grc' dir='ltr'><strong>οἱ</strong></span> <span class='ocrx_word' id='word_1_197' title='bbox 1085 2464 1246 2530; x_wconf 84' lang='grc' dir='ltr'><em>νόμοι</em></span> <span class='ocrx_word' id='word_1_198' title='bbox 1280 2463 1553 2532; x_wconf 81' lang='grc' dir='ltr'><em>διώρισαν.</em></span> 
     </span>
    </p>

    <p class='ocr_par' dir='ltr' id='par_1_3' title="bbox 343 2543 2047 3094">
     <span class='ocr_line' id='line_1_28' title="bbox 346 2543 2046 2614; baseline 0.002 -20"><span class='ocrx_word' id='word_1_199' title='bbox 346 2543 532 2610; x_wconf 85' lang='grc' dir='ltr'><strong><em>Νόμοι</em></strong></span> <span class='ocrx_word' id='word_1_200' title='bbox 557 2552 671 2595; x_wconf 88' lang='lat' dir='ltr'><strong>sunt</strong></span> <span class='ocrx_word' id='word_1_201' title='bbox 686 2546 802 2596; x_wconf 90' lang='lat' dir='ltr'><strong>illae</strong></span> <span class='ocrx_word' id='word_1_202' title='bbox 825 2563 924 2596; x_wconf 89' lang='lat' dir='ltr'><strong>non</strong></span> <span class='ocrx_word' id='word_1_203' title='bbox 947 2548 1168 2614; x_wconf 73' lang='lat' dir='ltr'><strong>scriptae</strong></span> <span class='ocrx_word' id='word_1_204' title='bbox 1189 2547 1347 2613; x_wconf 63' lang='lat' dir='ltr'><strong>leges,</strong></span> <span class='ocrx_word' id='word_1_205' title='bbox 1375 2547 1465 2596; x_wconf 88' lang='lat' dir='ltr'><strong>sed</strong></span> <span class='ocrx_word' id='word_1_206' title='bbox 1490 2551 1653 2608; x_wconf 85' lang='lat' dir='ltr'><strong>natae,</strong></span> <span class='ocrx_word' id='word_1_207' title='bbox 1678 2545 1785 2595; x_wconf 89' lang='lat' dir='ltr'><strong>sive</strong></span> <span class='ocrx_word' id='word_1_208' title='bbox 1799 2545 2046 2612; x_wconf 75' lang='grc' dir='ltr'><strong><em>ἄγραπτα</em></strong></span> 
     </span>
     <span class='ocr_line' id='line_1_29' title="bbox 345 2624 2047 2694; baseline 0.001 -18"><span class='ocrx_word' id='word_1_209' title='bbox 345 2624 592 2694; x_wconf 73' lang='grc' dir='ltr'><em>κάσφαλῆ</em></span> <span class='ocrx_word' id='word_1_210' title='bbox 627 2626 773 2677; x_wconf 81' lang='grc' dir='ltr'><em>θεῶν</em></span> <span class='ocrx_word' id='word_1_211' title='bbox 805 2625 1010 2692; x_wconf 84' lang='grc' dir='ltr'><em>νόμιμα</em></span> <span class='ocrx_word' id='word_1_212' title='bbox 1055 2626 1234 2693; x_wconf 87' lang='lat' dir='ltr'><strong>(Soph.</strong></span> <span class='ocrx_word' id='word_1_213' title='bbox 1268 2628 1433 2692; x_wconf 80' lang='lat' dir='ltr'><strong>Antig.</strong></span> <span class='ocrx_word' id='word_1_214' title='bbox 1466 2643 1512 2676; x_wconf 80' lang='lat' dir='ltr'><strong>v.</strong></span> <span class='ocrx_word' id='word_1_215' title='bbox 1542 2626 1708 2692; x_wconf 42' lang='lat'><strong>*454.),</strong></span> <span class='ocrx_word' id='word_1_216' title='bbox 1743 2628 1924 2691; x_wconf 86' lang='lat' dir='ltr'><strong>quibus</strong></span> <span class='ocrx_word' id='word_1_217' title='bbox 1957 2644 2047 2693; x_wconf 83' lang='lat' dir='ltr'><strong>pa-</strong></span> 
     </span>
     <span class='ocr_line' id='line_1_30' title="bbox 343 2705 2046 2773; baseline 0.001 -18"><span class='ocrx_word' id='word_1_218' title='bbox 343 2712 459 2756; x_wconf 87' lang='lat' dir='ltr'><strong>rent</strong></span> <span class='ocrx_word' id='word_1_219' title='bbox 505 2708 657 2756; x_wconf 90' lang='lat' dir='ltr'><strong>etiam</strong></span> <span class='ocrx_word' id='word_1_220' title='bbox 705 2708 774 2757; x_wconf 88' lang='lat' dir='ltr'><strong>dii</strong></span> <span class='ocrx_word' id='word_1_221' title='bbox 822 2705 890 2773; x_wconf 86' lang='lat' dir='ltr'><strong>(v.</strong></span> <span class='ocrx_word' id='word_1_222' title='bbox 927 2706 1085 2772; x_wconf 60' lang='lat'><strong>782).</strong></span> <span class='ocrx_word' id='word_1_223' title='bbox 1154 2708 1266 2757; x_wconf 84' lang='lat' dir='ltr'><strong>Hae</strong></span> <span class='ocrx_word' id='word_1_224' title='bbox 1310 2708 1538 2757; x_wconf 89' lang='lat' dir='ltr'><strong>omnibus</strong></span> <span class='ocrx_word' id='word_1_225' title='bbox 1583 2707 1819 2770; x_wconf 77' lang='lat' dir='ltr'><strong>vinculiS‚</strong></span> <span class='ocrx_word' id='word_1_226' title='bbox 1866 2708 2046 2773; x_wconf 82' lang='lat' dir='ltr'><strong>quibus</strong></span> 
     </span>
     <span class='ocr_line' id='line_1_31' title="bbox 344 2787 2045 2854; baseline 0.002 -19"><span class='ocrx_word' id='word_1_227' title='bbox 344 2787 572 2837; x_wconf 88' lang='lat' dir='ltr'><strong>homines</strong></span> <span class='ocrx_word' id='word_1_228' title='bbox 633 2789 766 2838; x_wconf 89' lang='lat' dir='ltr'><strong>inter</strong></span> <span class='ocrx_word' id='word_1_229' title='bbox 817 2804 876 2838; x_wconf 88' lang='lat' dir='ltr'><strong>se</strong></span> <span class='ocrx_word' id='word_1_230' title='bbox 923 2789 1226 2854; x_wconf 83' lang='lat' dir='ltr'><strong>iunguntur,</strong></span> <span class='ocrx_word' id='word_1_231' title='bbox 1284 2788 1615 2852; x_wconf 89' lang='lat' dir='ltr'><strong>omnibusque</strong></span> <span class='ocrx_word' id='word_1_232' title='bbox 1659 2788 2045 2838; x_wconf 79' lang='lat' dir='ltr'><strong>necessitatibus</strong></span> 
     </span>
     <span class='ocr_line' id='line_1_32' title="bbox 345 2867 2046 2934; baseline 0.001 -19"><span class='ocrx_word' id='word_1_233' title='bbox 345 2869 631 2932; x_wconf 88' lang='lat' dir='ltr'><strong>superiores</strong></span> <span class='ocrx_word' id='word_1_234' title='bbox 667 2874 785 2918; x_wconf 91' lang='lat' dir='ltr'><strong>sunt</strong></span> <span class='ocrx_word' id='word_1_235' title='bbox 818 2867 887 2932; x_wconf 78' lang='lat'>²¹²),</span> <span class='ocrx_word' id='word_1_236' title='bbox 921 2875 977 2918; x_wconf 93' lang='lat' dir='ltr'><strong>ut</strong></span> <span class='ocrx_word' id='word_1_237' title='bbox 1009 2873 1152 2918; x_wconf 87' lang='lat' dir='ltr'><strong>recte</strong></span> <span class='ocrx_word' id='word_1_238' title='bbox 1185 2868 1394 2919; x_wconf 89' lang='lat' dir='ltr'><strong>Hecuba</strong></span> <span class='ocrx_word' id='word_1_239' title='bbox 1440 2869 1503 2916; x_wconf 91' lang='lat' dir='ltr'><strong>ad</strong></span> <span class='ocrx_word' id='word_1_240' title='bbox 1538 2867 1801 2932; x_wconf 86' lang='lat' dir='ltr'><strong>perfidiam</strong></span> <span class='ocrx_word' id='word_1_241' title='bbox 1831 2868 2046 2934; x_wconf 86' lang='lat' dir='ltr'><strong>hospitis</strong></span> 
     </span>
     <span class='ocr_line' id='line_1_33' title="bbox 345 2947 2044 3014; baseline 0.001 -18"><span class='ocrx_word' id='word_1_242' title='bbox 345 2947 684 2998; x_wconf 87' lang='lat' dir='ltr'><strong>ulciscendam</strong></span> <span class='ocrx_word' id='word_1_243' title='bbox 731 2965 843 2997; x_wconf 91' lang='lat' dir='ltr'><strong>cum</strong></span> <span class='ocrx_word' id='word_1_244' title='bbox 889 2949 1001 3014; x_wconf 88' lang='lat' dir='ltr'><strong>ipso</strong></span> <span class='ocrx_word' id='word_1_245' title='bbox 1045 2949 1244 2998; x_wconf 89' lang='lat' dir='ltr'><strong>inimico</strong></span> <span class='ocrx_word' id='word_1_246' title='bbox 1296 2954 1449 3013; x_wconf 89' lang='lat' dir='ltr'><strong>atque</strong></span> <span class='ocrx_word' id='word_1_247' title='bbox 1490 2947 1820 2998; x_wconf 86' lang='lat' dir='ltr'><strong>infestissimo</strong></span> <span class='ocrx_word' id='word_1_248' title='bbox 1866 2948 2044 2997; x_wconf 87' lang='lat' dir='ltr'><strong>domus</strong></span> 
     </span>
     <span class='ocr_line' id='line_1_34' title="bbox 347 3026 2046 3094; baseline 0 -18"><span class='ocrx_word' id='word_1_249' title='bbox 347 3042 468 3076; x_wconf 87' lang='lat' dir='ltr'><strong>suae</strong></span> <span class='ocrx_word' id='word_1_250' title='bbox 501 3029 792 3093; x_wconf 85' lang='lat' dir='ltr'><strong>patriaeque</strong></span> <span class='ocrx_word' id='word_1_251' title='bbox 825 3029 975 3079; x_wconf 89' lang='lat' dir='ltr'><strong>hoste</strong></span> <span class='ocrx_word' id='word_1_252' title='bbox 1008 3028 1189 3080; x_wconf 85' lang='lat' dir='ltr'><strong>foedus</strong></span> <span class='ocrx_word' id='word_1_253' title='bbox 1223 3033 1371 3094; x_wconf 88' lang='lat' dir='ltr'><strong>atque</strong></span> <span class='ocrx_word' id='word_1_254' title='bbox 1403 3026 1670 3078; x_wconf 82' lang='lat' dir='ltr'><strong>amicitiam</strong></span> <span class='ocrx_word' id='word_1_255' title='bbox 1703 3029 1850 3078; x_wconf 86' lang='lat' dir='ltr'><strong>ineat.</strong></span> <span class='ocrx_word' id='word_1_256' title='bbox 1902 3027 2046 3077; x_wconf 86' lang='lat' dir='ltr'><strong>Hanc</strong></span> 
     </span>
    </p>
   </div>
   <div class='ocr_carea' id='block_1_3' title="bbox 402 3224 2044 3571">
    <p class='ocr_par' dir='ltr' id='par_1_4' title="bbox 402 3224 2044 3571">
     <span class='ocr_line' id='line_1_35' title="bbox 402 3224 2040 3288; baseline -0.002 -13"><span class='ocrx_word' id='word_1_257' title='bbox 402 3231 451 3286; x_wconf 52' lang='grc' dir='ltr'><strong>ἧς)</strong></span> <span class='ocrx_word' id='word_1_258' title='bbox 480 3232 751 3275; x_wconf 86' lang='lat' dir='ltr'><strong>Rectissime</strong></span> <span class='ocrx_word' id='word_1_259' title='bbox 787 3233 1036 3277; x_wconf 84' lang='lat' dir='ltr'><strong>scholiasta</strong></span> <span class='ocrx_word' id='word_1_260' title='bbox 1077 3234 1196 3275; x_wconf 81' lang='lat' dir='ltr'><strong>haec</strong></span> <span class='ocrx_word' id='word_1_261' title='bbox 1234 3231 1551 3288; x_wconf 81' lang='lat' dir='ltr'><strong>interpretatus</strong></span> <span class='ocrx_word' id='word_1_262' title='bbox 1591 3233 1658 3274; x_wconf 81' lang='lat' dir='ltr'><strong>est</strong></span> <span class='ocrx_word' id='word_1_263' title='bbox 1695 3229 1824 3272; x_wconf 85' lang='lat' dir='ltr'><strong>hisce</strong></span> <span class='ocrx_word' id='word_1_264' title='bbox 1846 3224 2040 3272; x_wconf 60' lang='lat' dir='ltr'><strong>&#39;verbisz</strong></span> 
     </span>
     <span class='ocr_line' id='line_1_36' title="bbox 487 3296 2044 3361; baseline -0.003 -14"><span class='ocrx_word' id='word_1_265' title='bbox 487 3302 568 3347; x_wconf 84' lang='grc' dir='ltr'><strong>καὶ</strong></span> <span class='ocrx_word' id='word_1_266' title='bbox 596 3300 627 3358; x_wconf 76' lang='grc' dir='ltr'><em>ἦ</em></span> <span class='ocrx_word' id='word_1_267' title='bbox 657 3298 836 3359; x_wconf 71' lang='grc' dir='ltr'><em>ἀνάγκη</em></span> <span class='ocrx_word' id='word_1_268' title='bbox 879 3301 967 3361; x_wconf 77' lang='grc' dir='ltr'><strong>γὰρ</strong></span> <span class='ocrx_word' id='word_1_269' title='bbox 1000 3298 1148 3359; x_wconf 75' lang='grc' dir='ltr'><em>αὐτή,</em></span> <span class='ocrx_word' id='word_1_270' title='bbox 1186 3296 1219 3361; x_wconf 84' lang='grc' dir='ltr'><strong><em>ᾖ</em></strong></span> <span class='ocrx_word' id='word_1_271' title='bbox 1257 3300 1531 3347; x_wconf 78' lang='grc' dir='ltr'><em>σννδέονται</em></span> <span class='ocrx_word' id='word_1_272' title='bbox 1569 3301 1697 3357; x_wconf 86' lang='grc' dir='ltr'><em>φίλοι</em></span> <span class='ocrx_word' id='word_1_273' title='bbox 1733 3296 1765 3356; x_wconf 84' lang='grc' dir='ltr'><em>ἢ</em></span> <span class='ocrx_word' id='word_1_274' title='bbox 1803 3302 2044 3355; x_wconf 78' lang='grc' dir='ltr'><em>συγγενεῖς,</em></span> 
     </span>
     <span class='ocr_line' id='line_1_37' title="bbox 487 3367 2042 3431; baseline -0.001 -16"><span class='ocrx_word' id='word_1_275' title='bbox 487 3370 766 3416; x_wconf 76' lang='grc' dir='ltr'><em>καταλύεται</em></span> <span class='ocrx_word' id='word_1_276' title='bbox 792 3373 873 3418; x_wconf 83' lang='grc' dir='ltr'><strong>καὶ</strong></span> <span class='ocrx_word' id='word_1_277' title='bbox 901 3373 1118 3431; x_wconf 75' lang='grc' dir='ltr'><em>τρέπεται</em></span> <span class='ocrx_word' id='word_1_278' title='bbox 1139 3377 1238 3424; x_wconf 81' lang='grc' dir='ltr'><em>τοῖς</em></span> <span class='ocrx_word' id='word_1_279' title='bbox 1266 3370 1442 3429; x_wconf 83' lang='grc' dir='ltr'><em>νόμοις,</em></span> <span class='ocrx_word' id='word_1_280' title='bbox 1470 3371 1550 3415; x_wconf 83' lang='grc' dir='ltr'><strong>καὶ</strong></span> <span class='ocrx_word' id='word_1_281' title='bbox 1578 3368 1823 3428; x_wconf 76' lang='grc' dir='ltr'><em>ἡγούμεθα</em></span> <span class='ocrx_word' id='word_1_282' title='bbox 1848 3367 1932 3414; x_wconf 81' lang='grc' dir='ltr'><strong>τὸν</strong></span> <span class='ocrx_word' id='word_1_283' title='bbox 1948 3384 2042 3414; x_wconf 79' lang='grc' dir='ltr'><strong>πα-</strong></span> 
     </span>
     <span class='ocr_line' id='line_1_38' title="bbox 490 3439 2041 3500; baseline -0.001 -14"><span class='ocrx_word' id='word_1_284' title='bbox 490 3444 787 3500; x_wconf 74' lang='grc' dir='ltr'><em>ρανομοῦντα</em></span> <span class='ocrx_word' id='word_1_285' title='bbox 817 3444 955 3499; x_wconf 80' lang='grc' dir='ltr'><em>φίλον</em></span> <span class='ocrx_word' id='word_1_286' title='bbox 985 3443 1231 3500; x_wconf 79' lang='grc' dir='ltr'><em>πολέμιον,</em></span> <span class='ocrx_word' id='word_1_287' title='bbox 1269 3441 1351 3487; x_wconf 84' lang='grc' dir='ltr'><strong>τὸν</strong></span> <span class='ocrx_word' id='word_1_288' title='bbox 1389 3440 1441 3486; x_wconf 77' lang='grc' dir='ltr'><strong>δὲ</strong></span> <span class='ocrx_word' id='word_1_289' title='bbox 1479 3439 1542 3497; x_wconf 85' lang='grc' dir='ltr'><strong>μὴ</strong></span> <span class='ocrx_word' id='word_1_290' title='bbox 1572 3441 1935 3499; x_wconf 75' lang='grc' dir='ltr'><em>παρανομοῦντα</em></span> <span class='ocrx_word' id='word_1_291' title='bbox 1961 3439 2041 3485; x_wconf 76' lang='grc' dir='ltr'><strong>καὶ</strong></span> 
     </span>
     <span class='ocr_line' id='line_1_39' title="bbox 490 3510 2024 3571; baseline -0.002 -14"><span class='ocrx_word' id='word_1_292' title='bbox 490 3510 800 3571; x_wconf 74' lang='grc' dir='ltr'><em>ἀδικούμενον</em></span> <span class='ocrx_word' id='word_1_293' title='bbox 831 3515 984 3571; x_wconf 80' lang='grc' dir='ltr'><em>φίλον,</em></span> <span class='ocrx_word' id='word_1_294' title='bbox 1015 3515 1060 3560; x_wconf 82' lang='grc' dir='ltr'><strong>εἰ</strong></span> <span class='ocrx_word' id='word_1_295' title='bbox 1084 3515 1165 3560; x_wconf 82' lang='grc' dir='ltr'><strong>καὶ</strong></span> <span class='ocrx_word' id='word_1_296' title='bbox 1193 3511 1412 3570; x_wconf 84' lang='grc' dir='ltr'><em>πολέμιός</em></span> <span class='ocrx_word' id='word_1_297' title='bbox 1441 3510 1549 3557; x_wconf 77' lang='grc' dir='ltr'><strong><em>ἐστι.</em></strong></span> <span class='ocrx_word' id='word_1_298' title='bbox 2022 3524 2024 3526; x_wconf 90' lang='grc'><em>·</em></span> 
     </span>
    </p>
   </div>
  </div>
 </body>
</html>
