2144 3854
950 285 1072 346 335

168 438 455 491 mortalium
487 436 643 486 fatum
679 435 870 500 culpam
902 433 1229 483 transferantz
1275 431 1406 483 unde
1449 432 1540 494 fit,
1585 437 1646 489 ut
1669 449 1843 484 omnes

174 520 344 570 miseri
377 517 805 583 philosophentur.
873 513 971 562 Hic
1007 519 1085 562 est
1121 513 1262 577 quasi
1294 513 1472 562 tertius
1505 513 1704 578 quidam
1735 531 1846 580 gra-

175 601 288 657 dus,
324 599 375 647 in
408 611 554 661 quem
588 594 894 643 vehementia
929 592 1143 651 doloriS,
1179 609 1290 640 cum
1323 594 1509 642 saevire
1545 594 1721 655 desiit,
1757 595 1844 644 de-

176 678 418 729 scendere
451 675 594 724 solet.
661 673 834 736 Itaque
867 671 1064 731 Medea,
1100 672 1182 719 ubi
1217 672 1507 732 mulierum,
1543 690 1663 737 quas
1696 677 1845 724 bene-

174 759 299 807 ficiis
331 755 503 804 affecit
536 758 589 803 et
620 770 649 802 a
682 753 858 816 quibus
885 753 991 817 ipsa
1020 752 1256 815 diligitur,
1290 753 1563 801 invitationi
1588 755 1846 820 obtempe-

172 837 312 896 ravit,
347 835 786 901 plane-immutata
820 833 1061 896 planeque
1095 832 1264 897 dispar
1298 839 1378 881 est
1411 833 1483 891 ei,
1518 848 1663 895 quam
1699 836 1847 883 modo

172 917 460 966 clamantem
516 914 992 976 tumultuantemque
1045 913 1349 961 audivimus:
1406 923 1522 960 non‘
1568 911 1848 977 furibunda,

171 997 263 1047 sed
298 996 633 1055 considerata,
679 994 877 1054 callida,
927 993 1183 1044 insidiosa.
1264 992 1376 1041 Hoc
1425 992 1587 1041 statim
1631 995 1848 1044 oratione

171 1076 391 1127 ostendit
417 1075 731 1125 callidissima
765 1082 815 1123 et
848 1074 909 1122 ad
942 1072 1298 1123 conciliandum
1322 1072 1584 1122 mulierum
1607 1073 1846 1136 favorem,

171 1171 378 1222 quarum
413 1172 658 1205 consensu
693 1171 766 1215 ea,
803 1171 928 1219 quae
956 1160 1112 1220 parat,
1149 1159 1439 1223 exsecutura
1467 1159 1562 1209 est,
1597 1155 1847 1218 aptissime

170 1236 457 1303 composita.
525 1235 745 1285 Primum
780 1236 909 1284 enim
944 1251 1135 1283 comem
1170 1250 1244 1292 se,
1276 1233 1474 1282 facilem
1504 1233 1848 1298 affabilemque

169 1332 285 1367 esse
316 1317 561 1377 ostendit,
596 1315 802 1366 alienam
835 1317 896 1366 ab
931 1315 1224 1364 austeritate
1256 1321 1308 1362 et
1340 1315 1625 1363 morositate
1657 1330 1848 1378 eorum,

170 1397 287 1463 qui,
319 1413 470 1461 quum
503 1398 632 1446 inter
662 1397 951 1462 peregrinos
984 1400 1269 1455 versentur,
1306 1396 1723 1444 conversationem
1756 1411 1847 1460 po-

169 1478 412 1544 pularium
459 1482 511 1527 et
559 1479 967 1527 consuetudinem
1012 1477 1169 1525 vitent
1200 1473 1271 1538 *).
1362 1475 1554 1524 Deinde
1602 1476 1845 1538 iniuriam,

170 1574 267 1623 qua
299 1558 480 1608 affecta
513 1561 606 1617 est,
641 1557 715 1606 sic
749 1558 1077 1622 conqueritur,
1112 1562 1168 1604 ut
1202 1571 1507 1604 communem
1547 1555 1846 1606 feminarum

171 1643 359 1688 sortem
394 1637 746 1703 deplorandam
792 1653 906 1687 esse
951 1637 1196 1687 ostendat.
1265 1636 1395 1685 Tum
1427 1636 1610 1685 iniuste
1642 1637 1847 1687 tractari

170 1724 256 1768 aut
290 1718 458 1784 sperni
502 1735 531 1767 a
576 1718 754 1767 marito
804 1734 915 1767 cum
962 1718 1187 1766 omnibus
1222 1717 1288 1765 ait
1318 1717 1554 1765 miserum
1585 1722 1848 1782 morteque

169 1800 310 1864 peius
346 1813 476 1858 esse,
510 1803 612 1847 tum
649 1798 758 1859 sibi,
793 1800 966 1864 patria,
1002 1798 1182 1857 domo,
1219 1797 1502 1862 parentibus
1527 1799 1848 1861 cognatisque

169 1880 417 1945 privatae,
460 1879 523 1928 ad
557 1894 680 1942 quos
715 1880 855 1942 quasi
886 1879 936 1928 in
970 1882 1166 1943 portum
1200 1877 1478 1942 perfugiat,
1512 1878 1844 1943 desperatum.

169 1960 333 2024 Rogat
362 1959 514 2023 igitur
561 1960 795 2021 chorum,
839 1964 922 2019 ut,
967 1957 1011 2007 si
1055 1957 1138 2021 qui
1188 1957 1331 2005 dolus
1378 1958 1473 2005 sibi
1506 1958 1730 2007 inventu·
1764 1959 1845 2021 sit,

168 2055 267 2106 quo
300 2046 351 2088 et
382 2039 611 2088 maritum
647 2047 698 2088 et
730 2040 972 2088 aemulam
1006 2043 1057 2086 et
1090 2044 1280 2102 patrem
1315 2038 1420 2086 eius
1455 2038 1736 2100 ulciscatur,
1769 2044 1845 2088 ta·-

168 2120 327 2170 cendo
359 2135 529 2168 secum
566 2120 829 2183 conspiret.
897 2118 1020 2167 Nam
1057 2103 1273 2167 crudelia
1309 2133 1364 2166 se
1396 2117 1559 2166 moliri
1592 2133 1689 2167 non
1730 2135 1846 2169 esse

166 2199 467 2252 mirandumt
503 2200 682 2248 etenim
716 2199 979 2260 muliereS,
1026 2215 1139 2248 cum
1173 2198 1270 2246 sint
1302 2198 1518 2263 alioquin
1551 2198 1753 2248 timidae
1786 2216 1846 2249 ac

166 2279 542 2339 formidolosae,
587 2284 782 2344 spretas
828 2295 856 2326 a
891 2279 1182 2344 coniugibus
1215 2293 1272 2327 ac
1304 2280 1605 2343 postpositas
1640 2280 1846 2329 aemulis

167 2360 238 2410 ad-
264 2360 610 2410 crudelitatem
642 2359 1051 2423 propensissimas
1087 2374 1214 2408 esse.
1284 2359 1495 2419 Choma,
1531 2376 1657 2424 quae
1681 2367 1760 2410 est
1784 2361 1843 2410 il-

169 2441 263 2490 lius
297 2440 483 2489 saeculi
515 2439 823 2504 ingenuitaS,
867 2454 1028 2503 neque
1059 2439 1158 2487 hoc
1201 2455 1369 2488 verum
1414 2454 1534 2493 esse
1573 2446 1746 2507 negat,
1792 2446 1844 2492 et

223 2640 274 2696 ³⁸)
302 2638 468 2681 Ennius
486 2637 565 2680 etsi
582 2649 819 2692 perperam
841 2635 1066 2691 Euripidis
1089 2637 1231 2679 verba
1255 2637 1488 2691 intellexit,
1510 2641 1660 2680 tamen
1683 2639 1842 2682 docere

307 2723 388 2751 nos
418 2713 576 2764 potest,
605 2721 691 2748 non
720 2706 807 2760 sic,
837 2712 886 2749 ut
914 2721 1026 2749 nunc
1055 2707 1328 2757 scribuntur,
1360 2707 1595 2764 antiquitus
1624 2708 1704 2752 illa
1732 2709 1842 2754 scri-

301 2784 380 2836 pta.
406 2779 557 2822 fuisse.
614 2779 715 2820 Hoc
742 2778 880 2834 igitur
910 2779 1020 2820 duce
1048 2779 1163 2820 haec
1190 2779 1443 2833 reponenda
1472 2793 1569 2822 esse
1597 2795 1784 2824 censeo:

749 2873 803 2880 —
862 2845 970 2892 οἶδα
997 2846 1082 2906 γὰρ
1111 2847 1307 2899 πολλοὺς
1334 2851 1514 2906 βροτῶν

417 2917 609 2976 σεμνοὺς
638 2919 837 2975 γεγῶτας
866 2918 975 2970 τούς
1002 2935 1050 2964 τε
1080 2917 1304 2975 δωμάτων
1333 2918 1425 2965 ἄπο

411 2991 518 3041 τούς
546 2987 584 3033 τ’
613 2989 662 3034 ἐν
691 2991 931 3047 θυραίοις·
963 2990 1007 3033 οὶ
1036 2987 1078 3034 δ’
1107 2988 1188 3045 ἐφ’
1219 2986 1388 3047 ἡσύχου
1419 2989 1566 3044 ποδὸς

417 3060 654 3112 ‹iaculum›
683 3060 929 3116 ἐκτήσαντο
958 3060 1034 3104 καὶ
1064 3061 1314 3119 ῥᾳθυμίαν.

253 3122 262 3135 ’
306 3133 464 3175 Verte:
503 3132 596 3174 scio
634 3134 796 3175 multos
830 3132 1034 3174 homines
1061 3133 1296 3188 superbiae
1324 3133 1600 3178 insimulatos
1631 3147 1725 3177 esse
1752 3133 1834 3190 (cf.

307 3201 445 3257 Hipp.
474 3200 583 3256 930,
612 3203 686 3258 qui
714 3205 870 3258 procul
898 3216 925 3245 a
954 3203 1084 3245 domo
1115 3209 1158 3246 et·
1184 3204 1296 3247 inter
1319 3206 1579 3262 peregrinos
1603 3219 1838 3248 versaren-

308 3276 403 3327 tur,
450 3276 580 3327 atque
622 3274 709 3315 hos
738 3289 791 3317 ex
820 3273 975 3316 inertia
1009 3275 1148 3329 (quod
1177 3274 1298 3318 domi
1326 3290 1375 3318 se
1402 3281 1597 3319 tenentes
1626 3291 1723 3318 cum
1751 3289 1834 3331 po-

308 3343 538 3396 pularibus
582 3345 836 3388 conversari
872 3345 1059 3400 nollent)
1088 3344 1320 3390 infamiam
1347 3347 1431 3390 sibi
1460 3351 1505 3391 et
1531 3346 1834 3404 negligentiae

307 3426 474 3457 crimen
502 3415 741 3470 peperisse.
