2176 3874
1184 261 1309 319 38⁰

415 418 638 483 oportet,
677 411 947 462 imitantem
990 408 1281 470 iracundoS,
1332 408 1568 458 socordes
1618 413 1668 459 et
1700 410 1784 474 qui
1817 412 1919 460 alia
1943 413 2083 464 eius-

411 497 545 546 modi
575 493 692 541 vitia
725 492 773 540 in
807 490 1027 540 moribus
1060 489 1272 547 habent,
1309 490 1584 539 decoros
1621 485 1903 559 (ἐπιεικεῖς)
1937 491 2082 542 effin-

410 591 555 640 gere,
603 572 748 637 quale
796 570 1049 634 exemplar
1094 571 1300 619 duritiae
1341 573 1421 618 est
1464 570 1681 620 Achilles
1717 571 1987 637 Agathonis
2033 577 2085 621 et

409 654 670 703 Homeri.”
743 650 876 700 Vera
920 651 1173 700 imitantur
1217 650 1302 714 qui
1335 654 1584 699 certorum
1620 651 1876 700 hominum
1908 651 2083 716 imagi-

408 749 496 783 nes
530 733 765 798 pingunt,
808 737 859 780 at
889 746 986 780 non
1019 730 1230 794 vulgaria
1263 730 1342 779 vel
1385 730 1613 791 sordida,
1655 747 1685 780 a
1714 731 1891 794 quibus
1918 735 2084 781 tamen

408 814 459 863 in
505 813 783 878 quotidiana
841 811 971 860 vitae
1019 811 1374 860 consuetudine
1418 811 1664 860 neminem
1712 810 1923 862 liberum
1968 827 2084 862 esse

409 893 533 942 dixit
567 892 806 942 Goethius
825 888 895 953 *).

536 974 758 1038 Regibus
802 971 988 1020 similes
1020 977 1160 1021 erant
1192 971 1387 1033 heroeS,
1420 974 1586 1037 itaque
1620 972 1874 1038 epopoeii·
1908 988 2082 1023 eorum

405 1069 648 1120 personae
682 1052 1062 1111 conveniebant,
1110 1052 1243 1115 quod
1287 1068 1496 1117 poeseos
1529 1068 1684 1116 genus
1718 1053 1883 1118 ipsum
1914 1052 2084 1117 regale

407 1138 488 1184 est
542 1140 594 1182 et
643 1133 691 1182 in
747 1133 1018 1196 principum
1069 1132 1193 1180 aulis
1238 1133 1451 1182 maxime
1499 1133 1793 1182 colebatun·
1853 1130 2084 1185 Dramata

404 1214 513 1263 sere
559 1214 607 1261 in
642 1212 810 1261 liberis
857 1211 1134 1261 civitatibus
1183 1213 1316 1262 nasci
1352 1213 1511 1262 solent
1558 1218 1611 1262 et
1643 1212 1694 1261 in
1726 1212 1902 1263 iisdem
1936 1213 2080 1263 thea-

405 1294 496 1343 tris
543 1292 793 1341 domicilia
837 1293 1102 1352 collocant,
1157 1291 1209 1341 in
1253 1293 1428 1356 quibus
1474 1293 1767 1357 populorum
1817 1293 2079 1342 conciones

403 1373 665 1423 habentur.
724 1372 872 1421 Unde
906 1389 1000 1428 non
1034 1377 1111 1421 est
1143 1372 1436 1432 mirandum,
1472 1373 1603 1435 quod
1635 1373 1740 1422 veri
1773 1389 1937 1423 mores
1970 1389 2079 1422 mo-

404 1454 541 1503 ribus
587 1453 792 1501 heroum
839 1454 891 1501 in
935 1453 1204 1519 tragoediis
1252 1452 1483 1501 substitui
1530 1457 1826 1517 coeperunt,
1871 1453 2078 1518 perinde

403 1540 552 1598 atque
584 1534 630 1580 in
665 1534 980 1597 patriciorum
1016 1533 1177 1582 locum
1214 1533 1397 1597 plebeii
1429 1532 1550 1581 enisi
1585 1535 1714 1580 sunt.
1780 1532 1904 1581 Erat
1928 1533 2079 1598 igitur

401 1614 499 1663 hoc
532 1629 725 1677 quoque
746 1613 1000 1678 Euripidis
1033 1614 1311 1663 institutum
1345 1612 1487 1661 valde
1521 1612 1757 1676 populare
1791 1610 2079 1677 (armema-

402 1693 551 1744 τικόν
583 1692 685 1758 γὰρ
721 1695 834 1744 αὔτ’
869 1689 1057 1757 ἔδρων,
1091 1693 1345 1758 Aristoph.
1370 1692 1494 1742 Ran.
1517 1694 1671 1755 942).
1740 1692 1916 1756 Neque
1947 1695 2078 1763 idem

403 1775 562 1825 solum
602 1791 715 1823 vera
761 1776 836 1833 iis,
885 1791 1007 1839 quae
1043 1775 1266 1838 cupimus
1311 1789 1424 1822 esse
1470 1766 1581 1839 (οἷα
1626 1770 1706 1823 δεῖ
1749 1765 1952 1839 εἶναι),·
1987 1774 2077 1824 aed

401 1856 681 1920 praesentia
754 1871 948 1919 quoque
1017 1854 1230 1919 antiquis
1301 1855 1556 1904 substituit
1630 1858 1682 1903 et
1750 1871 1858 1903 eam
1915 1854 2078 1905 victus

402 1935 835 1996 consuetudinem,
892 1951 986 1999 qua
1027 1935 1182 2000 ipsius
1237 1939 1402 1984 aetate
1445 1933 1627 1984 Graeci
1671 1936 1959 1996 utebantur,
2015 1934 2078 1983 ad

400 2015 593 2081 priscos
639 2015 864 2064 homines
907 2014 1182 2075 transtulit,
1241 2015 1373 2078 quod
1423 2015 1530 2062 eius
1580 2014 1860 2063 institutum
1912 2015 2077 2080 ipsum

401 2096 586 2159 passim
619 2111 646 2142 a
680 2095 1012 2158 grammaticis
1046 2098 1268 2143 notatum
1303 2098 1397 2153 est,
1431 2094 1564 2142 velut
1597 2093 1754 2142 schol.
1790 2094 2075 2158 Hipp.230.

400 2175 539 2224 Med.
574 2177 687 2223 235.
768 2173 1005 2224 Veritatis
1040 2180 1200 2222 autem
1246 2173 1456 2222 imitatio
1491 2172 1788 2222 uberrimam
1821 2175 2077 2224 materiam

399 2254 462 2302 ad
496 2255 894 2319 perstringendas
927 2254 1178 2318 Euripidis
1215 2252 1404 2303 fabulas
1438 2252 1576 2302 dedit
1606 2253 1949 2318 Aristophani,
1983 2255 2075 2303 ho-

399 2333 518 2382 mini
553 2335 778 2383 omnibus
812 2333 889 2381 sui
921 2334 1106 2382 saeculi
1138 2334 1273 2383 vitiis
1298 2333 1700 2397 inquinatissimo.
1768 2333 1936 2399 Longe
1957 2350 2076 2384 vero

400 2415 614 2462 omnium
666 2413 974 2478 ineptissima
1017 2415 1265 2463 accusatio
1311 2429 1339 2462 a
1382 2414 1739 2463 recentioribus
1783 2414 2076 2477 quibusdam

399 2494 587 2542 criticis
621 2493 1050 2556 grammaticisque
1084 2492 1215 2542 facta
1248 2498 1351 2555 est,
1401 2510 1549 2559 aegre
1593 2493 1897 2554 ferentibus,
1943 2493 2077 2558 quod

398 2574 449 2623 in
495 2573 855 2622 conformandis
897 2572 1079 2622 fabulis
1137 2579 1304 2623 noster
1347 2574 1408 2623 ab
1458 2574 1784 2638 antiquiorum
1841 2574 2077 2623 memoria

399 2655 580 2718 passim
615 2654 925 2703 recessisset.
1006 2653 1158 2715 Quasi
1193 2651 1493 2714 antiquitatis
1528 2652 1815 2702 memoriam
1848 2652 2076 2702 immuta-

398 2741 731 2783 tam·servare
779 2733 998 2781 officium
1046 2733 1113 2781 sit
1144 2730 1354 2796 poetae!
1437 2731 1513 2781 Ab
1556 2731 1824 2781 Aristotele
1874 2733 2075 2796 quidem

399 2814 527 2862 hanc
560 2814 800 2862 rationem
834 2814 883 2861 in
917 2812 1062 2861 laude
1110 2812 1228 2876 poni
1262 2810 1408 2860 facile
1432 2810 1722 2876 intelligitur
1753 2813 1914 2874 exiis,
1949 2828 2076 2877 quae

401 2894 463 2942 ab
512 2909 571 2942 eo
608 2892 950 2958 disputata—in
981 2892 1196 2941 medium
1241 2891 1559 2955 protulimus3
1610 2891 1724 2954 quin
1759 2892 1906 2940 etiam
1939 2893 2075 2955 Aga-

399 2973 565 3022 thonis
600 2973 838 3021 rationem
872 2974 1073 3037 probat,
1121 2988 1184 3021 ex
1228 2972 1359 3021 fictis
1392 2971 1542 3021 rebus
1585 2971 1816 3034 fictisque
1847 2971 2074 3036 personis

399 3052 700 3116 tragoediam
738 3053 1089 3116 componentis,

533 3131 764 3181 Ceterum
799 3132 1010 3187 carmina
1045 3138 1225 3195 quanto
1259 3132 1418 3181 minus
1451 3131 1514 3180 ad
1538 3129 1905 3180 similitudinem
1927 3145 2071 3180 vero-

398 3229 509 3264 rum
540 3211 794 3261 hominum
827 3211 1135 3276 imaginarios
1168 3214 1467 3278 exprimant,
1514 3216 1648 3260 tanto
1690 3216 1741 3259 et
1774 3210 1838 3260 a¹d
1872 3225 2072 3260 moven-

465 3395 514 3450 >l‘)
542 3394 663 3437 Weit
690 3392 837 3436 hinter
863 3393 960 3436 ihm
986 3393 1031 3436 in
1065 3395 1368 3436 wesenlosem
1388 3391 1579 3435 Scheine

543 3465 666 3522 Lag,
698 3477 816 3508 was
855 3478 960 3506 uns
985 3464 1118 3508 Alle
1153 3462 1409 3519 biindigt,
1447 3462 1527 3506 das
1555 3463 1784 3506 Gemeine.
