<?xml version="1.0" encoding="UTF-8"?>
<!DOCTYPE html PUBLIC "-//W3C//DTD XHTML 1.0 Transitional//EN"
    "http://www.w3.org/TR/xhtml1/DTD/xhtml1-transitional.dtd">
<html xmlns="http://www.w3.org/1999/xhtml" xml:lang="en" lang="en">
 <head>
  <title>
</title>
<meta http-equiv="Content-Type" content="text/html;charset=utf-8" />
  <meta name='ocr-system' content='tesseract 3.04.00' />
  <meta name='ocr-capabilities' content='ocr_page ocr_carea ocr_par ocr_line ocrx_word'/>
</head>
<body>
  <div class='ocr_page' id='page_1' title='image "./euripidesrestitu01hartuoft_0218.png"; bbox 0 0 2144 3854; ppageno 0'>
   <div class='ocr_carea' id='block_1_1' title="bbox 1109 252 1232 311">
    <p class='ocr_par' dir='ltr' id='par_1_1' title="bbox 1109 252 1232 311">
     <span class='ocr_line' id='line_1_1' title="bbox 1109 252 1232 311; baseline 0.016 -1"><span class='ocrx_word' id='word_1_1' title='bbox 1109 252 1232 311; x_wconf 82' lang='lat'><strong>20⁰</strong></span> 
     </span>
    </p>
   </div>
   <div class='ocr_carea' id='block_1_2' title="bbox 310 394 2014 1669">
    <p class='ocr_par' dir='ltr' id='par_1_2' title="bbox 460 394 1764 466">
     <span class='ocr_line' id='line_1_2' title="bbox 460 394 1764 466; baseline 0 -14"><span class='ocrx_word' id='word_1_2' title='bbox 460 398 573 452; x_wconf 82' lang='grc' dir='ltr'><strong><em>δεῖν</em></strong></span> <span class='ocrx_word' id='word_1_3' title='bbox 605 397 653 451; x_wconf 85' lang='grc' dir='ltr'><strong>δ’</strong></span> <span class='ocrx_word' id='word_1_4' title='bbox 688 394 933 466; x_wconf 77' lang='grc' dir='ltr'><strong><em>ἄγχονῶν</em></strong></span> <span class='ocrx_word' id='word_1_5' title='bbox 962 412 1018 450; x_wconf 88' lang='grc' dir='ltr'><strong><em>τε</em></strong></span> <span class='ocrx_word' id='word_1_6' title='bbox 1050 397 1138 452; x_wconf 86' lang='grc' dir='ltr'><strong>καὶ</strong></span> <span class='ocrx_word' id='word_1_7' title='bbox 1170 397 1377 463; x_wconf 79' lang='grc' dir='ltr'><strong><em>πετρῶν</em></strong></span> <span class='ocrx_word' id='word_1_8' title='bbox 1409 396 1611 465; x_wconf 79' lang='grc' dir='ltr'><strong><em>ῥίπτειν</em></strong></span> <span class='ocrx_word' id='word_1_9' title='bbox 1641 400 1764 464; x_wconf 81' lang='grc' dir='ltr'><strong><em>ἄπο,</em></strong></span> 
     </span>
    </p>

    <p class='ocr_par' dir='ltr' id='par_1_3' title="bbox 460 475 1658 547">
     <span class='ocr_line' id='line_1_3' title="bbox 460 475 1658 547; baseline 0.001 -16"><span class='ocrx_word' id='word_1_10' title='bbox 460 478 560 531; x_wconf 84' lang='grc' dir='ltr'><strong>οὐκ</strong></span> <span class='ocrx_word' id='word_1_11' title='bbox 592 476 652 531; x_wconf 82' lang='grc' dir='ltr'><strong><em>ἐν</em></strong></span> <span class='ocrx_word' id='word_1_12' title='bbox 686 480 936 545; x_wconf 85' lang='grc' dir='ltr'><strong><em>σοφοῖσιν</em></strong></span> <span class='ocrx_word' id='word_1_13' title='bbox 967 475 1124 543; x_wconf 81' lang='grc' dir='ltr'><strong><em>ἔστιν,</em></strong></span> <span class='ocrx_word' id='word_1_14' title='bbox 1159 477 1394 547; x_wconf 80' lang='grc' dir='ltr'><em>εὐχέσθω</em></span> <span class='ocrx_word' id='word_1_15' title='bbox 1430 478 1479 531; x_wconf 89' lang='grc' dir='ltr'><strong>δ’</strong></span> <span class='ocrx_word' id='word_1_16' title='bbox 1513 478 1658 546; x_wconf 81' lang='grc' dir='ltr'><strong><em>ὅμως</em></strong></span> 
     </span>
    </p>

    <p class='ocr_par' dir='ltr' id='par_1_4' title="bbox 325 554 2014 1188">
     <span class='ocr_line' id='line_1_4' title="bbox 460 554 1612 629; baseline 0.002 -19"><span class='ocrx_word' id='word_1_17' title='bbox 460 561 678 625; x_wconf 79' lang='grc' dir='ltr'><strong><em>ἄπειρος</em></strong></span> <span class='ocrx_word' id='word_1_18' title='bbox 711 554 849 612; x_wconf 83' lang='grc' dir='ltr'><strong><em>εἶναι</em></strong></span> <span class='ocrx_word' id='word_1_19' title='bbox 879 562 974 629; x_wconf 84' lang='grc' dir='ltr'><strong><em>τῆς</em></strong></span> <span class='ocrx_word' id='word_1_20' title='bbox 1005 561 1171 614; x_wconf 86' lang='grc' dir='ltr'><strong><em>νόσου</em></strong></span> <span class='ocrx_word' id='word_1_21' title='bbox 1203 560 1398 627; x_wconf 82' lang='grc' dir='ltr'><strong><em>ταύτης</em></strong></span> <span class='ocrx_word' id='word_1_22' title='bbox 1431 558 1513 612; x_wconf 69' lang='lat' dir='ltr'><strong>ozei</strong></span> <span class='ocrx_word' id='word_1_23' title='bbox 1544 561 1612 629; x_wconf 76' lang='lat'><strong>³¹¹).</strong></span> 
     </span>
     <span class='ocr_line' id='line_1_5' title="bbox 329 638 2014 709; baseline 0.002 -20"><span class='ocrx_word' id='word_1_24' title='bbox 329 638 407 689; x_wconf 83' lang='lat' dir='ltr'><strong>Ab</strong></span> <span class='ocrx_word' id='word_1_25' title='bbox 441 640 640 691; x_wconf 85' lang='lat' dir='ltr'><strong>oraculo</strong></span> <span class='ocrx_word' id='word_1_26' title='bbox 674 658 823 707; x_wconf 85' lang='lat' dir='ltr'><strong>quum</strong></span> <span class='ocrx_word' id='word_1_27' title='bbox 857 659 1147 709; x_wconf 82' lang='lat' dir='ltr'><strong>responsum</strong></span> <span class='ocrx_word' id='word_1_28' title='bbox 1174 643 1374 692; x_wconf 88' lang='lat' dir='ltr'><strong>tulisset</strong></span> <span class='ocrx_word' id='word_1_29' title='bbox 1420 647 1704 692; x_wconf 79' lang='lat' dir='ltr'><strong>sanaturum</strong></span> <span class='ocrx_word' id='word_1_30' title='bbox 1752 657 1895 703; x_wconf 88' lang='lat' dir='ltr'><strong>eum,</strong></span> <span class='ocrx_word' id='word_1_31' title='bbox 1931 643 2014 708; x_wconf 81' lang='lat' dir='ltr'><strong>qui</strong></span> 
     </span>
     <span class='ocr_line' id='line_1_6' title="bbox 327 718 2011 789; baseline 0.004 -22"><span class='ocrx_word' id='word_1_32' title='bbox 327 718 749 788; x_wconf 84' lang='lat' dir='ltr'><strong>vulnerasset**),</strong></span> <span class='ocrx_word' id='word_1_33' title='bbox 769 723 1015 772; x_wconf 84' lang='lat' dir='ltr'><strong>Achillem</strong></span> <span class='ocrx_word' id='word_1_34' title='bbox 1039 737 1296 789; x_wconf 72' lang='lat' dir='ltr'><strong>quaerenS,</strong></span> <span class='ocrx_word' id='word_1_35' title='bbox 1326 728 1429 772; x_wconf 89' lang='lat' dir='ltr'><strong>tum</strong></span> <span class='ocrx_word' id='word_1_36' title='bbox 1455 722 1586 772; x_wconf 86' lang='lat' dir='ltr'><strong>forte</strong></span> <span class='ocrx_word' id='word_1_37' title='bbox 1609 721 1672 772; x_wconf 88' lang='lat' dir='ltr'><strong>ad</strong></span> <span class='ocrx_word' id='word_1_38' title='bbox 1685 722 2011 786; x_wconf 73' lang='lat' dir='ltr'><strong>Agamemno-</strong></span> 
     </span>
     <span class='ocr_line' id='line_1_7' title="bbox 329 800 2013 867; baseline 0.003 -20"><span class='ocrx_word' id='word_1_39' title='bbox 329 812 442 848; x_wconf 86' lang='lat' dir='ltr'><strong>nem</strong></span> <span class='ocrx_word' id='word_1_40' title='bbox 477 800 639 866; x_wconf 80' lang='lat' dir='ltr'><strong>Argos</strong></span> <span class='ocrx_word' id='word_1_41' title='bbox 674 803 973 867; x_wconf 87' lang='lat' dir='ltr'><strong>profectum,</strong></span> <span class='ocrx_word' id='word_1_42' title='bbox 1009 803 1183 853; x_wconf 89' lang='lat' dir='ltr'><strong>eodem</strong></span> <span class='ocrx_word' id='word_1_43' title='bbox 1217 819 1274 852; x_wconf 85' lang='lat' dir='ltr'><strong>se</strong></span> <span class='ocrx_word' id='word_1_44' title='bbox 1309 801 1654 867; x_wconf 56' lang='lat' dir='ltr'><strong>contulitssssss).</strong></span> <span class='ocrx_word' id='word_1_45' title='bbox 1721 802 1897 867; x_wconf 83' lang='lat' dir='ltr'><strong>Neque</strong></span> <span class='ocrx_word' id='word_1_46' title='bbox 1929 818 2013 852; x_wconf 84' lang='lat' dir='ltr'><strong>so-</strong></span> 
     </span>
     <span class='ocr_line' id='line_1_8' title="bbox 328 877 2010 948; baseline 0.003 -21"><span class='ocrx_word' id='word_1_47' title='bbox 328 877 405 928; x_wconf 87' lang='lat' dir='ltr'><strong>lus</strong></span> <span class='ocrx_word' id='word_1_48' title='bbox 435 879 687 944; x_wconf 76' lang='lat' dir='ltr'><strong>Achilles,</strong></span> <span class='ocrx_word' id='word_1_49' title='bbox 724 883 813 932; x_wconf 87' lang='lat' dir='ltr'><strong>sed</strong></span> <span class='ocrx_word' id='word_1_50' title='bbox 846 883 1056 948; x_wconf 82' lang='lat' dir='ltr'><strong>Ulysses</strong></span> <span class='ocrx_word' id='word_1_51' title='bbox 1092 899 1288 948; x_wconf 86' lang='lat' dir='ltr'><strong>quoque</strong></span> <span class='ocrx_word' id='word_1_52' title='bbox 1323 889 1373 933; x_wconf 93' lang='lat' dir='ltr'><strong>et</strong></span> <span class='ocrx_word' id='word_1_53' title='bbox 1408 881 1668 932; x_wconf 79' lang='lat' dir='ltr'><strong>Menelaus</strong></span> <span class='ocrx_word' id='word_1_54' title='bbox 1703 882 1886 948; x_wconf 89' lang='lat' dir='ltr'><strong>aliique</strong></span> <span class='ocrx_word' id='word_1_55' title='bbox 1918 881 2010 932; x_wconf 91' lang='lat' dir='ltr'><strong>du-</strong></span> 
     </span>
     <span class='ocr_line' id='line_1_9' title="bbox 328 958 2010 1028; baseline 0.004 -21"><span class='ocrx_word' id='word_1_56' title='bbox 328 974 413 1008; x_wconf 86' lang='lat' dir='ltr'><strong>ces</strong></span> <span class='ocrx_word' id='word_1_57' title='bbox 448 958 513 1008; x_wconf 90' lang='lat' dir='ltr'><strong>de</strong></span> <span class='ocrx_word' id='word_1_58' title='bbox 544 959 676 1011; x_wconf 88' lang='lat' dir='ltr'><strong>bello</strong></span> <span class='ocrx_word' id='word_1_59' title='bbox 710 963 1091 1028; x_wconf 83' lang='lat' dir='ltr'><strong>redintegrando</strong></span> <span class='ocrx_word' id='word_1_60' title='bbox 1125 963 1334 1012; x_wconf 84' lang='lat' dir='ltr'><strong>consilia</strong></span> <span class='ocrx_word' id='word_1_61' title='bbox 1383 962 1611 1013; x_wconf 87' lang='lat' dir='ltr'><strong>collaturi</strong></span> <span class='ocrx_word' id='word_1_62' title='bbox 1656 963 1774 1013; x_wconf 89' lang='lat' dir='ltr'><strong>illue</strong></span> <span class='ocrx_word' id='word_1_63' title='bbox 1831 979 2010 1013; x_wconf 88' lang='lat' dir='ltr'><strong>conve-</strong></span> 
     </span>
     <span class='ocr_line' id='line_1_10' title="bbox 325 1039 2010 1108; baseline 0.002 -19"><span class='ocrx_word' id='word_1_64' title='bbox 325 1043 502 1090; x_wconf 87' lang='lat' dir='ltr'><strong>nerant</strong></span> <span class='ocrx_word' id='word_1_65' title='bbox 516 1039 669 1105; x_wconf 43' lang='grc' dir='ltr'><strong>ἷζε*ἳ·”·*).</strong></span> <span class='ocrx_word' id='word_1_66' title='bbox 739 1043 994 1108; x_wconf 85' lang='lat' dir='ltr'><strong>Telephus</strong></span> <span class='ocrx_word' id='word_1_67' title='bbox 1027 1043 1191 1108; x_wconf 79' lang='lat' dir='ltr'><strong>igitur,</strong></span> <span class='ocrx_word' id='word_1_68' title='bbox 1225 1048 1485 1108; x_wconf 86' lang='lat' dir='ltr'><strong>postquam</strong></span> <span class='ocrx_word' id='word_1_69' title='bbox 1519 1044 1746 1108; x_wconf 86' lang='lat' dir='ltr'><strong>pervenit</strong></span> <span class='ocrx_word' id='word_1_70' title='bbox 1779 1059 1875 1108; x_wconf 91' lang='lat' dir='ltr'><strong>quo</strong></span> <span class='ocrx_word' id='word_1_71' title='bbox 1901 1048 2010 1093; x_wconf 89' lang='lat' dir='ltr'><strong>ten·</strong></span> 
     </span>
     <span class='ocr_line' id='line_1_11' title="bbox 326 1117 1407 1188; baseline 0.002 -20"><span class='ocrx_word' id='word_1_72' title='bbox 326 1117 494 1178; x_wconf 87' lang='lat' dir='ltr'><strong>debat,</strong></span> <span class='ocrx_word' id='word_1_73' title='bbox 529 1121 741 1172; x_wconf 89' lang='lat' dir='ltr'><strong>mendici</strong></span> <span class='ocrx_word' id='word_1_74' title='bbox 773 1124 941 1188; x_wconf 81' lang='lat' dir='ltr'><strong>specie</strong></span> <span class='ocrx_word' id='word_1_75' title='bbox 977 1122 1163 1171; x_wconf 86' lang='lat' dir='ltr'><strong>aditum</strong></span> <span class='ocrx_word' id='word_1_76' title='bbox 1198 1123 1407 1185; x_wconf 85' lang='lat' dir='ltr'><strong>quaerit,</strong></span> 
     </span>
    </p>

    <p class='ocr_par' dir='ltr' id='par_1_5' title="bbox 310 1194 1641 1430">
     <span class='ocr_line' id='line_1_12' title="bbox 459 1194 1641 1268; baseline 0.002 -18"><span class='ocrx_word' id='word_1_77' title='bbox 459 1197 542 1250; x_wconf 83' lang='grc' dir='ltr'><strong>δεῖ</strong></span> <span class='ocrx_word' id='word_1_78' title='bbox 570 1198 672 1267; x_wconf 74' lang='grc' dir='ltr'><strong>γάρ</strong></span> <span class='ocrx_word' id='word_1_79' title='bbox 707 1218 770 1267; x_wconf 88' lang='grc' dir='ltr'><strong>με</strong></span> <span class='ocrx_word' id='word_1_80' title='bbox 804 1200 952 1265; x_wconf 80' lang='grc' dir='ltr'><strong><em>δόξαι</em></strong></span> <span class='ocrx_word' id='word_1_81' title='bbox 983 1200 1194 1267; x_wconf 81' lang='grc' dir='ltr'><strong><em>πτωχὸν</em></strong></span> <span class='ocrx_word' id='word_1_82' title='bbox 1227 1194 1363 1251; x_wconf 82' lang='grc' dir='ltr'><strong><em>εἶναι</em></strong></span> <span class='ocrx_word' id='word_1_83' title='bbox 1395 1199 1641 1268; x_wconf 83' lang='grc' dir='ltr'><strong><em>τήμερον,</em></strong></span> 
     </span>
     <span class='ocr_line' id='line_1_13' title="bbox 310 1273 1608 1349; baseline 0 -17"><span class='ocrx_word' id='word_1_84' title='bbox 310 1330 313 1332; x_wconf 86' lang='grc'>,</span> <span class='ocrx_word' id='word_1_85' title='bbox 458 1273 596 1331; x_wconf 83' lang='grc' dir='ltr'><strong><em>εἶναι</em></strong></span> <span class='ocrx_word' id='word_1_86' title='bbox 628 1279 725 1348; x_wconf 79' lang='grc' dir='ltr'><strong><em>μὲν</em></strong></span> <span class='ocrx_word' id='word_1_87' title='bbox 759 1281 914 1349; x_wconf 84' lang='grc' dir='ltr'><strong><em>ὄςπερ</em></strong></span> <span class='ocrx_word' id='word_1_88' title='bbox 951 1279 1071 1347; x_wconf 79' lang='grc' dir='ltr'><strong><em>εἰμί,</em></strong></span> <span class='ocrx_word' id='word_1_89' title='bbox 1107 1279 1396 1348; x_wconf 81' lang='grc' dir='ltr'><strong><em>φαίνεσθαι</em></strong></span> <span class='ocrx_word' id='word_1_90' title='bbox 1430 1278 1487 1333; x_wconf 82' lang='grc' dir='ltr'><strong>δὲ</strong></span> <span class='ocrx_word' id='word_1_91' title='bbox 1520 1280 1608 1348; x_wconf 82' lang='grc' dir='ltr'><strong>μή.</strong></span> 
     </span>
     <span class='ocr_line' id='line_1_14' title="bbox 327 1359 874 1430; baseline 0.015 -22"><span class='ocrx_word' id='word_1_92' title='bbox 327 1359 621 1426; x_wconf 82' lang='lat' dir='ltr'><strong>suppliciter</strong></span> <span class='ocrx_word' id='word_1_93' title='bbox 652 1379 797 1415; x_wconf 86' lang='lat' dir='ltr'><strong>orans</strong></span> <span class='ocrx_word' id='word_1_94' title='bbox 814 1362 874 1430; x_wconf 86' lang='lat'><strong>†)</strong></span> 
     </span>
    </p>

    <p class='ocr_par' dir='ltr' id='par_1_6' title="bbox 326 1443 1466 1588">
     <span class='ocr_line' id='line_1_15' title="bbox 459 1443 1466 1510; baseline 0.003 -17"><span class='ocrx_word' id='word_1_95' title='bbox 459 1468 524 1479; x_wconf 83' lang='lat'>—</span> <span class='ocrx_word' id='word_1_96' title='bbox 656 1471 722 1480; x_wconf 89' lang='lat'><strong>—</strong></span> <span class='ocrx_word' id='word_1_97' title='bbox 853 1446 946 1495; x_wconf 77' lang='grc' dir='ltr'><strong>λῦε</strong></span> <span class='ocrx_word' id='word_1_98' title='bbox 982 1443 1155 1496; x_wconf 82' lang='grc' dir='ltr'><strong><em>πακτὰ</em></strong></span> <span class='ocrx_word' id='word_1_99' title='bbox 1188 1443 1466 1510; x_wconf 77' lang='grc' dir='ltr'><strong><em>δωμάτων,</em></strong></span> 
     </span>
     <span class='ocr_line' id='line_1_16' title="bbox 326 1517 951 1588; baseline 0.011 -21"><span class='ocrx_word' id='word_1_100' title='bbox 326 1534 356 1568; x_wconf 78' lang='grc' dir='ltr'><strong>ιι</strong></span> <span class='ocrx_word' id='word_1_101' title='bbox 389 1517 598 1571; x_wconf 84' lang='lat' dir='ltr'><strong>ianitore</strong></span> <span class='ocrx_word' id='word_1_102' title='bbox 631 1524 951 1588; x_wconf 84' lang='lat' dir='ltr'><strong>prohibetur:</strong></span> 
     </span>
    </p>

    <p class='ocr_par' dir='ltr' id='par_1_7' title="bbox 456 1601 1702 1669">
     <span class='ocr_line' id='line_1_17' title="bbox 456 1601 1702 1669; baseline -0.002 -16"><span class='ocrx_word' id='word_1_103' title='bbox 456 1626 521 1638; x_wconf 85' lang='lat'><strong>—</strong></span> <span class='ocrx_word' id='word_1_104' title='bbox 654 1631 717 1641; x_wconf 90' lang='lat'><em>-</em></span> <span class='ocrx_word' id='word_1_105' title='bbox 850 1604 1046 1655; x_wconf 69' lang='grc' dir='ltr'><strong><em>ἄπελθε</em></strong></span> <span class='ocrx_word' id='word_1_106' title='bbox 1078 1603 1278 1656; x_wconf 84' lang='grc' dir='ltr'><strong><em>λαΐνων</em></strong></span> <span class='ocrx_word' id='word_1_107' title='bbox 1312 1601 1568 1669; x_wconf 81' lang='grc' dir='ltr'><strong><em>σταθμῶν</em></strong></span> <span class='ocrx_word' id='word_1_108' title='bbox 1585 1603 1702 1667; x_wconf 78' lang='lat'><strong>††).</strong></span> 
     </span>
    </p>
   </div>
   <div class='ocr_carea' id='block_1_3' title="bbox 323 1697 2008 3516">
    <p class='ocr_par' dir='ltr' id='par_1_8' title="bbox 382 1697 1872 1760">
     <span class='ocr_line' id='line_1_18' title="bbox 382 1697 1872 1760; baseline 0.001 -18"><span class='ocrx_word' id='word_1_109' title='bbox 382 1697 435 1753; x_wconf 74' lang='grc'><strong>*)</strong></span> <span class='ocrx_word' id='word_1_110' title='bbox 463 1699 649 1758; x_wconf 82' lang='lat' dir='ltr'><strong>Fragm.</strong></span> <span class='ocrx_word' id='word_1_111' title='bbox 675 1703 762 1746; x_wconf 91' lang='lat' dir='ltr'><strong>inc.</strong></span> <span class='ocrx_word' id='word_1_112' title='bbox 793 1703 926 1751; x_wconf 80' lang='lat' dir='ltr'><strong>va.</strong></span> <span class='ocrx_word' id='word_1_113' title='bbox 983 1704 1179 1760; x_wconf 86' lang='lat' dir='ltr'><strong>Telephi</strong></span> <span class='ocrx_word' id='word_1_114' title='bbox 1205 1706 1323 1747; x_wconf 88' lang='lat' dir='ltr'><strong>haec</strong></span> <span class='ocrx_word' id='word_1_115' title='bbox 1350 1717 1447 1747; x_wconf 84' lang='lat' dir='ltr'><strong>esse</strong></span> <span class='ocrx_word' id='word_1_116' title='bbox 1474 1702 1763 1746; x_wconf 82' lang='lat' dir='ltr'><strong>manifestum</strong></span> <span class='ocrx_word' id='word_1_117' title='bbox 1792 1704 1872 1746; x_wconf 79' lang='lat' dir='ltr'><strong>est.</strong></span> 
     </span>
    </p>

    <p class='ocr_par' dir='ltr' id='par_1_9' title="bbox 377 1768 2008 2036">
     <span class='ocr_line' id='line_1_19' title="bbox 377 1768 2008 1832; baseline 0.002 -20"><span class='ocrx_word' id='word_1_118' title='bbox 377 1768 764 1824; x_wconf 70' lang='lat' dir='ltr'><strong>**)Libau.1.1.=</strong></span> <span class='ocrx_word' id='word_1_119' title='bbox 810 1773 836 1818; x_wconf 77' lang='grc' dir='ltr'><em>ὁ</em></span> <span class='ocrx_word' id='word_1_120' title='bbox 867 1774 917 1820; x_wconf 76' lang='grc' dir='ltr'><strong>δὲ</strong></span> <span class='ocrx_word' id='word_1_121' title='bbox 948 1772 1097 1819; x_wconf 87' lang='grc' dir='ltr'><strong><em>α’νεῖλε</em></strong></span> <span class='ocrx_word' id='word_1_122' title='bbox 1125 1773 1287 1832; x_wconf 83' lang='grc' dir='ltr'><strong><em>παρὰ</em></strong></span> <span class='ocrx_word' id='word_1_123' title='bbox 1324 1775 1400 1832; x_wconf 78' lang='grc' dir='ltr'><strong><em>τῷ</em></strong></span> <span class='ocrx_word' id='word_1_124' title='bbox 1439 1772 1740 1832; x_wconf 73' lang='grc' dir='ltr'><strong><em>τρώσαντι</em></strong></span> <span class='ocrx_word' id='word_1_125' title='bbox 1774 1771 1874 1816; x_wconf 75' lang='grc' dir='ltr'><strong><em>καὶ</em></strong></span> <span class='ocrx_word' id='word_1_126' title='bbox 1901 1770 2008 1827; x_wconf 86' lang='grc' dir='ltr'><strong>τὴν</strong></span> 
     </span>
     <span class='ocr_line' id='line_1_20' title="bbox 467 1839 2006 1901; baseline 0.001 -16"><span class='ocrx_word' id='word_1_127' title='bbox 467 1839 632 1886; x_wconf 79' lang='grc' dir='ltr'><strong><em>ἴασιν</em></strong></span> <span class='ocrx_word' id='word_1_128' title='bbox 659 1844 882 1898; x_wconf 76' lang='grc' dir='ltr'><strong><em>ζητεῖν.</em></strong></span> <span class='ocrx_word' id='word_1_129' title='bbox 940 1846 1011 1890; x_wconf 87' lang='lat' dir='ltr'><strong>Cf.</strong></span> <span class='ocrx_word' id='word_1_130' title='bbox 1049 1846 1177 1888; x_wconf 79' lang='lat' dir='ltr'><strong>lehn.</strong></span> <span class='ocrx_word' id='word_1_131' title='bbox 1209 1861 1254 1901; x_wconf 88' lang='lat' dir='ltr'><strong>p.</strong></span> <span class='ocrx_word' id='word_1_132' title='bbox 1283 1844 1356 1889; x_wconf 77' lang='lat'><strong>23.</strong></span> <span class='ocrx_word' id='word_1_133' title='bbox 1386 1849 1476 1888; x_wconf 84' lang='lat' dir='ltr'><strong>not.</strong></span> <span class='ocrx_word' id='word_1_134' title='bbox 1506 1844 1576 1887; x_wconf 78' lang='lat'><strong>23.</strong></span> <span class='ocrx_word' id='word_1_135' title='bbox 1634 1843 1785 1886; x_wconf 86' lang='lat' dir='ltr'><strong>Minus</strong></span> <span class='ocrx_word' id='word_1_136' title='bbox 1815 1842 2006 1886; x_wconf 85' lang='lat' dir='ltr'><strong>obscure</strong></span> 
     </span>
     <span class='ocr_line' id='line_1_21' title="bbox 459 1910 2005 1972; baseline 0.001 -19"><span class='ocrx_word' id='word_1_137' title='bbox 459 1910 672 1969; x_wconf 77' lang='lat' dir='ltr'><strong>Hyginus</strong></span> <span class='ocrx_word' id='word_1_138' title='bbox 699 1915 730 1958; x_wconf 89' lang='lat'><strong>1.</strong></span> <span class='ocrx_word' id='word_1_139' title='bbox 759 1917 818 1958; x_wconf 78' lang='lat'><strong>1.:</strong></span> <span class='ocrx_word' id='word_1_140' title='bbox 848 1916 1102 1970; x_wconf 87' lang='lat' dir='ltr'><strong>„neminem</strong></span> <span class='ocrx_word' id='word_1_141' title='bbox 1124 1915 1296 1959; x_wconf 84' lang='lat' dir='ltr'><strong>mederi</strong></span> <span class='ocrx_word' id='word_1_142' title='bbox 1314 1929 1461 1972; x_wconf 83' lang='lat' dir='ltr'><strong>posse,</strong></span> <span class='ocrx_word' id='word_1_143' title='bbox 1488 1914 1572 1958; x_wconf 86' lang='lat' dir='ltr'><strong>nisi</strong></span> <span class='ocrx_word' id='word_1_144' title='bbox 1601 1914 1789 1958; x_wconf 78' lang='lat' dir='ltr'><strong>eandem</strong></span> <span class='ocrx_word' id='word_1_145' title='bbox 1810 1914 2005 1966; x_wconf 77' lang='lat' dir='ltr'><strong>hastam,</strong></span> 
     </span>
     <span class='ocr_line' id='line_1_22' title="bbox 464 1986 1001 2036; baseline 0.007 -13"><span class='ocrx_word' id='word_1_146' title='bbox 464 1994 555 2036; x_wconf 80' lang='lat' dir='ltr'><strong>qua</strong></span> <span class='ocrx_word' id='word_1_147' title='bbox 580 1986 837 2028; x_wconf 80' lang='lat' dir='ltr'><strong>vulneratus</strong></span> <span class='ocrx_word' id='word_1_148' title='bbox 857 1987 1001 2029; x_wconf 85' lang='lat' dir='ltr'><strong>erat.&#39;&#39;</strong></span> 
     </span>
    </p>

    <p class='ocr_par' dir='ltr' id='par_1_10' title="bbox 350 2048 2007 2955">
     <span class='ocr_line' id='line_1_23' title="bbox 350 2048 2005 2111; baseline 0.001 -18"><span class='ocrx_word' id='word_1_149' title='bbox 350 2048 441 2106; x_wconf 66' lang='lat' dir='ltr'><strong>W&#39;)</strong></span> <span class='ocrx_word' id='word_1_150' title='bbox 469 2051 624 2109; x_wconf 73' lang='lat' dir='ltr'><strong>Dictys</strong></span> <span class='ocrx_word' id='word_1_151' title='bbox 642 2054 700 2107; x_wconf 88' lang='lat'><strong>11,</strong></span> <span class='ocrx_word' id='word_1_152' title='bbox 729 2053 806 2097; x_wconf 80' lang='lat'><strong>10:</strong></span> <span class='ocrx_word' id='word_1_153' title='bbox 834 2057 955 2110; x_wconf 87' lang='lat' dir='ltr'><strong>„Per</strong></span> <span class='ocrx_word' id='word_1_154' title='bbox 982 2055 1103 2098; x_wconf 88' lang='lat' dir='ltr'><strong>idem</strong></span> <span class='ocrx_word' id='word_1_155' title='bbox 1132 2059 1307 2111; x_wconf 84' lang='lat' dir='ltr'><strong>tempus</strong></span> <span class='ocrx_word' id='word_1_156' title='bbox 1335 2055 1565 2109; x_wconf 82' lang='lat' dir='ltr'><strong>Telephus</strong></span> <span class='ocrx_word' id='word_1_157' title='bbox 1602 2054 1757 2097; x_wconf 88' lang='lat' dir='ltr'><strong>dolore</strong></span> <span class='ocrx_word' id='word_1_158' title='bbox 1789 2051 2005 2108; x_wconf 81' lang='lat' dir='ltr'><strong>vulneris,</strong></span> 
     </span>
     <span class='ocr_line' id='line_1_24' title="bbox 463 2122 2005 2180; baseline 0.001 -16"><span class='ocrx_word' id='word_1_159' title='bbox 463 2123 583 2176; x_wconf 83' lang='lat' dir='ltr'><strong>quod</strong></span> <span class='ocrx_word' id='word_1_160' title='bbox 601 2123 646 2165; x_wconf 90' lang='lat' dir='ltr'><strong>in</strong></span> <span class='ocrx_word' id='word_1_161' title='bbox 666 2124 838 2178; x_wconf 87' lang='lat' dir='ltr'><strong>proelio</strong></span> <span class='ocrx_word' id='word_1_162' title='bbox 860 2126 1097 2168; x_wconf 81' lang='lat' dir='ltr'><strong>adversum</strong></span> <span class='ocrx_word' id='word_1_163' title='bbox 1123 2125 1320 2166; x_wconf 83' lang='lat' dir='ltr'><strong>Graecos</strong></span> <span class='ocrx_word' id='word_1_164' title='bbox 1359 2128 1615 2180; x_wconf 80' lang='lat' dir='ltr'><strong>acceperat,</strong></span> <span class='ocrx_word' id='word_1_165' title='bbox 1654 2123 1731 2166; x_wconf 86' lang='lat' dir='ltr'><strong>diu</strong></span> <span class='ocrx_word' id='word_1_166' title='bbox 1748 2122 2005 2180; x_wconf 81' lang='lat' dir='ltr'><strong>afflictatus,</strong></span> 
     </span>
     <span class='ocr_line' id='line_1_25' title="bbox 464 2193 2007 2250; baseline 0.003 -17"><span class='ocrx_word' id='word_1_167' title='bbox 464 2205 601 2246; x_wconf 85' lang='lat' dir='ltr'><strong>quum</strong></span> <span class='ocrx_word' id='word_1_168' title='bbox 627 2195 749 2236; x_wconf 89' lang='lat' dir='ltr'><strong>nullo</strong></span> <span class='ocrx_word' id='word_1_169' title='bbox 783 2194 982 2238; x_wconf 88' lang='lat' dir='ltr'><strong>remedio</strong></span> <span class='ocrx_word' id='word_1_170' title='bbox 1013 2195 1185 2238; x_wconf 85' lang='lat' dir='ltr'><strong>mederi</strong></span> <span class='ocrx_word' id='word_1_171' title='bbox 1206 2198 1373 2250; x_wconf 81' lang='lat' dir='ltr'><strong>posset,</strong></span> <span class='ocrx_word' id='word_1_172' title='bbox 1399 2194 1457 2236; x_wconf 84' lang='lat' dir='ltr'><strong>ad</strong></span> <span class='ocrx_word' id='word_1_173' title='bbox 1482 2199 1754 2249; x_wconf 87' lang='lat' dir='ltr'><strong>postremum</strong></span> <span class='ocrx_word' id='word_1_174' title='bbox 1786 2193 2007 2249; x_wconf 78' lang='lat' dir='ltr'><strong>Apollinis</strong></span> 
     </span>
     <span class='ocr_line' id='line_1_26' title="bbox 465 2260 2003 2321; baseline 0.003 -18"><span class='ocrx_word' id='word_1_175' title='bbox 465 2263 647 2305; x_wconf 82' lang='lat' dir='ltr'><strong>oraculo</strong></span> <span class='ocrx_word' id='word_1_176' title='bbox 685 2265 879 2307; x_wconf 81' lang='lat' dir='ltr'><strong>monitus</strong></span> <span class='ocrx_word' id='word_1_177' title='bbox 907 2288 963 2296; x_wconf 90' lang='lat'>—</span> <span class='ocrx_word' id='word_1_178' title='bbox 1017 2279 1209 2321; x_wconf 81' lang='lat' dir='ltr'><strong>propere</strong></span> <span class='ocrx_word' id='word_1_179' title='bbox 1259 2265 1439 2321; x_wconf 82' lang='lat' dir='ltr'><strong>Argos</strong></span> <span class='ocrx_word' id='word_1_180' title='bbox 1491 2260 1721 2321; x_wconf 83' lang='lat' dir='ltr'><strong>navigat.&#39;&#39;</strong></span> <span class='ocrx_word' id='word_1_181' title='bbox 1786 2266 1975 2308; x_wconf 84' lang='lat' dir='ltr'><strong>Proclus</strong></span> <span class='ocrx_word' id='word_1_182' title='bbox 1990 2281 2003 2308; x_wconf 72' lang='grc' dir='ltr'><strong><em>ε</em></strong></span> 
     </span>
     <span class='ocr_line' id='line_1_27' title="bbox 462 2328 2005 2393; baseline 0.003 -19"><span class='ocrx_word' id='word_1_183' title='bbox 462 2328 622 2375; x_wconf 78' lang='grc' dir='ltr'><strong><em>ἔπειτα</em></strong></span> <span class='ocrx_word' id='word_1_184' title='bbox 645 2331 860 2390; x_wconf 80' lang='grc' dir='ltr'><strong><em>Τήλεφον</em></strong></span> <span class='ocrx_word' id='word_1_185' title='bbox 890 2331 1008 2378; x_wconf 79' lang='grc' dir='ltr'><strong><em>κατὰ</em></strong></span> <span class='ocrx_word' id='word_1_186' title='bbox 1043 2335 1263 2390; x_wconf 86' lang='grc' dir='ltr'><strong><em>μαντείαν</em></strong></span> <span class='ocrx_word' id='word_1_187' title='bbox 1291 2332 1664 2391; x_wconf 86' lang='grc' dir='ltr'><strong><em>παραγενόμενον</em></strong></span> <span class='ocrx_word' id='word_1_188' title='bbox 1690 2334 1775 2386; x_wconf 82' lang='grc' dir='ltr'><strong>εἰς</strong></span> <span class='ocrx_word' id='word_1_189' title='bbox 1805 2330 2005 2393; x_wconf 67' lang='grc' dir='ltr'><strong><em>Ἀργος</em></strong></span> 
     </span>
     <span class='ocr_line' id='line_1_28' title="bbox 465 2399 2003 2462; baseline 0.002 -16"><span class='ocrx_word' id='word_1_190' title='bbox 465 2403 594 2447; x_wconf 78' lang='grc' dir='ltr'><strong><em>ἰᾶται</em></strong></span> <span class='ocrx_word' id='word_1_191' title='bbox 631 2399 849 2459; x_wconf 81' lang='grc' dir='ltr'><strong><em>Ἀχιλλεύς</em></strong></span> <span class='ocrx_word' id='word_1_192' title='bbox 878 2403 941 2455; x_wconf 71' lang='grc' dir='ltr'><strong>οἷς</strong></span> <span class='ocrx_word' id='word_1_193' title='bbox 979 2402 1185 2460; x_wconf 80' lang='grc' dir='ltr'><strong><em>ἡγεμόνα</em></strong></span> <span class='ocrx_word' id='word_1_194' title='bbox 1216 2405 1301 2448; x_wconf 83' lang='grc' dir='ltr'><strong><em>τοῦ</em></strong></span> <span class='ocrx_word' id='word_1_195' title='bbox 1333 2402 1402 2448; x_wconf 78' lang='grc' dir='ltr'><strong>ἐπ’</strong></span> <span class='ocrx_word' id='word_1_196' title='bbox 1427 2401 1567 2448; x_wconf 85' lang='grc' dir='ltr'><strong><em>Ἴλιον</em></strong></span> <span class='ocrx_word' id='word_1_197' title='bbox 1599 2406 1732 2448; x_wconf 80' lang='grc' dir='ltr'><strong><em>πλοῦ.</em></strong></span> <span class='ocrx_word' id='word_1_198' title='bbox 1804 2405 2003 2462; x_wconf 74' lang='lat' dir='ltr'><strong>Hygin.=</strong></span> 
     </span>
     <span class='ocr_line' id='line_1_29' title="bbox 461 2474 2003 2532; baseline 0.003 -17"><span class='ocrx_word' id='word_1_199' title='bbox 461 2474 595 2527; x_wconf 85' lang='lat' dir='ltr'><strong>„Hoc</strong></span> <span class='ocrx_word' id='word_1_200' title='bbox 622 2476 851 2530; x_wconf 84' lang='lat' dir='ltr'><strong>Telephus</strong></span> <span class='ocrx_word' id='word_1_201' title='bbox 885 2476 964 2518; x_wconf 89' lang='lat' dir='ltr'><strong>ubi</strong></span> <span class='ocrx_word' id='word_1_202' title='bbox 989 2476 1184 2528; x_wconf 82' lang='lat' dir='ltr'><strong>audivit,</strong></span> <span class='ocrx_word' id='word_1_203' title='bbox 1217 2475 1283 2517; x_wconf 80' lang='lat' dir='ltr'><strong>ad</strong></span> <span class='ocrx_word' id='word_1_204' title='bbox 1315 2475 1807 2532; x_wconf 84' lang='lat' dir='ltr'><strong>Agamemnonem</strong></span> <span class='ocrx_word' id='word_1_205' title='bbox 1836 2475 2003 2532; x_wconf 81' lang='lat' dir='ltr'><strong>venit.”</strong></span> 
     </span>
     <span class='ocr_line' id='line_1_30' title="bbox 463 2541 2005 2602; baseline 0.002 -16"><span class='ocrx_word' id='word_1_206' title='bbox 463 2542 707 2587; x_wconf 82' lang='lat' dir='ltr'><strong>Libanius:</strong></span> <span class='ocrx_word' id='word_1_207' title='bbox 737 2546 886 2589; x_wconf 87' lang='grc' dir='ltr'><strong><em>ταῦτα</em></strong></span> <span class='ocrx_word' id='word_1_208' title='bbox 910 2544 1111 2596; x_wconf 75' lang='grc' dir='ltr'><strong><em>οἰκούσας</em></strong></span> <span class='ocrx_word' id='word_1_209' title='bbox 1147 2545 1232 2596; x_wconf 82' lang='grc' dir='ltr'><strong>εἰς</strong></span> <span class='ocrx_word' id='word_1_210' title='bbox 1248 2541 1439 2602; x_wconf 64' lang='grc' dir='ltr'><strong><em>Ἀργος</em></strong></span> <span class='ocrx_word' id='word_1_211' title='bbox 1470 2543 1659 2602; x_wconf 73' lang='grc' dir='ltr'><strong><em>ἔρχεται.</em></strong></span> <span class='ocrx_word' id='word_1_212' title='bbox 1715 2546 1899 2588; x_wconf 87' lang='lat' dir='ltr'><strong>Videtur</strong></span> <span class='ocrx_word' id='word_1_213' title='bbox 1922 2559 2005 2589; x_wconf 80' lang='lat' dir='ltr'><strong>au-</strong></span> 
     </span>
     <span class='ocr_line' id='line_1_31' title="bbox 465 2614 2005 2672; baseline 0.001 -15"><span class='ocrx_word' id='word_1_214' title='bbox 465 2617 560 2657; x_wconf 88' lang='lat' dir='ltr'><strong>tem</strong></span> <span class='ocrx_word' id='word_1_215' title='bbox 580 2619 712 2658; x_wconf 79' lang='lat' dir='ltr'><strong>antea</strong></span> <span class='ocrx_word' id='word_1_216' title='bbox 729 2615 774 2658; x_wconf 89' lang='lat' dir='ltr'><strong>in</strong></span> <span class='ocrx_word' id='word_1_217' title='bbox 787 2616 1075 2659; x_wconf 82' lang='lat' dir='ltr'><strong>Thessaliam</strong></span> <span class='ocrx_word' id='word_1_218' title='bbox 1093 2614 1292 2658; x_wconf 81' lang='lat' dir='ltr'><strong>venisse:</strong></span> <span class='ocrx_word' id='word_1_219' title='bbox 1321 2629 1425 2658; x_wconf 85' lang='lat' dir='ltr'><strong>nam</strong></span> <span class='ocrx_word' id='word_1_220' title='bbox 1444 2615 1688 2658; x_wconf 78' lang='lat' dir='ltr'><strong>scholiasta</strong></span> <span class='ocrx_word' id='word_1_221' title='bbox 1709 2616 1768 2658; x_wconf 84' lang='lat' dir='ltr'><strong>ad</strong></span> <span class='ocrx_word' id='word_1_222' title='bbox 1777 2615 2005 2672; x_wconf 69' lang='lat' dir='ltr'><strong>Aristoph-</strong></span> 
     </span>
     <span class='ocr_line' id='line_1_32' title="bbox 464 2683 2005 2742; baseline 0.003 -16"><span class='ocrx_word' id='word_1_223' title='bbox 464 2683 578 2727; x_wconf 89' lang='lat' dir='ltr'><strong>Nub.</strong></span> <span class='ocrx_word' id='word_1_224' title='bbox 605 2700 649 2729; x_wconf 82' lang='lat' dir='ltr'><strong>v.</strong></span> <span class='ocrx_word' id='word_1_225' title='bbox 675 2684 790 2742; x_wconf 63' lang='lat'><strong>919„</strong></span> <span class='ocrx_word' id='word_1_226' title='bbox 820 2685 897 2741; x_wconf 84' lang='lat' dir='ltr'><strong>qui</strong></span> <span class='ocrx_word' id='word_1_227' title='bbox 924 2690 968 2730; x_wconf 89' lang='lat' dir='ltr'><strong>et</strong></span> <span class='ocrx_word' id='word_1_228' title='bbox 997 2686 1094 2742; x_wconf 86' lang='lat' dir='ltr'><strong>ipse</strong></span> <span class='ocrx_word' id='word_1_229' title='bbox 1124 2684 1390 2740; x_wconf 84' lang='lat' dir='ltr'><strong>Euripidem</strong></span> <span class='ocrx_word' id='word_1_230' title='bbox 1421 2689 1596 2728; x_wconf 86' lang='lat' dir='ltr'><strong>secutus</strong></span> <span class='ocrx_word' id='word_1_231' title='bbox 1628 2689 1721 2737; x_wconf 83' lang='lat' dir='ltr'><strong>est,</strong></span> <span class='ocrx_word' id='word_1_232' title='bbox 1749 2684 1828 2729; x_wconf 78' lang='grc' dir='ltr'><strong>καὶ</strong></span> <span class='ocrx_word' id='word_1_233' title='bbox 1864 2684 2005 2731; x_wconf 75' lang='grc' dir='ltr'><strong><em>πάλιν</em></strong></span> 
     </span>
     <span class='ocr_line' id='line_1_33' title="bbox 463 2749 2004 2814; baseline 0.002 -17"><span class='ocrx_word' id='word_1_234' title='bbox 463 2749 744 2812; x_wconf 72' lang='grc' dir='ltr'><strong><em>ἀποροῦντα,</em></strong></span> <span class='ocrx_word' id='word_1_235' title='bbox 774 2754 929 2811; x_wconf 84' lang='lat' dir='ltr'><strong>inquit,</strong></span> <span class='ocrx_word' id='word_1_236' title='bbox 956 2757 1040 2800; x_wconf 80' lang='grc' dir='ltr'><strong><em>τοῦ</em></strong></span> <span class='ocrx_word' id='word_1_237' title='bbox 1065 2753 1456 2814; x_wconf 76' lang='grc' dir='ltr'><strong><em>θεραπεύσαντος,</em></strong></span> <span class='ocrx_word' id='word_1_238' title='bbox 1487 2756 1568 2810; x_wconf 80' lang='grc' dir='ltr'><strong><em>τῆς</em></strong></span> <span class='ocrx_word' id='word_1_239' title='bbox 1589 2754 1778 2806; x_wconf 69' lang='grc' dir='ltr'><strong><em>Πυθίας</em></strong></span> <span class='ocrx_word' id='word_1_240' title='bbox 1812 2753 1870 2808; x_wconf 80' lang='lat' dir='ltr'><strong>„o‘</strong></span> <span class='ocrx_word' id='word_1_241' title='bbox 1889 2753 2004 2813; x_wconf 73' lang='grc' dir='ltr'><strong><em>τροί-</em></strong></span> 
     </span>
     <span class='ocr_line' id='line_1_34' title="bbox 465 2822 2004 2882; baseline 0.003 -15"><span class='ocrx_word' id='word_1_242' title='bbox 465 2836 548 2875; x_wconf 90' lang='grc' dir='ltr'><strong>σας</strong></span> <span class='ocrx_word' id='word_1_243' title='bbox 584 2822 788 2870; x_wconf 78' lang='grc' dir='ltr'><strong><em>ἱάσεται”</em></strong></span> <span class='ocrx_word' id='word_1_244' title='bbox 822 2823 1097 2882; x_wconf 76' lang='grc' dir='ltr'><strong><em>ἀνελούσης,</em></strong></span> <span class='ocrx_word' id='word_1_245' title='bbox 1135 2823 1506 2881; x_wconf 80' lang='grc' dir='ltr'><strong><em>παραγενόμενον</em></strong></span> <span class='ocrx_word' id='word_1_246' title='bbox 1537 2825 1624 2875; x_wconf 85' lang='grc' dir='ltr'><strong>εἰς</strong></span> <span class='ocrx_word' id='word_1_247' title='bbox 1663 2825 2004 2872; x_wconf 74' lang='grc' dir='ltr'><strong><em>Θετταλίαν</em></strong></span> 
     </span>
     <span class='ocr_line' id='line_1_35' title="bbox 463 2894 1482 2955; baseline 0 -17"><span class='ocrx_word' id='word_1_248' title='bbox 463 2895 529 2953; x_wconf 73' lang='grc' dir='ltr'><strong><em>τῷ</em></strong></span> <span class='ocrx_word' id='word_1_249' title='bbox 564 2897 746 2955; x_wconf 79' lang='grc' dir='ltr'><strong><em>χρησμῷ</em></strong></span> <span class='ocrx_word' id='word_1_250' title='bbox 778 2896 988 2948; x_wconf 81' lang='grc' dir='ltr'><strong><em>πεισθεὶς</em></strong></span> <span class='ocrx_word' id='word_1_251' title='bbox 1017 2898 1269 2954; x_wconf 77' lang='grc' dir='ltr'><strong><em>θεραπείας</em></strong></span> <span class='ocrx_word' id='word_1_252' title='bbox 1299 2894 1482 2952; x_wconf 79' lang='grc' dir='ltr'><strong>ἠξίωσε.</strong></span> 
     </span>
    </p>

    <p class='ocr_par' dir='ltr' id='par_1_11' title="bbox 323 2963 2001 3221">
     <span class='ocr_line' id='line_1_36' title="bbox 323 2963 2001 3023; baseline 0.003 -17"><span class='ocrx_word' id='word_1_253' title='bbox 323 2963 439 3020; x_wconf 72' lang='grc'>****)</span> <span class='ocrx_word' id='word_1_254' title='bbox 468 2964 626 3021; x_wconf 83' lang='lat' dir='ltr'><strong>Dictys</strong></span> <span class='ocrx_word' id='word_1_255' title='bbox 644 2967 702 3020; x_wconf 87' lang='lat'><strong>11,</strong></span> <span class='ocrx_word' id='word_1_256' title='bbox 725 2965 779 3008; x_wconf 78' lang='lat'><strong>9:</strong></span> <span class='ocrx_word' id='word_1_257' title='bbox 819 2967 1003 3023; x_wconf 85' lang='lat' dir='ltr'><strong>„Neque</strong></span> <span class='ocrx_word' id='word_1_258' title='bbox 1032 2969 1174 3011; x_wconf 84' lang='lat' dir='ltr'><strong>multo</strong></span> <span class='ocrx_word' id='word_1_259' title='bbox 1206 2969 1307 3023; x_wconf 85' lang='lat' dir='ltr'><strong>post</strong></span> <span class='ocrx_word' id='word_1_260' title='bbox 1336 2980 1387 3008; x_wconf 89' lang='lat' dir='ltr'><strong>re</strong></span> <span class='ocrx_word' id='word_1_261' title='bbox 1414 2964 1592 3022; x_wconf 81' lang='lat' dir='ltr'><strong>cognita</strong></span> <span class='ocrx_word' id='word_1_262' title='bbox 1610 2965 1755 3023; x_wconf 80' lang='lat' dir='ltr'><strong>Argos</strong></span> <span class='ocrx_word' id='word_1_263' title='bbox 1771 2966 1830 3010; x_wconf 77' lang='lat' dir='ltr'><strong>ab</strong></span> <span class='ocrx_word' id='word_1_264' title='bbox 1856 2965 2001 3010; x_wconf 86' lang='lat' dir='ltr'><strong>omni-</strong></span> 
     </span>
     <span class='ocr_line' id='line_1_37' title="bbox 462 3034 2000 3093; baseline 0.002 -16"><span class='ocrx_word' id='word_1_265' title='bbox 462 3034 548 3077; x_wconf 88' lang='lat' dir='ltr'><strong>bus</strong></span> <span class='ocrx_word' id='word_1_266' title='bbox 578 3035 879 3078; x_wconf 81' lang='lat' dir='ltr'><strong>convenitur.”</strong></span> <span class='ocrx_word' id='word_1_267' title='bbox 957 3038 1172 3080; x_wconf 81' lang='lat' dir='ltr'><strong>Caussam</strong></span> <span class='ocrx_word' id='word_1_268' title='bbox 1208 3035 1302 3079; x_wconf 82' lang='lat' dir='ltr'><strong>eius</strong></span> <span class='ocrx_word' id='word_1_269' title='bbox 1346 3038 1584 3078; x_wconf 83' lang='lat' dir='ltr'><strong>conventus</strong></span> <span class='ocrx_word' id='word_1_270' title='bbox 1611 3034 1748 3080; x_wconf 82' lang='lat' dir='ltr'><strong>fuisse</strong></span> <span class='ocrx_word' id='word_1_271' title='bbox 1778 3036 2000 3093; x_wconf 83' lang='lat' dir='ltr'><strong>perhibet,</strong></span> 
     </span>
     <span class='ocr_line' id='line_1_38' title="bbox 463 3105 2000 3165; baseline 0.003 -19"><span class='ocrx_word' id='word_1_272' title='bbox 463 3105 583 3160; x_wconf 87' lang='lat' dir='ltr'><strong>quod</strong></span> <span class='ocrx_word' id='word_1_273' title='bbox 605 3105 826 3148; x_wconf 81' lang='lat' dir='ltr'><strong>barbaros</strong></span> <span class='ocrx_word' id='word_1_274' title='bbox 847 3106 893 3149; x_wconf 83' lang='lat' dir='ltr'><strong>id</strong></span> <span class='ocrx_word' id='word_1_275' title='bbox 919 3120 1056 3165; x_wconf 81' lang='lat' dir='ltr'><strong>agere</strong></span> <span class='ocrx_word' id='word_1_276' title='bbox 1079 3105 1326 3151; x_wconf 84' lang='lat' dir='ltr'><strong>nuntiatum</strong></span> <span class='ocrx_word' id='word_1_277' title='bbox 1343 3109 1471 3158; x_wconf 83' lang='lat' dir='ltr'><strong>esset,</strong></span> <span class='ocrx_word' id='word_1_278' title='bbox 1496 3109 1546 3149; x_wconf 84' lang='lat' dir='ltr'><strong>ut</strong></span> <span class='ocrx_word' id='word_1_279' title='bbox 1566 3105 1763 3150; x_wconf 80' lang='lat' dir='ltr'><strong>Graecos</strong></span> <span class='ocrx_word' id='word_1_280' title='bbox 1784 3120 2000 3165; x_wconf 75' lang='lat' dir='ltr'><strong>praever-</strong></span> 
     </span>
     <span class='ocr_line' id='line_1_39' title="bbox 463 3175 1558 3221; baseline 0.002 -3"><span class='ocrx_word' id='word_1_281' title='bbox 463 3178 605 3218; x_wconf 81' lang='lat' dir='ltr'><strong>tentes</strong></span> <span class='ocrx_word' id='word_1_282' title='bbox 626 3175 674 3218; x_wconf 86' lang='lat' dir='ltr'><strong>in</strong></span> <span class='ocrx_word' id='word_1_283' title='bbox 696 3176 859 3219; x_wconf 85' lang='lat' dir='ltr'><strong>horum</strong></span> <span class='ocrx_word' id='word_1_284' title='bbox 878 3181 1046 3220; x_wconf 84' lang='lat' dir='ltr'><strong>terram</strong></span> <span class='ocrx_word' id='word_1_285' title='bbox 1065 3179 1235 3221; x_wconf 87' lang='lat' dir='ltr'><strong>bellum</strong></span> <span class='ocrx_word' id='word_1_286' title='bbox 1254 3176 1558 3220; x_wconf 76' lang='lat' dir='ltr'><strong>transferrent.</strong></span> 
     </span>
    </p>

    <p class='ocr_par' dir='ltr' id='par_1_12' title="bbox 391 3244 1997 3373">
     <span class='ocr_line' id='line_1_40' title="bbox 391 3244 1997 3305; baseline 0.002 -18"><span class='ocrx_word' id='word_1_287' title='bbox 391 3245 448 3300; x_wconf 52' lang='grc' dir='ltr'><strong>ᾧ)</strong></span> <span class='ocrx_word' id='word_1_288' title='bbox 474 3244 698 3300; x_wconf 83' lang='lat' dir='ltr'><strong>Aristoph.</strong></span> <span class='ocrx_word' id='word_1_289' title='bbox 737 3247 931 3290; x_wconf 80' lang='lat' dir='ltr'><strong>Acharn.</strong></span> <span class='ocrx_word' id='word_1_290' title='bbox 962 3246 1068 3290; x_wconf 78' lang='lat'>452:</span> <span class='ocrx_word' id='word_1_291' title='bbox 1132 3248 1333 3304; x_wconf 76' lang='grc' dir='ltr'><strong><em>γλίσχρος</em></strong></span> <span class='ocrx_word' id='word_1_292' title='bbox 1349 3277 1361 3297; x_wconf 94' lang='grc'><strong><em>,</em></strong></span> <span class='ocrx_word' id='word_1_293' title='bbox 1400 3247 1660 3303; x_wconf 79' lang='grc' dir='ltr'><strong><em>προςαιτῶν</em></strong></span> <span class='ocrx_word' id='word_1_294' title='bbox 1697 3246 1903 3305; x_wconf 74' lang='grc' dir='ltr'><strong><em>λιπαρῶν</em></strong></span> <span class='ocrx_word' id='word_1_295' title='bbox 1930 3262 1997 3292; x_wconf 84' lang='grc' dir='ltr'><strong>τε.</strong></span> 
     </span>
     <span class='ocr_line' id='line_1_41' title="bbox 465 3314 1470 3373; baseline 0.002 -16"><span class='ocrx_word' id='word_1_296' title='bbox 465 3315 535 3358; x_wconf 81' lang='lat' dir='ltr'><strong>ef.</strong></span> <span class='ocrx_word' id='word_1_297' title='bbox 558 3314 712 3359; x_wconf 89' lang='lat' dir='ltr'><strong>Schol.</strong></span> <span class='ocrx_word' id='word_1_298' title='bbox 734 3317 792 3359; x_wconf 83' lang='lat' dir='ltr'><strong>ad</strong></span> <span class='ocrx_word' id='word_1_299' title='bbox 810 3317 927 3360; x_wconf 87' lang='lat' dir='ltr'><strong>Nub.</strong></span> <span class='ocrx_word' id='word_1_300' title='bbox 946 3317 1045 3361; x_wconf 82' lang='grc'><strong>919.</strong></span> <span class='ocrx_word' id='word_1_301' title='bbox 1070 3331 1208 3373; x_wconf 82' lang='lat' dir='ltr'><strong>supra</strong></span> <span class='ocrx_word' id='word_1_302' title='bbox 1226 3317 1470 3361; x_wconf 80' lang='lat' dir='ltr'><strong>laudatum.</strong></span> 
     </span>
    </p>

    <p class='ocr_par' dir='ltr' id='par_1_13' title="bbox 350 3384 1995 3516">
     <span class='ocr_line' id='line_1_42' title="bbox 350 3384 1994 3446; baseline 0.002 -18"><span class='ocrx_word' id='word_1_303' title='bbox 350 3385 439 3442; x_wconf 88' lang='lat'><strong>††)</strong></span> <span class='ocrx_word' id='word_1_304' title='bbox 468 3384 655 3442; x_wconf 78' lang='lat' dir='ltr'><strong>Fmgm.</strong></span> <span class='ocrx_word' id='word_1_305' title='bbox 678 3385 765 3434; x_wconf 86' lang='lat' dir='ltr'><strong>inc.</strong></span> <span class='ocrx_word' id='word_1_306' title='bbox 786 3388 951 3430; x_wconf 82' lang='lat' dir='ltr'><strong>ccvn.</strong></span> <span class='ocrx_word' id='word_1_307' title='bbox 1007 3388 1076 3432; x_wconf 83' lang='lat' dir='ltr'><strong>Ex</strong></span> <span class='ocrx_word' id='word_1_308' title='bbox 1107 3387 1312 3444; x_wconf 82' lang='lat' dir='ltr'><strong>Telepho</strong></span> <span class='ocrx_word' id='word_1_309' title='bbox 1331 3387 1590 3444; x_wconf 88' lang='lat' dir='ltr'><strong>decerptum</strong></span> <span class='ocrx_word' id='word_1_310' title='bbox 1610 3401 1708 3432; x_wconf 74' lang='lat' dir='ltr'><strong>esse</strong></span> <span class='ocrx_word' id='word_1_311' title='bbox 1730 3387 1994 3446; x_wconf 80' lang='lat' dir='ltr'><strong>intelligitur</strong></span> 
     </span>
     <span class='ocr_line' id='line_1_43' title="bbox 466 3455 1995 3516; baseline 0.003 -16"><span class='ocrx_word' id='word_1_312' title='bbox 466 3468 521 3502; x_wconf 83' lang='lat' dir='ltr'><strong>ex</strong></span> <span class='ocrx_word' id='word_1_313' title='bbox 539 3455 762 3515; x_wconf 80' lang='lat' dir='ltr'><strong>Aristoph.</strong></span> <span class='ocrx_word' id='word_1_314' title='bbox 784 3458 976 3507; x_wconf 82' lang='lat' dir='ltr'><strong>Acharn.</strong></span> <span class='ocrx_word' id='word_1_315' title='bbox 999 3455 1108 3503; x_wconf 71' lang='lat'><strong>479:</strong></span> <span class='ocrx_word' id='word_1_316' title='bbox 1138 3459 1255 3504; x_wconf 83' lang='grc' dir='ltr'><strong><em>κλεῖε</em></strong></span> <span class='ocrx_word' id='word_1_317' title='bbox 1284 3455 1434 3515; x_wconf 72' lang='grc' dir='ltr'><strong><em>πηκτὰ</em></strong></span> <span class='ocrx_word' id='word_1_318' title='bbox 1456 3458 1693 3516; x_wconf 76' lang='grc' dir='ltr'><strong><em>δωμάτων.</em></strong></span> <span class='ocrx_word' id='word_1_319' title='bbox 1747 3458 1921 3506; x_wconf 85' lang='lat' dir='ltr'><strong>Ibidem</strong></span> <span class='ocrx_word' id='word_1_320' title='bbox 1950 3473 1995 3504; x_wconf 80' lang='lat' dir='ltr'><strong>v.</strong></span> 
     </span>
    </p>
   </div>
  </div>
 </body>
</html>
