2144 3854
1245 350 1326 406 34

438 500 663 563 tanquam
713 498 962 561 reportata
1006 496 1102 544 iam
1150 496 1356 547 victoria
1399 494 1678 558 deletisque
1725 494 1963 545 hostibus.
2050 496 2118 548 Se

435 584 626 636 autem,
662 592 811 640 quum
845 576 975 624 iusto
1010 580 1234 640 tempore
1268 575 1410 641 equis
1432 613 1446 637 ‚
1482 578 1536 623 ut
1571 575 1682 623 cibo
1715 574 1842 623 bene
1874 576 2002 642 pasti
2035 595 2115 627 re-

436 657 687 720 creatique
720 656 771 705 in
803 655 1047 721 proelium
1082 655 1474 712 descenderent,
1520 654 1752 720 pabulum
1797 654 2116 721 proponeret,

434 737 752 801 conspexisse
794 736 968 800 procul
1017 751 1109 800 per
1141 736 1370 785 tenebras
1404 735 1528 784 duos
1562 737 1692 784 viros
1726 737 1994 795 exercitum
2028 739 2117 788 ob-

433 815 764 876 ambiilanteS‚
814 816 898 878 qui
932 816 1120 877 statim,
1157 815 1241 865 ubi
1277 830 1333 864 se
1377 816 1722 876 commoverit,
1768 820 1903 864 retro
1948 832 2115 865 cesse-

434 897 546 954 rint,
583 900 632 943 et
657 895 894 943 minatum
921 910 1034 942 esse
1062 910 1200 955 voce,
1235 911 1299 944 ne
1330 895 1622 944 accederent
1650 894 1883 960 propius;
1918 896 2115 956 deinde,

433 977 516 1026 ubi
563 975 725 1024 abisse
771 974 1017 1034 latrones,
1074 991 1196 1038 quos
1231 975 1449 1040 putarit,
1501 990 1562 1022 ex
1596 974 1793 1023 silentio
1828 975 2116 1036 coniecerit,

430 1071 603 1105 somno
638 1071 694 1103 se
739 1068 909 1102 rursus
958 1054 1181 1114 dedisse,
1232 1060 1282 1102 et
1323 1055 1484 1103 visum
1532 1055 1624 1104 sibi
1669 1070 1782 1103 esse
1835 1055 1886 1104 in
1931 1057 2114 1104 somnis

427 1137 598 1185 videre
646 1134 788 1199 lupos
831 1138 970 1198 terga
1018 1150 1258 1197 equorum
1293 1137 1606 1199 prementes,
1653 1134 1775 1183 iram
1823 1135 2112 1199 spirantium

428 1216 671 1279 iubasque
705 1214 997 1277 erigentium
1017 1252 1031 1276 ‚
1086 1231 1233 1279 quum
1268 1230 1360 1279 per
1393 1215 1487 1262 vim
1525 1214 1851 1278 abigerentur.
1922 1214 2111 1278 Quibus

430 1295 729 1345 somniorum
760 1293 878 1342 visis
907 1309 962 1342 se
986 1294 1271 1354 excitatum,
1307 1294 1542 1359 gemitum
1570 1294 1770 1342 audisse
1794 1295 2111 1345 morientium

429 1380 480 1425 et
512 1389 796 1439 respersum
844 1388 957 1422 esse
993 1373 1151 1422 calido
1187 1374 1373 1423 domini
1406 1379 1614 1438 propter
1647 1390 1702 1422 se
1738 1374 1964 1423 cubantis
1998 1390 2110 1424 san-

425 1456 597 1519 guine,
633 1453 722 1502 sed
759 1453 1044 1517 priusquam
1078 1455 1219 1503 hasta
1252 1470 1449 1503 manum
1485 1458 1727 1513 armaret,
1774 1454 1931 1504 latere
1977 1455 2113 1520 gravi

424 1535 569 1600 plaga
589 1550 623 1600 ‘a
643 1532 846 1582 robusta
871 1549 1014 1582 manu
1041 1549 1295 1598 percusso,
1336 1532 1612 1596 corruisse,
1648 1534 1915 1598 statimque
1938 1534 2112 1584 hostes

425 1629 539 1663 cum
586 1613 726 1676 equis
771 1612 1038 1676 aufugisse.
1117 1612 1260 1660 Hanc
1317 1612 1648 1661 narrationem
1695 1613 1920 1677 sequitur
1961 1630 2110 1663 accu-

426 1694 550 1745 satio
583 1693 941 1754 Troianorum.,
998 1708 1204 1757 quorum
1246 1691 1454 1757 perfidia
1498 1691 1621 1740 illud
1669 1693 1832 1742 scelus
1866 1698 2110 1758 patratum

425 1789 540 1824 esse
597 1772 795 1820 satelles
843 1772 936 1820 sibi
990 1773 1254 1837 persuasit.
1341 1772 1494 1821 Redit
1549 1773 1742 1822 Hector
1785 1773 1959 1837 plenus
2007 1774 2110 1821 irae

426 1857 479 1903 et
511 1852 678 1918 gravia
711 1852 937 1917 vigilibus
973 1852 1214 1917 supplicia
1257 1852 1495 1910 minatur,
1552 1854 1809 1902 socordiae
1855 1868 2109 1912 accusans,

425 1933 558 1997 quod
590 1947 750 1995 neque
783 1932 1023 1980 intrantes
1057 1933 1229 1980 hostes
1262 1931 1451 1996 repulsi
1484 1933 1544 1981 ab
1578 1933 1640 1980 iis
1673 1949 1835 1998 neque
1869 1934 2106 1983 abeuntes

425 2011 772 2076 comprehensi
817 2011 929 2059 sint.
1014 2011 1197 2060 Contra
1253 2012 1456 2071 chorus,
1519 2012 1758 2076 quidquid
1821 2013 1897 2062 sui
1951 2013 2107 2062 officii

423 2091 592 2151 fuerit,
620 2090 882 2156 diligenter
903 2095 955 2139 et
977 2096 1176 2140 strenue
1202 2108 1229 2140 a
1255 2107 1310 2139 se
1334 2091 1567 2140 effectum
1593 2107 1705 2141 esse
1732 2092 1974 2143 ostendit:
1995 2108 2105 2142 nam

424 2177 477 2221 et
490 2170 738 2237 principio
753 2171 819 2220 de
843 2171 1096 2220 nocturnis
1113 2172 1327 2220 hostium
1350 2171 1540 2235 ignibus
1565 2172 1836 2234 nuntiasse,
1870 2176 1923 2222 et
1952 2176 2106 2221 totam

350 2269 352 2272 ·
423 2256 618 2301 noctem
653 2251 703 2299 in
738 2251 949 2300 statione
980 2252 1252 2300 insomnem
1288 2252 1464 2318 egisse.
1534 2251 1770 2301 Ceterum
1804 2268 1859 2301 se
1893 2268 1990 2302 non
2013 2252 2103 2301 de-

423 2335 735 2399 precaturum
771 2346 883 2380 esse
914 2347 1152 2396 poenam,
1199 2331 1242 2379 si
1277 2330 1394 2395 quid
1427 2348 1456 2379 a
1489 2347 1544 2379 se
1578 2331 1752 2395 culpae
1786 2332 2103 2381 commissum

423 2426 537 2460 esse
571 2411 814 2474 cognitum
848 2411 1016 2460 fuerit.
1084 2410 1177 2459 His
1211 2410 1391 2460 auditis
1424 2411 1622 2460 satelles
1645 2411 1820 2469 Rhesi,
1856 2411 1934 2460 sui
1968 2410 2101 2460 deci-

420 2490 587 2555 piendi
637 2504 811 2538 caussa
860 2490 989 2538 hanc
1039 2491 1402 2540 contentionem
1447 2490 1633 2540 institui
1666 2496 1870 2555 putans,
1930 2495 2102 2557 aperte

419 2569 690 2619 Hectorem
724 2569 891 2618 caedis
924 2585 1016 2634 per
1049 2570 1424 2620 aemulationem
1458 2570 1808 2634 avaritiamque
1841 2569 2004 2619 factae
2020 2585 2100 2618 ac—

421 2653 575 2710 cusat,
609 2650 687 2698 his
722 2648 899 2698 ductus
925 2650 1243 2714 argumentiS‚
1280 2649 1428 2716 quod,
1463 2666 1614 2714 quum
1635 2654 1749 2698 ante
1773 2649 1928 2699 Rhesi
1957 2665 2101 2699 exer-

419 2730 588 2791 citum,
625 2729 819 2783 adversi
850 2729 1092 2791 hostibus,
1127 2729 1362 2779 Hectoris
1396 2729 1577 2779 milites
1627 2728 1854 2778 collocati
1888 2730 2014 2790 sint,
2049 2734 2102 2777 et

418 2824 484 2858 ne
514 2810 753 2859 adventus
787 2809 989 2872 quidem
1022 2809 1180 2859 Rhesi
1213 2809 1418 2859 Graecis
1452 2809 1675 2875 cognitus
1709 2807 1888 2869 fuerit,
1922 2807 2098 2857 Troia-

419 2903 511 2938 nos
543 2890 680 2953 prius
715 2877 861 2953 quain
897 2888 1121 2939 Thraces
1155 2906 1186 2938 a
1235 2888 1538 2939 Graecorum
1583 2888 2008 2954 speculatoribuS‚
2054 2887 2097 2936 si

420 2968 505 3032 qui
538 2984 631 3034 per
659 2968 850 3034 vigilias
883 2970 1070 3019 intrare
1099 2968 1415 3036 potuissent,
1466 2967 1783 3018 trucidandos
1817 2967 1973 3017 fuisse
2006 2983 2095 3016 ne-

419 3062 563 3096 cesse
595 3048 678 3096 sit.
743 3046 854 3098 Non
895 3049 1166 3114 persuadet
1208 3049 1257 3098 ei
1302 3048 1493 3100 Hector
1536 3053 1640 3098 tum
1673 3049 1738 3098 ad
1769 3047 2094 3097 innocentiam
2130 3084 2139 3094 .

418 3127 816 3192 probitatemque
849 3145 988 3178 suam
1019 3145 1322 3195 provocem,v
1340 3134 1444 3179 tum
1476 3129 1538 3179 ab
1573 3128 1755 3194 Ulysse
1787 3132 1838 3177 et
1870 3126 2093 3177 Rhesum

418 3207 632 3257 interfici
680 3212 733 3257 et
778 3207 1018 3260 Dolonem
1061 3209 1292 3275 intercipi
1338 3209 1562 3272 potuisse
1594 3208 1871 3268 affirmans3
1929 3210 2093 3255 tamen

415 3301 514 3336 non
547 3287 705 3336 solum
739 3289 983 3352 patienter
1013 3289 1116 3339 fert
1148 3289 1510 3340 criminationes
1553 3288 1767 3339 hominis
1787 3286 1947 3336 'animi
1980 3301 2091 3335 cor-

414 3366 651 3431 porisque
683 3368 939 3420 doloribus
971 3370 1274 3434 exacerbati,
1319 3369 1408 3419 sed
1454 3370 1603 3420 etiam
1634 3367 1911 3419 humaniter
1942 3366 2091 3415 mise-

415 3450 554 3495 ratur
586 3451 637 3496 et
668 3448 869 3499 domum
902 3465 1040 3500 suam
1084 3448 1425 3500 moribundum
1469 3451 1668 3500 abducit
1690 3447 1769 3513 *)‚
1821 3446 1967 3495 simul
2010 3445 2090 3493 in-

473 3573 512 3627 *J
541 3574 884 3629 Valckenarius,
916 3590 1051 3632 quum
1084 3576 1195 3621 vitia
1235 3589 1370 3632 quam
1411 3575 1606 3630 plurima
1636 3577 1869 3630 quaereret
1907 3573 1951 3615 in
1988 3583 2088 3612 car-

553 3645 685 3700 mine,
714 3647 831 3702 quod
857 3648 1056 3704 spurium
1086 3660 1183 3691 esse
1211 3647 1294 3691 sibi
1329 3650 1636 3703 persuaserat,
1677 3646 1802 3698 nulla,
1826 3657 1908 3684 non
1937 3644 2086 3683 contu—
