2176 3874
1109 316 1232 373 532

322 462 520 516 enim‘3”
556 463 742 527 inquit,
786 463 972 524 „matri
1007 463 1162 512 filium
1195 464 1396 512 habenti
1443 469 1496 514 et
1539 465 1719 528 filiam,
1769 466 1811 516 si
1857 465 2012 518 filiam

319 546 494 608 aliquis
530 544 727 608 eripuit,
769 543 1007 605 numquid
1043 544 1205 592 solatii
1238 544 1382 592 affert
1417 546 1605 609 punitio
1639 536 1795 607 alius,
1819 549 1904 611 qui
1937 548 2014 596 in-

319 625 521 674 terfecit
552 624 708 671 filium
723 623 782 672 ‘3²'
852 623 988 671 ldem
1022 623 1188 688 paullo
1226 630 1369 672 ante:
1405 625 1494 684 „Si
1529 626 1789 675 Hecubam
1824 643 1883 676 eo
1918 628 2013 675 mi·-

319 721 483 754 seram
528 703 791 753 ostendere
834 704 989 751 voluit
1026 709 1197 767 poeta,
1235 706 1364 768 quod
1397 706 1609 769 plurima
1641 707 1687 755 ei
1722 708 1846 755 mala
1881 707 2013 756 acci-

319 785 540 844 dissent,
594 800 682 832 cur
740 784 871 831 solos
928 783 1178 832 coniunxit
1230 784 1532 849 Polydorum
1588 793 1639 835 et
1691 787 2012 851 Polyxenam,

320 865 495 929 quibus
531 863 612 911 illa
648 864 925 922 orbaretur,
964 880 1113 927 quum
1149 864 1325 911 eodem
1361 866 1470 914 iure
1505 866 1655 914 etiam
1689 872 1766 916 tot
1793 867 1915 915 alios
1950 867 2013 914 fi-

319 944 413 992 lios
447 948 498 991 et
534 943 811 991 universum
848 943 981 990 urbis
1017 943 1262 991 excidium
1290 946 1555 995 adnectere
1590 947 1851 1011 potuerit‘!
1885 946 2014 995 Nam

320 1024 364 1072 si
398 1023 767 1072 multitudinem
800 1022 1038 1071 malorum
1076 1030 1419 1086 argumentum
1446 1042 1557 1075 esse
1585 1027 1783 1075 fabulae
1803 1026 2014 1088 volebat,

321 1104 483 1153 omnia
534 1103 585 1152 in
637 1109 957 1167 conspectum
1009 1104 1224 1151 debebat
1277 1106 1582 1167 producere,
1645 1107 1758 1170 quia
1807 1122 1869 1155 ex
1912 1106 2011 1155 illis

321 1185 548 1233 omnibus
586 1183 785 1231 demum
822 1182 1085 1230 conficitur
1120 1183 1202 1230 illa
1251 1185 1542 1247 multitudo,
1590 1202 1690 1234 non
1739 1192 1902 1235 autem
1947 1187 2013 1235 de

319 1264 547 1330 plurimis
582 1263 679 1310 duo
715 1270 906 1311 temere
942 1268 1139 1326 arrepta
1169 1262 1367 1324 afferre,
1403 1265 1454 1313 in
1485 1267 1660 1328 quibus
1691 1281 1851 1329 neque
1885 1265 2013 1314 mul-

319 1344 545 1392 titudinis
580 1342 822 1390 malorum
861 1341 958 1389 ulla
993 1342 1155 1407 imago
1191 1349 1270 1391 est
1305 1359 1465 1406 neque
1498 1345 1604 1408 ipsa
1639 1347 1885 1409 quomodo
1934 1345 2011 1394 in-

318 1431 398 1474 ter
434 1439 490 1473 se
539 1423 868 1480 cohaereant,
916 1423 1010 1469 nisi
1048 1424 1179 1485 quod
1216 1423 1301 1471 uni
1336 1423 1530 1472 mulieri
1566 1426 1744 1473 eodem
1778 1432 2008 1489 tempore

318 1505 607 1563 acciderint,
633 1500 982 1567 perspicitur.’'
1018 1503 1094 1551 Ad
1125 1504 1402 1567 posteriora
1430 1504 1570 1568 prius
1600 1505 2011 1569 respondeamus,

321 1585 552 1632 Omnium
583 1584 851 1631 liberorum
884 1582 1139 1632 interitum
1175 1600 1285 1630 cum
1318 1584 1547 1632 universo
1581 1586 1718 1633 urbis
1750 1584 1943 1632 excidio
1966 1584 2011 1632 si

317 1663 587 1730 Euripides
643 1669 1100 1727 repraesentasset,
1156 1679 1211 1712 se
1258 1664 1326 1712 ait
1372 1665 1695 1727 probaturum
1741 1664 1900 1712 fuisse
1937 1664 2014 1713 vir

321 1744 686 1810 sagacissimus.
733 1743 883 1807 Atqui
903 1744 998 1791 hoc
1029 1743 1192 1806 ipsum
1229 1745 1288 1792 ab
1322 1743 1407 1791 illo
1442 1743 1630 1793 factum
1657 1760 1770 1793 esse
1796 1744 2011 1793 affirmo.

321 1824 563 1875 Omnibus
601 1824 762 1878 enim,
817 1839 942 1886 quos
975 1824 1188 1872 habebat
1223 1824 1524 1886 incolumes,
1573 1825 1741 1873 liberis
1779 1839 2013 1888 quorum-

321 1920 418 1969 que
455 1903 585 1951 salus
621 1904 717 1968 ipsi
753 1903 938 1951 auxilio
973 1909 1121 1966 atque
1155 1904 1328 1951 solatio
1365 1917 1477 1953 esse
1511 1910 1709 1968 poterat
1732 1903 1869 1968 (nam
1891 1903 2012 1952 Cas-

319 1984 548 2034 sandram
596 1983 796 2046 quidem
845 1984 1101 2047 abreptam
1139 1989 1191 2031 et
1224 1983 1484 2047 pellicatus
1519 1984 1826 2048 turpitudine
1859 1982 2014 2032 dede-

319 2069 538 2113 coratam
585 2063 684 2110 hoc
725 2068 956 2126 tempore
1004 2062 1097 2109 iam
1147 2061 1334 2124 amisit)
1382 2063 1568 2125 privari
1617 2080 1724 2111 eam
1772 2063 2014 2115 videmus,

317 2144 473 2193 Urbis
509 2149 675 2190 autem
705 2141 951 2189 excidium
988 2146 1037 2187 et
1073 2141 1399 2188 cummaxime
1447 2142 1635 2189 factum
1677 2147 1756 2191 est
1789 2147 1839 2189 et
1873 2143 2013 2190 chori

319 2222 618 2272 carminibus
654 2220 727 2268 sic
763 2218 1090 2278 describitur,
1139 2224 1193 2267 ut
1238 2221 1375 2282 quasi
1409 2236 1572 2269 coram
1609 2221 1899 2286 conspicere
1927 2236 2013 2270 no-

316 2303 398 2353 bis
433 2302 703 2350 videamur.
772 2298 1051 2347 Universae
1084 2299 1237 2361 igitur
1271 2301 1464 2363 patriae
1497 2302 1736 2364 regnique
1758 2301 2014 2350 interitum

322 2387 374 2431 et
392 2381 559 2429 omnia
583 2379 823 2428 Hecubae
858 2378 1003 2438 mala,
1038 2394 1163 2440 quae
1198 2378 1279 2426 illa
1315 2380 1595 2428 calamitate
1620 2379 2014 2444 comprehende-

318 2463 529 2518 bantur,
579 2459 677 2506 hoc
712 2458 937 2506 dramate
958 2493 971 2515 ,
1010 2461 1253 2522 quatenus
1288 2460 1573 2523 tragoediae
1607 2465 1782 2508 natura
1814 2465 2014 2524 patere-

317 2545 424 2601 tur,
469 2537 837 2604 repraesentari
883 2544 1021 2586 recte
1054 2538 1290 2587 iudicavit
1324 2539 1620 2588 Aristoteles
1655 2539 1848 2600 verbis,
1885 2555 2013 2603 quae

322 2636 474 2684 supra
507 2620 783 2685 posuimus.
852 2615 1055 2666 Duobus
1090 2623 1256 2666 autem
1293 2618 1494 2679 liberis,
1541 2621 1623 2684 qui
1659 2620 1803 2667 matri
1836 2619 2014 2667 miser-

320 2701 478 2749 rimae
512 2698 678 2748 relicti
713 2702 856 2758 sunt,
894 2697 1080 2762 duplici
1114 2697 1323 2763 perfidia
1358 2699 1555 2762 Ulyssis
1589 2706 1740 2762 atque
1774 2698 2013 2762 Polyme—

321 2780 473 2829 storis
510 2780 728 2827 orbatur.
798 2776 965 2825 Potuit
1010 2778 1140 2826 enim
1177 2778 1480 2841 captivarum
1526 2778 1778 2841 quaelibet
1811 2777 2012 2840 Achilli,

318 2875 417 2908 non
461 2859 765 2922 Polyxenam
813 2857 1100 2905 nominatim
1151 2857 1453 2921 postulanti,
1500 2858 1716 2918 obferri,
1763 2861 1815 2906 et
1849 2856 2014 2906 oblata

320 2943 483 2998 esset,
517 2937 613 2986 nisi
647 2937 956 2986 Graecorum
990 2937 1058 2997 is,
1095 2953 1245 2999 quem
1279 2937 1480 2985 minime
1513 2937 1709 2998 decuit,
1754 2937 2011 2986 mulierem

318 3021 620 3083 prostratam
657 3016 880 3076 calcare,
918 3032 1064 3079 quam
1098 3017 1308 3081 gratiam
1343 3016 1595 3064 servatrici
1629 3016 1848 3075 referre,
1898 3031 2011 3065 ma-

319 3097 511 3145 luisset.
579 3096 802 3145 Duorum
852 3102 1018 3144 autem
1064 3095 1314 3144 hominum
1361 3095 1569 3160 perfidia
1604 3095 1798 3153 laesae,
1833 3094 1877 3142 ai
1910 3109 2008 3144 non

318 3178 481 3242 possit
528 3176 814 3239 utriusque,
867 3180 1007 3222 certe
1052 3174 1258 3223 alterius
1294 3191 1505 3240 poenam
1539 3174 1712 3222 solatio
1747 3189 1861 3228 esse
1895 3174 2008 3237 quis

317 3256 557 3320 negabit?
656 3255 805 3317 Atqui
860 3254 1134 3317 simplicem
1196 3270 1405 3318 poenam
1439 3268 1530 3319 pro
1585 3253 1772 3317 duplici
1832 3253 2008 3302 iniuria

319 3337 451 3399 exigi
482 3347 626 3400 nego.
694 3333 895 3382 Socium
944 3334 1075 3382 enim
1121 3334 1437 3398 amicumque
1482 3332 1790 3381 Graecorum
1836 3334 2006 3397 inape-

317 3415 563 3464 ctantibus
587 3414 668 3462 his
689 3419 742 3462 et
773 3413 1094 3462 succurrendi
1123 3419 1371 3478 potestate
1397 3411 1653 3461 destitutis
1681 3411 2005 3475 pessumdans

316 3494 528 3546 Hecuba
559 3493 809 3559 duplicem
853 3492 1052 3557 perficit
1097 3492 1337 3544 ultionem
1385 3495 1436 3540 et
1480 3492 1529 3541 in
1576 3492 1824 3557 angustias
1870 3491 2003 3555 Aga-
