2176 3874
969 276 1091 336 425

195 433 243 481 in
277 431 475 496 publico
510 434 767 494 vagaretur
800 442 924 476 neve
953 425 1139 474 vicinas
1173 428 1331 473 terras
1357 428 1674 489 peragraretz
1701 423 1875 471 humili

197 511 327 560 enim
363 511 506 560 alicui
539 509 839 574 ignobilique
882 507 985 555 viro
1031 505 1082 553 in
1128 505 1485 554 matrimonium
1521 503 1875 553 collocaturum

196 607 326 640 esse.
395 590 674 653 Respondit
706 588 948 652 Antigone
998 601 1054 633 se
1087 600 1251 648 neque
1285 585 1482 647 generis
1516 585 1771 634 nobilitate
1804 584 1877 632 vi-

198 687 367 720 rorum
400 686 562 734 neque
597 669 781 717 divitiis
807 666 1019 715 moveri:
1052 666 1101 713 in
1134 665 1317 713 virtute
1340 665 1469 714 euim
1492 665 1597 714 sola
1630 681 1877 728 quaecun-

202 766 299 814 que
333 750 397 798 ad
430 751 557 799 bene
592 750 835 812 beateque
870 744 1128 794 vivendum
1162 745 1442 809 pertineant
1474 746 1638 810 posita
1671 761 1809 795 esse:

327 826 524 892 ἀνδρὸς
556 827 717 892 φίλου
753 824 809 877 δὲ
840 820 1036 892 χρυσὸς
1069 821 1305 889 ἀμαθίας
1337 820 1467 886 μέτα

329 911 604 976 ἄχρηστος,
638 907 684 959 εἰ
717 905 788 974 μὴ
821 904 1048 972 κάρετὴν
1081 903 1214 972 ἔχων
1245 903 1410 971 τύχοι.

196 991 315 1041 Abit
332 992 595 1057 Antigone,
620 990 1037 1055 opportunitatem
1063 987 1335 1053 sepeliendi
1358 985 1525 1035 fratris
1550 987 1876 1052 speculatura.

197 1070 376 1134 Creon,
410 1088 475 1120 ne
509 1070 675 1136 proles
710 1085 772 1118 ex
806 1086 865 1118 ea
897 1073 1126 1117 nascatur
1160 1085 1234 1128 ea,
1272 1083 1396 1132 quae
1428 1083 1635 1129 regnum
1657 1068 1894 1132 aliquan-V

197 1152 262 1200 do
298 1153 405 1201 iure
433 1138 534 1216 sib}
566 1151 816 1198 vindicare
850 1149 1042 1215 possit,
1090 1165 1233 1212 quam
1281 1149 1493 1214 primum
1529 1163 1636 1196 eam
1672 1149 1879 1214 pauperi

196 1231 342 1281 alicui
375 1230 678 1298 ignobilique
726 1231 830 1278 viro
866 1218 1269 1293 despondendam
1303 1245 1417 1277 esse
1450 1234 1636 1280 censet.
1703 1228 1879 1293 Neque

195 1313 357 1360 minus
391 1312 546 1360 filium
581 1327 754 1371 suum,
799 1327 947 1374 quem
980 1309 1273 1375 Spartorum
1307 1309 1502 1375 generis
1539 1309 1695 1358 solum
1729 1309 1880 1358 habet

194 1391 544 1457 superstitem,
597 1392 765 1441 statim
810 1391 934 1439 alius
976 1390 1193 1440 mulieris
1229 1389 1471 1439 connubio
1506 1390 1878 1439 devinciendum

197 1487 311 1522 esse
344 1472 605 1538 inteiligit:

326 1549 525 1616 ἀνδρὸς
560 1551 607 1601 δ’
644 1550 879 1617 ὁρῶντος
913 1549 985 1612 εἰς
1019 1549 1235 1615 Κύπριν
1268 1549 1486 1602 νεανίου

329 1631 635 1695 ἀφύλακτος
666 1632 702 1700 ἦ
734 1633 973 1700 τήρησις·
1006 1631 1075 1699 ἢν
1108 1631 1210 1698 γὰρ
1247 1635 1455 1697 φαῦλος
1487 1627 1524 1698 ᾗ

327 1705 487 1776 τᾶλλ’,
526 1713 598 1774 εἰς
630 1711 801 1778 ἔρωτα
834 1718 938 1774 πᾶς
970 1711 1107 1780 ἀνὴρ
1143 1714 1472 1780 σοφώτερος·

326 1791 396 1860 ἢν
429 1793 478 1846 δ’
513 1790 583 1846 αὖ
617 1796 912 1861 προςάντης
948 1795 1158 1861 Κύπρις
1192 1794 1262 1858 *).,
1297 1793 1517 1862 ἥδιστον
1549 1792 1745 1860 λαβεῖν.

325 1954 560 2022 ζευχθεὶς
591 1956 842 2022 γάμοισιν
876 1956 1044 2009 οὐκέτ’
1081 1955 1182 2009 ἔστ’
1218 1956 1526 2024 ἐλεύθερος·

329 2034 443 2087 ἄλλ’
479 2037 540 2089 ἓν
570 2037 624 2104 γ’
658 2036 758 2104 ἔχει
790 2056 839 2089 τι
871 2039 1129 2105 χρηστόν·
1164 2036 1222 2089 ἐν
1255 2039 1405 2106 κήδει
1435 2037 1538 2106 γὰρ
1574 2037 1650 2091 ὢν

329 2115 531 2186 ἐσθλῷ,
566 2117 770 2171 δέδοικε
803 2118 969 2187 μηδὲν
1002 2116 1393 2185 ἐξαμαρτάνειν.

194 2202 289 2254 His
322 2201 573 2267 praemitti
606 2207 874 2267 potueruut
905 2203 1046 2265 haee,
1082 2219 1208 2266 quae
1249 2203 1502 2252 declarant
1536 2202 1879 2252 adolescentes

193 2285 255 2334 ab
274 2282 671 2333 adolescentibus
689 2283 941 2348 corrumpi
958 2289 1009 2332 et
1029 2283 1079 2332 in
1102 2283 1468 2333 committendis
1484 2283 1680 2347 flagitiis
1705 2286 1878 2333 mutuo

195 2362 442 2418 adiuvari=

326 2439 442 2493 νέοι
474 2438 641 2492 νέοισι
674 2445 1003 2492 συννοσοῢσι
1035 2441 1266 2509 τάφανῆ.

194 2524 417 2573 Uxorem
465 2523 609 2588 igitur
653 2523 768 2571 duci
813 2540 842 2571 a
874 2523 979 2571 filio
1014 2525 1305 2589 nuptiasque
1338 2527 1444 2576 vult
1477 2527 1668 2593 parari,
1714 2532 1773 2576 ut
1816 2528 1877 2576 ab

195 2604 470 2670 Antigonae
504 2618 672 2652 amore
706 2603 993 2653 adolescens
1038 2604 1354 2654 abstrahatur
1386 2605 1487 2671 **).
1554 2607 1666 2655 Hoc
1716 2607 1878 2656 consi-

193 2684 312 2733 lium
349 2684 513 2734 Creon
546 2684 792 2733 Haemoni
836 2684 1066 2733 continuo
1104 2686 1283 2749 aperit.
1348 2687 1475 2736 Filio
1511 2686 1880 2736 contradicendi

193 2765 243 2814 in
276 2763 362 2815 tali
397 2780 564 2814 rerum
601 2764 884 2812 conditione
900 2764 986 2812 'vix
1019 2764 1118 2812 ulla
1152 2771 1371 2830 potestas
1407 2774 1530 2819 erat.
1598 2767 1690 2816 His
1717 2772 1878 2815 trans-

194 2845 319 2894 actis
354 2845 517 2895 Creon
552 2845 614 2894 ad
629 2843 895 2909 parandam
920 2844 1202 2908 nuptiarum
1238 2847 1575 2897 celebritatem
1600 2848 1650 2895 in
1678 2847 1878 2896 domum

193 2924 358 2974 redire
390 2926 578 2990 potuit,
625 2940 720 2974 non
768 2924 1020 2986 divinans,
1069 2924 1119 2974 in
1153 2933 1332 2990 quanta
1375 2929 1506 2977 mala
1551 2942 1614 2977 ex
1656 2929 1751 2976 hac
1786 2941 1876 2991 spe

261 3123 311 3179 *)
341 3124 485 3182 Vulgo
512 3128 745 3184 προσῆται
775 3123 979 3185 Κύπρις,
1010 3128 1128 3182 quod
1157 3128 1262 3184 quid
1292 3134 1434 3183 esset,
1464 3145 1595 3174 nemo
1624 3130 1877 3186 probabili-

334 3199 404 3237 ter
434 3196 659 3251 explicare
688 3199 845 3254 potuit.

230 3265 306 3319 *ἢ
336 3265 462 3318 Vide,
490 3281 546 3310 ne
575 3270 692 3311 haec
723 3283 895 3324 quoque
914 3269 1069 3322 verba,
1100 3283 1215 3325 quae
1246 3275 1470 3326 ponuntur
1504 3272 1547 3316 in
1574 3272 1756 3316 incertis
1782 3271 1877 3315 fra-

339 3337 547 3392 gmentis,
575 3339 681 3382 hinc
710 3341 944 3396 depromta
974 3340 1083 3382 sint:

444 3408 734 3468 οἰκοφθόρον
762 3407 849 3467 γὰρ
882 3406 1032 3467 ἄνδρα
1059 3407 1226 3454 κωλύει
1254 3413 1370 3469 γυνὴ

442 3475 581 3536 ἐσθλὴ
611 3481 982 3538 παραζευχθεῖσα
1011 3481 1088 3525 καὶ
1119 3478 1250 3535 σώζει
1278 3482 1468 3539 δόμους.
