2144 3854
912 284 1033 344 225

123 439 342 489 omnium
374 438 615 487 bonorum
645 433 988 485 suavissimum
1013 448 1143 493 esse,
1181 431 1231 481 id
1259 433 1393 496 quod
1419 431 1621 483 Admeti
1650 432 1809 498 ipsius

124 518 288 578 facto,
334 534 445 567 cum
490 531 694 566 uxorem
745 529 836 579 pro
872 529 927 562 se
960 513 1086 562 mori
1120 527 1295 578 passus
1331 513 1425 574 sit,
1477 514 1808 565 confirmetur.

122 599 275 662 Quasi
307 598 573 647 honestum
608 596 675 645 sit
722 598 1039 658 exspectare,
1094 593 1253 641 donec
1302 594 1363 642 ad
1411 594 1636 644 officium
1671 595 1810 660 leges

125 682 330 742 cogant,
377 682 430 725 et
475 675 614 740 quasi
660 674 759 723 vita
794 690 884 738 per
919 689 1002 734 se,
1049 673 1285 722 destituta
1321 673 1502 722 decore
1538 680 1686 738 atque
1718 675 1812 725 ho-

123 773 262 817 nore,
299 748 541 820 cuiquam,
575 755 669 804 nisi
698 753 836 802 foedi
869 753 1146 816 abiectique
1179 752 1328 800 animi
1355 753 1563 815 homini,
1599 754 1812 805 iucunda
1876 750 1889 761 ‘

123 838 212 888 sit!
283 836 423 885 Haec
456 840 606 899 atque
637 834 730 882 alia
765 834 1028 883 obiiciente
1062 833 1291 895 AdmetO,
1328 832 1391 881 ad
1426 839 1614 882 tantam
1647 835 1811 900 turpi-

122 918 342 967 tudinem
379 916 620 966 delabitur
653 915 875 974 Pheres,
909 919 965 963 ut
997 914 1308 978 ignominiam
1345 929 1401 961 se
1437 929 1613 962 curare
1645 920 1811 980 neget,

121 997 409 1058 dummodo,
444 996 605 1059 quoad
638 995 740 1044 fata
770 995 946 1054 sinant,
983 994 1134 1042 vitam
1162 995 1437 1059 producere
1466 994 1627 1043 liceat.
1695 994 1812 1044 Me-

122 1078 231 1126 ritis
280 1076 511 1126 laudibus,
550 1075 679 1124 hanc
725 1075 959 1123 dramatis
1005 1080 1198 1139 partem
1233 1074 1412 1123 extulit
1444 1073 1814 1125 Wakefieldus:

121 1157 291 1220 „Nihil
325 1155 612 1215 recondunt,
646 1171 758 1204 meo
794 1155 969 1206 saltem
996 1155 1195 1215 iudicio,
1232 1155 1455 1203 thesauri
1479 1161 1702 1205 veterum
1727 1158 1812 1206 've-

119 1242 386 1299 nustatum,
421 1236 554 1299 quod
588 1236 638 1285 in
672 1236 812 1284 tenui
845 1236 1050 1302 materia
1084 1234 1323 1301 praeponi
1358 1235 1539 1284 debeat
1574 1238 1812 1286 sermoci-

120 1317 322 1376 nationi,
357 1331 484 1380 quae
518 1315 742 1379 sequitur
773 1317 905 1365 inter
938 1316 1206 1365 Pheretem
1241 1320 1293 1364 et
1328 1316 1594 1365 Admetum
1635 1317 1812 1367 filium.

120 1396 466 1463 simplicitatis
528 1412 688 1462 paene
751 1397 867 1462 plus
921 1413 1066 1461 quam
1124 1396 1430 1461 Euripideae
1480 1396 1567 1445 filo
1615 1393 1812 1448 ducitur

121 1478 282 1527 oratio
318 1477 679 1544 sententiarum
715 1476 1030 1542 prudentium
1067 1476 1286 1536 referta,
1323 1479 1375 1524 et
1409 1477 1811 1534 mordacissimo-

121 1574 231 1607 rum
268 1557 462 1618 salium,
499 1573 648 1606 sensu
682 1562 850 1606 tamen
884 1572 1159 1622 praegnans
1195 1556 1474 1616 illaborato‚
1508 1558 1557 1606 in
1582 1558 1812 1608 omnibus

121 1638 337 1701 denique
370 1653 610 1702 perquam
644 1637 965 1698 admirabiliS,
1003 1643 1053 1686 et
1087 1652 1182 1701 quo
1218 1637 1296 1685 vix
1327 1636 1814 1702 perfectiusaliquid

122 1718 183 1767 ab
228 1717 433 1766 humaui
476 1718 657 1780 ingenii
703 1719 954 1769 conatibus
1004 1717 1196 1782 sperari
1243 1716 1423 1781 queat''
1452 1716 1518 1780 *).
1599 1718 1693 1767 His
1742 1719 1814 1768 sic

121 1797 385 1846 transactis
432 1802 482 1846 et
530 1797 745 1846 Pherete
772 1799 936 1847 domo
974 1802 1123 1861 atque
1159 1796 1814 1848 officiorumcommunione

122 1877 283 1941 pulso,
321 1891 499 1941 corpus
534 1878 596 1924 ad
632 1892 804 1941 rogum
843 1878 1066 1937 effertur,
1106 1877 1260 1925 choro
1296 1877 1520 1925 ultimum
1546 1877 1813 1927 defunctae

119 1955 424 2004 valedicente
456 1961 604 2019 atque
640 1960 898 2020 exsequias
934 1958 1126 2006 funeris
1162 1961 1524 2021 prosequente,
1571 1964 1629 2007 ut
1661 1974 1813 2008 vacua

122 2035 210 2084 fiat
245 2051 408 2084 scena.
1103 2087 1106 2089 ¹

250 2114 481 2176 Interim,
534 2115 652 2163 dum
686 2115 906 2179 ploratus
940 2121 990 2164 et
1024 2117 1250 2181 planctus
1276 2122 1336 2171 ,εἰ
1370 2117 1577 2181 lugubre
1613 2133 1813 2168 carmen

120 2197 170 2245 in
206 2210 359 2248 scena,
388 2194 729 2258 audiebantur,
766 2195 1014 2245 Hercules
1049 2197 1177 2246 intus
1213 2197 1433 2246 citharae
1468 2213 1589 2246 sono
1624 2202 1676 2247 et
1709 2198 1813 2247 lae-

122 2274 327 2324 tissimis
354 2275 678 2336 icarminibuS‚
714 2277 829 2325 vino
866 2276 1126 2340 epulisque
1159 2283 1432 2338 recreatuS,
1470 2278 1686 2327 animum
1724 2293 1813 2327 ex-

121 2354 382 2404 hilarabat.
450 2355 506 2403 In
542 2355 750 2405 adversa
785 2357 917 2405 enim
953 2357 1146 2406 aedium
1183 2362 1322 2420 parte
1357 2357 1624 2422 hospitalia
1658 2357 1812 2408 collo-

124 2439 235 2484 cata
269 2439 439 2495 erant,
491 2440 542 2484 et
595 2436 756 2484 claudi
800 2437 1012 2485 iusserat
1057 2437 1299 2486 Admetus
1346 2437 1539 2486 ianuam
1561 2437 1813 2500 'faucium,

123 2514 304 2578 quibus
339 2514 448 2563 aula
483 2514 745 2580 hospitalis
782 2531 893 2565 cum
923 2503 1031 2564 aula
1065 2516 1281 2565 familiae
1311 2522 1362 2566 et
1385 2522 1489 2566 tota
1510 2517 1594 2565 illa
1615 2518 1812 2567 aedium

123 2609 237 2658 pars
274 2610 386 2642 cum
419 2594 610 2658 reliqua
644 2596 791 2644 domo
827 2596 1238 2658 coniungebatur3
1274 2597 1408 2645 idem
1443 2596 1669 2655 famulis,
1706 2597 1813 2660 qui-

122 2674 215 2723 bus
251 2690 420 2723 curam
452 2674 667 2739 hospitis
705 2674 1036 2735 mandaverat,
1071 2682 1426 2740 praeceperat,
1462 2685 1518 2725 ut
1552 2676 1813 2740 diligenter

126 2759 371 2816 caverent,
404 2770 468 2803 ne
501 2755 667 2806 fiendo
701 2755 1015 2822 lugendoque
1047 2755 1348 2804 hilaritatem
1382 2756 1490 2804 eius
1523 2755 1811 2819 interpella-

126 2837 252 2884 rent.
319 2834 632 2897 Accedebat,
678 2842 732 2885 ut
781 2835 1026 2885 Hercules
1074 2835 1184 2900 ipse
1229 2851 1318 2884 suo
1353 2841 1499 2884 cantu
1530 2835 1811 2899 planctibus

124 2914 453 2980 obstreperet.
521 2915 665 2966 Hanc
698 2917 788 2966 viri
820 2915 1243 2981 importunitatem
1277 2931 1424 2979 aegre
1449 2915 1619 2964 ferens
1648 2914 1810 2962 famu-

123 2993 202 3043 lus
237 2994 463 3057 quidam,
513 2996 691 3062 vixque
739 2996 956 3046 lacrimis
1006 3000 1286 3059 temperans
1333 2996 1384 3044 in
1427 2986 1812 3062 benignissimae

124 3072 348 3123 dominae
380 3074 586 3136 funere,
632 3078 827 3143 prodit,
878 3091 975 3140 quo
1007 3076 1208 3124 liberius
1245 3075 1430 3137 dolori,
1467 3092 1610 3141 quem
1647 3075 1812 3124 celare

181 3272 234 3327 ³⁵)
260 3273 342 3316 vix
370 3274 526 3316 credas
554 3271 657 3314 fieri
684 3271 901 3327 potuisse,
932 3274 981 3313 ut
1009 3269 1154 3325 risum*
1178 3283 1363 3313 movere
1395 3268 1588 3312 voluisse
1631 3267 1811 3323 Euripi-

266 3343 369 3406 dem
405 3345 525 3387 hanc
566 3342 707 3398 patris
749 3342 920 3398 filiique
959 3340 1282 3383 contentionem
1335 3353 1469 3395 super
1514 3338 1810 3395 probissimae

266 3413 465 3456 mulieris
492 3414 650 3456 funere
678 3413 925 3456 institutam
968 3412 1252 3468 proponendo
1284 3410 1520 3466 quisquam
1564 3408 1811 3453 arbitrare-

268 3485 363 3533 tur;
395 3485 474 3528 sed
503 3484 562 3528 cf.
594 3483 764 3528 Glumii
793 3487 1030 3528 comment.
1061 3498 1106 3538 p.
1136 3480 1194 3527 55
1221 3494 1312 3536 seq.

1421 3552 1482 3599 15
