2144 3854
1194 272 1276 328 6⁰

390 438 514 473 anno
555 423 668 480 455,
702 417 950 479 PeliadaS,
1004 434 1147 468 suum
1180 419 1277 468 iam
1313 435 1490 468 nomen
1525 420 1780 486 profitenS,
1810 408 2079 490 impetrato

389 505 566 564 choro,
613 499 784 549 docuit
815 498 1106 563 EuripideS,
1155 516 1283 564 quae
1315 500 1484 548 fabula
1513 501 1564 549 in
1599 508 1775 552 conatu
1807 506 2077 556 restituen-

387 582 482 630 dae
516 580 622 629 seni
654 579 923 628 iuventutis
969 579 1078 628 fere
1125 585 1231 629 tota
1266 581 1569 633 versabatur.
1638 581 1712 631 De
1745 589 1912 634 mente
1946 586 2076 636 enim

384 665 563 724 poetae
596 675 693 708 non
727 658 996 717 dubitabis,
1035 659 1078 707 si
1112 659 1248 722 Iolai,
1283 661 1366 724 qui
1402 661 1548 710 estin
1572 662 1870 726 Heraclidis,
1906 681 2075 715 exem-

380 739 519 804 plum
556 745 702 803 atque
735 739 1106 788 similitudinem
1139 741 1345 790 rationis
1381 742 1632 806 respicies·

513 820 706 870 Eodem
741 835 899 882 anno,
936 835 1031 884 quo
1065 821 1277 885 primum
1311 823 1359 871 in
1396 829 1646 872 certamen
1679 823 1944 889 Euripides
1976 840 2076 874 non

381 899 541 949 celato
563 901 762 950 nomine
806 900 1081 958 descendit,
1116 901 1422 966 Aeschylum
1453 920 1482 951 e
1507 903 1610 951 vita
1644 905 1923 954 decessisse
1957 921 2073 970 pro-

379 980 537 1030 ditum
574 986 652 1030 est
683 980 970 1029 memoriae.
1041 980 1373 1043 Quamobrem
1417 982 1701 1033 haereditas
1753 985 1894 1049 quasi
1940 983 2072 1050 θρό-

377 1077 481 1111 νου
514 1059 852 1129 τραγῳδικοῦ
887 1059 1092 1109 deorum
1126 1062 1342 1127 ipsorum
1377 1064 1627 1113 voluntate
1671 1081 1698 1113 a
1745 1081 1865 1115 tene
1899 1067 1961 1115 ad
1996 1067 2071 1115 iu-

375 1158 549 1192 venem
584 1141 845 1190 transferri
877 1141 1163 1201 videbatur,
1200 1158 1363 1207 neque
1397 1143 1596 1203 dubito,
1634 1145 1750 1209 quin
1785 1161 1924 1195 suam
1947 1162 2069 1208 quo-

374 1238 472 1286 que
506 1237 731 1270 caussam
765 1219 1032 1286 Euripides
1067 1224 1344 1288 respexerit
1389 1224 1523 1272 senis
1574 1223 1818 1290 decrepiti
1848 1226 1898 1274 in
1930 1227 2070 1275 iuve-

371 1318 486 1352 nem
530 1301 754 1350 mutandi
799 1306 1031 1350 conatum
1078 1305 1509 1367 repraesentando.
1594 1305 1799 1354 Licebat
1843 1305 1976 1355 enim
2022 1307 2069 1355 ei

372 1382 670 1448 significare,
707 1398 763 1431 se
796 1381 857 1430 ad
893 1382 1259 1432 successionem
1292 1385 1419 1434 illius
1454 1385 1597 1451 regni
1617 1385 1918 1436 destinatum
1950 1401 2066 1435 esse

371 1463 469 1512 sibi
503 1463 690 1523 videri3
743 1477 907 1526 neque
949 1462 1090 1511 illum
1136 1465 1196 1514 ab
1233 1465 1478 1514 eiusmodi
1512 1466 1812 1529 ingenuitate
1847 1466 2064 1515 alienum

369 1543 527 1591 fuisse
574 1541 874 1590 Plutarchus
921 1543 1164 1603 ostendit,
1214 1561 1311 1608 quo
1356 1544 1465 1593 loco
1512 1545 1576 1594 de
1633 1547 1887 1610 parabasi,
1938 1562 2066 1611 quae

366 1621 563 1671 Danaes
595 1621 794 1671 fabulae
826 1622 1012 1670 inserta
1045 1621 1170 1683 fuit,
1219 1625 1436 1689 exponit.
1504 1624 1647 1674 Hanc
1693 1630 1860 1675 autem
1902 1627 2065 1690 ipsam

366 1702 586 1752 fabulam
630 1706 781 1765 atque
828 1701 1087 1766 parabasin
1133 1703 1323 1768 primae
1358 1704 1660 1754 didascaliae
1694 1706 2064 1756 attribuendam

366 1799 483 1832 esse
531 1798 728 1831 censeo.
816 1781 1041 1830 Primum
1088 1784 1218 1832 enim
1265 1789 1516 1835 certamen
1562 1786 1792 1834 ineuntes
1835 1786 2064 1851 parabasi

364 1868 538 1928 poetas
573 1863 647 1911 uti
681 1862 853 1910 solitos
888 1879 1018 1923 esse,
1054 1869 1107 1911 ut
1141 1879 1196 1912 se
1222 1863 1522 1927 Musamque
1547 1880 1684 1913 suam
1714 1866 1901 1931 populo
1925 1882 2061 1915 com—

363 1944 688 2002 mendarent,
740 1948 791 1990 et
833 1959 927 2008 per
962 1958 1017 1990 se
1053 1949 1437 1993 consentaneum
1473 1949 1579 2004 est,
1625 1951 1678 1994 et
1711 1946 2059 2011 Aristophanis

363 2023 592 2088 exemplo
627 2022 853 2081 docetur,
889 2028 942 2071 et
976 2023 1224 2071 communi
1254 2030 1517 2089 poetarum
1552 2040 1693 2074 more
1725 2025 2060 2076 confirmatur.

360 2106 437 2157 Ac
470 2104 688 2164 fuerunt,
742 2104 826 2168 qui
877 2102 939 2151 ad
987 2103 1317 2153 cavillationes
1341 2112 1599 2168 poetarum
1644 2106 1947 2155 comicorum
1983 2106 2058 2156 di-

359 2185 567 2236 luendas
601 2184 686 2234 illa
720 2184 946 2249 parabasi
977 2199 1122 2233 usum
1156 2200 1270 2233 esse
1313 2185 1637 2250 Euripidem,
1683 2186 1897 2235 florente
1939 2188 2056 2236 Ari-

360 2266 633 2332 stophane,
680 2269 924 2330 putarent.
995 2264 1089 2312 Cui
1135 2266 1410 2314 sententiae
1458 2282 1521 2314 ne
1567 2267 1901 2328 subscribam,
1936 2267 2053 2316 Plu-

358 2347 517 2396 tarchi
559 2351 730 2394 monet
776 2345 1138 2403 testimonium,
1198 2346 1281 2410 qui
1335 2345 1528 2394 videtur
1576 2361 1673 2394 non
1721 2353 1826 2396 tam
1871 2349 2052 2397 acerbe

356 2426 614 2492 Euripidis
649 2426 1004 2490 ingenuitatem
1038 2425 1434 2490 reprehensurus
1467 2425 1655 2488 fuisse,
1704 2428 1747 2475 si
1790 2432 2052 2478 contume-

355 2507 432 2556 liis
479 2523 593 2555 eum
635 2506 921 2555 lacessitum
966 2505 1028 2554 ad
1075 2505 1414 2555 defendendos
1462 2505 1637 2554 hostes
1685 2523 1821 2557 arma
1855 2509 2052 2573 cepisse

353 2587 674 2652 intelligeret.
743 2586 981 2636 Ceterum
1014 2602 1110 2636 non
1145 2587 1370 2650 potuisse
1412 2587 1675 2652 parabasin
1708 2587 1791 2636 alii
1841 2589 2051 2637 dramati

353 2668 535 2728 inseri,
569 2667 665 2715 nisi
698 2666 762 2728 ei,
812 2668 943 2731 quod
978 2671 1287 2732 postremmn
1321 2670 1456 2716 esset
1491 2667 1816 2730 didascaliae,
1871 2673 2049 2732 sponte

352 2748 658 2814 intelligitur.
736 2747 885 2795 Unde
930 2746 1134 2811 satyrici
1179 2746 1410 2795 dramatis
1461 2746 1626 2795 locum
1670 2748 1786 2796 huic
1834 2746 2047 2809 fabulae,

351 2829 484 2879 sicut
516 2827 801 2888 Alcestidis,
836 2828 1138 2891 assignatum
1171 2826 1332 2876 fuisse
1365 2832 1600 2892 apparet3
1635 2842 1798 2890 neque
1820 2831 2046 2876 naturam

352 2908 460 2958 eius
515 2908 577 2956 ab
625 2923 683 2956 ea
717 2908 999 2957 conditione
1043 2906 1359 2958 abhorruisse
1403 2907 1593 2971 patebit
1634 2906 2045 2972 cognoscentibus

349 2991 712 3053 argumentum,
748 2987 881 3053 quod
916 3004 979 3038 ex
1011 2988 1335 3053 reliquiarum
1368 2986 1564 3036 indiciis
1587 2987 1850 3037 restituere
1879 2986 2042 3036 conati

347 3084 538 3119 sumuS.

482 3149 688 3198 Praeter
720 3150 830 3211 has,
865 3165 988 3214 quas
1023 3149 1141 3212 dixi,
1174 3149 1368 3200 fabulas
1400 3149 1590 3214 primae
1623 3147 1922 3198 didascaliae
1957 3161 2038 3195 as-

348 3230 546 3297 signare
578 3229 716 3279 lubet
750 3230 1131 3293 Stheneboeam,
1167 3247 1313 3295 quam
1334 3233 1386 3278 et
1414 3229 1631 3295 priorem
1656 3227 2038 3293 Bellerophonte

348 3316 400 3360 et
431 3310 882 3374 antiquissimarum
902 3309 1182 3360 fabularum
1205 3325 1409 3360 numero
1448 3309 1608 3359 fuisse
1644 3308 1869 3358 coniicio.
1904 3306 2035 3356 Tum

346 3392 482 3455 quod
528 3390 772 3441 Corinthii
815 3389 948 3455 regis
991 3391 1320 3441 inconstantia
1363 3394 1510 3454 atque
1555 3388 1765 3455 perfidia
1798 3402 2033 3452 arguere-

347 3475 457 3535 tur,
490 3471 589 3525 iuis
622 3470 929 3538 reipublicae
962 3472 1268 3537 temporibus
1299 3471 1669 3521 accommodata
1701 3468 1862 3518 fuisse
1895 3468 2033 3517 vide·-
