2176 3874
967 298 1092 358 485

174 450 461 516 decrepitae
495 447 687 512 signum
736 445 1195 497 manifestissimum
1244 451 1324 496 est
1369 447 1597 498 laborare
1640 449 1873 514 aliquem,

174 531 219 580 si
266 546 357 595 per
407 529 560 578 ardua
605 528 714 577 loca
763 532 815 576 et
859 526 1151 592 confragosa
1199 528 1428 578 enitatur.
1494 528 1562 578 Et
1610 529 1707 578 iam
1742 531 1871 580 Ere·

174 610 412 660 chtheum
447 609 508 657 ab
546 624 606 657 eo
641 610 905 657 educatum
940 622 1053 655 esse
1088 607 1231 656 finxit
1265 607 1411 669 ideo,
1457 623 1521 656 ne
1575 609 1873 660 miraremur

171 691 305 741 hunc
339 704 566 749 servum,
615 689 755 754 quasi
789 692 1161 736 monumentum
1184 674 1189 681 ⁸
1210 687 1426 736 familiae
1460 688 1872 752 antiquissimum,

173 770 258 834 qui
289 770 447 835 patris
483 785 540 818 ac
589 769 756 833 proavi
806 782 1067 832 personam
1119 768 1215 815 sibi
1254 784 1402 831 agere
1444 768 1555 832 ipse
1598 769 1870 834 videretur,

171 850 416 899 acerrima
463 849 714 898 iracundia
758 846 1082 907 inflammari,
1132 847 1429 911 simulatque
1474 848 1537 898 de
1572 851 1871 901 contumelia

173 929 405 979 dominae
443 931 503 979 ab
540 930 739 979 advenis
773 928 908 976 illata
942 928 1273 991 cognovisset.

316 1010 571 1060 Reversae
602 1011 750 1075 igitur
785 1007 1004 1056 Creusae
1040 1023 1113 1070 ea,
1149 1023 1274 1080 qi*
1308 1012 1418 1057 acta
1446 1013 1576 1069 sunt,
1614 1026 1643 1057 a
1666 1009 1869 1061 famulis

173 1111 234 1145 ea
261 1093 454 1143 ratione
487 1090 789 1149 indicantur,
842 1104 968 1152 quae
1003 1087 1065 1136 ad
1101 1088 1418 1138 excitandum
1455 1087 1676 1138 dolorem
1712 1090 1868 1154 aptis-

172 1176 297 1225 sima
331 1177 482 1223 esset.
549 1169 827 1234 Impatienti
862 1168 1048 1216 doloris
1095 1169 1234 1218 faces
1277 1170 1483 1233 insuper
1517 1186 1544 1218 a
1578 1171 1869 1235 paedagogo

171 1255 511 1311 admoventur,
549 1251 632 1314 qui
666 1250 792 1298 nihil
825 1249 1004 1297 horum
1038 1254 1231 1299 temere
1280 1249 1360 1298 vel
1382 1249 1589 1300 fortuito
1608 1250 1868 1312 accidisse,

171 1335 262 1385 sed
296 1333 460 1383 omnia
495 1336 660 1379 astute
695 1330 755 1379 ab
792 1330 1022 1391 adveniS.‚
1068 1334 1126 1378 ut
1171 1330 1300 1378 bona
1346 1330 1504 1379 aliena
1547 1334 1867 1396 occuparent,

172 1420 363 1465 structa
398 1412 533 1461 etin
579 1411 858 1476 perniciem
908 1411 1068 1475 gentis
1101 1410 1377 1460 Erechthei
1426 1412 1706 1476 composita
1754 1427 1870 1460 esse

167 1495 453 1561 persuadet.
521 1492 705 1540 Filium
738 1490 924 1539 furtivo
972 1492 1236 1540 concubitu
1284 1507 1347 1540 ex
1391 1507 1530 1540 serva
1576 1496 1868 1556 susceptum

171 1581 225 1625 et
269 1575 394 1622 clam
444 1573 707 1621 educatum
756 1587 904 1633 esse3
956 1588 1070 1620 eum
1118 1572 1214 1620 iam
1266 1572 1488 1621 adultum
1533 1589 1563 1621 a
1611 1572 1708 1620 deo
1757 1572 1868 1636 ipso

168 1655 408 1704 traditum
442 1653 579 1718 fingi,
614 1654 820 1716 eiusque
853 1651 929 1700 rei
964 1667 1137 1700 caussa
1169 1652 1298 1700 falso
1332 1657 1592 1718 praetextu
1627 1653 1869 1702 Creusam

171 1735 235 1783 ad
265 1734 520 1783 oraculum
557 1733 758 1780 ductam
793 1747 923 1791 esse,
960 1748 1056 1795 quo
1085 1733 1393 1782 commodius
1421 1734 1484 1782 ad
1513 1750 1687 1781 servae
1707 1732 1868 1780 filium

171 1831 388 1880 regnum
414 1812 770 1871 transferatur3
820 1811 1028 1859 insidias
1065 1812 1216 1872 strui,
1265 1813 1349 1860 ubi
1382 1813 1689 1876 ingenuitate
1722 1816 1868 1861 uten-

172 1895 292 1944 dum
328 1894 500 1942 fuerit.
583 1892 714 1954 Quin
758 1891 909 1939 etiam
959 1890 1170 1939 salutem
1220 1891 1439 1942 Creusae
1500 1893 1549 1942 in
1597 1892 1867 1941 discrimen

171 1975 379 2024 adduci:
430 1973 625 2021 duobus
662 1973 793 2020 enim
841 1971 1072 2020 hostibus
1121 1972 1211 2019 sub
1245 1988 1345 2021 uno
1379 1976 1516 2022 tecto
1551 1973 1867 2036 degentibus,

169 2055 468 2104 alterutrum
503 2054 670 2117 perire
703 2067 914 2100 necesse
950 2068 1076 2102 esse.
1146 2051 1283 2117 Ergo
1326 2054 1717 2117 praevertendos
1753 2068 1868 2101 esse

169 2136 364 2195 hostes,
399 2149 564 2199 neque
599 2148 670 2192 se,
707 2133 825 2180 dum
861 2137 1059 2195 gratum
1095 2148 1151 2180 se
1184 2138 1409 2197 praestet
1443 2133 1676 2194 dominis,
1711 2133 1867 2182 ullum

165 2214 447 2281 periculum
480 2218 843 2263 recusaturum.
911 2211 1038 2261 Item
1072 2211 1292 2262 famulae
1337 2228 1394 2262 se
1439 2212 1502 2261 ad
1545 2212 1738 2277 quidvis
1772 2227 1866 2277 pro

167 2295 370 2343 domina
417 2293 705 2359 patiendum
762 2297 961 2356 paratas
1015 2309 1129 2342 esse
1189 2293 1476 2342 ostendunt.
1555 2292 1690 2343 Tum
1747 2308 1868 2342 vero

172 2374 394 2431 Creusa,
440 2389 588 2437 quum
625 2372 710 2420 diu
744 2388 918 2420 vocem
954 2372 1098 2421 dolor
1129 2373 1519 2438 praeclusisset,
1567 2373 1617 2422 in
1653 2373 1867 2431 lamenta

170 2455 403 2518 erumpit,
436 2453 665 2515 victoque
700 2451 892 2516 pudore
923 2452 1150 2501 iniuriam
1185 2453 1331 2518 longe
1365 2452 1734 2518 gravissimam,
1771 2469 1868 2517 qua

170 2552 200 2584 a
234 2533 331 2582 deo
366 2534 479 2598 ipso
514 2532 692 2581 affecta
728 2538 839 2591 est,
886 2532 1011 2580 flens
1060 2538 1111 2581 et
1156 2532 1363 2582 deorum
1411 2532 1566 2581 fidem
1597 2533 1866 2598 implorans

169 2614 362 2680 aperit,
412 2613 602 2663 cantico
637 2618 813 2672 utens,
858 2612 909 2660 id
957 2613 1088 2676 quod
1135 2614 1285 2662 animi
1319 2614 1427 2662 eius
1462 2613 1628 2662 ardori
1664 2611 1865 2678 egregie

170 2693 417 2745 convenit.
486 2693 629 2742 Haec
663 2692 867 2740 audiens
901 2707 1054 2741 senex
1087 2710 1209 2758 prae
1258 2693 1584 2743 admiratione
1626 2693 1678 2741 in
1725 2692 1865 2742 vultu

168 2775 394 2825 mulieris
430 2773 602 2822 oculos
638 2772 836 2835 defigit3
872 2777 979 2820 tum
1012 2789 1122 2822 rem
1158 2789 1352 2822 omnem
1383 2775 1662 2823 accuratius
1689 2772 1864 2836 exqui-

168 2855 252 2914 rit,
289 2871 388 2919 quo
422 2854 532 2903 loco
567 2851 770 2916 singulis
802 2852 1027 2900 versibus
1062 2852 1360 2916 interrogata
1403 2869 1743 2917 responsaque
1778 2867 1865 2902 ex-

170 2935 447 3001 plicantur,
494 2949 620 2997 quae
656 2931 890 2996 colloquii
922 2931 1085 2981 forma
1131 2933 1454 2997 cupiditatem
1502 2933 1779 2982 animorum
1815 2935 1867 2981 et

165 3014 595 3064 vehementiorem
643 3013 886 3077 impetum
933 3011 1154 3063 declarat
1200 3011 1280 3076 ²²²),
1327 3013 1606 3078 eodemque
1653 3011 1863 3062 diverbii

224 3140 273 3195 ³⁶)
301 3138 480 3196 Insigne
510 3139 619 3180 huic
649 3137 1000 3194 stichomythiae
1027 3139 1143 3183 inest
1165 3140 1436 3201 exemplum,
1469 3155 1524 3183 ex
1554 3155 1642 3197 quo
1671 3141 1865 3197 colliga-

312 3213 396 3262 tur,
430 3214 598 3264 quanta
624 3209 854 3265 religione·
876 3209 1002 3252 illam
1038 3197 1344 3253 diverbiorum
1366 3211 1562 3254 formam
1585 3214 1727 3255 semel
1759 3225 1864 3254 coe-

307 3284 433 3335 ptam
462 3294 644 3323 servare
675 3285 834 3336 poetae
865 3280 986 3323 soliti
1013 3280 1111 3324 sint.
1172 3281 1289 3324 Nam
1331 3283 1528 3326 Creusae
1567 3282 1697 3326 dictis
1737 3282 1864 3324 hisce

309 3350 482 3392 verbis:
522 3365 590 3407 „o
619 3350 666 3393 si
695 3351 952 3394 vidisses
993 3350 1274 3394 infantem
1300 3366 1496 3395 manus
1526 3354 1591 3395 ad
1633 3366 1718 3395 me
1748 3355 1862 3394 ten-

310 3420 339 3461 d
350 3434 375 3462 e
386 3434 415 3461 n
425 3424 443 3462 t
454 3435 535 3464 em
545 3422 587 3475 ‚'’
615 3422 766 3466 statim
782 3422 1062 3479 pergendum
1076 3422 1163 3465 fuit
1191 3437 1264 3474 eo,
1294 3437 1380 3478 quo
1397 3424 1636 3467 tendebat:
1668 3437 1729 3480 „q
1741 3436 1771 3464 u
1781 3435 1809 3465 a
1819 3422 1862 3463 ai

309 3488 744 3546 significantem
791 3506 850 3536 se
890 3493 1087 3538 redire
1138 3507 1356 3550 cupere
1409 3507 1499 3551 eo,
1548 3492 1645 3537 ubi
1691 3495 1863 3536 antea
