2176 3874
1072 288 1194 344 342

303 441 379 488 ius
413 436 623 487 narratio
667 434 733 483 de
777 432 994 482 Glaucae
1029 433 1353 497 Creontisque
1384 431 1601 483 interitu.
1668 434 1966 488 Intrantibus

303 518 519 568 Medeae
550 515 692 573 filiis,
743 513 932 562 Glauce
977 514 1145 562 oculos
1181 514 1357 562 avertit
1389 517 1535 575 atque
1569 513 1831 579 expalluit3
1875 517 1970 567 red

301 596 487 645 Iasonis
522 593 774 642 blanditiis
809 598 859 640 et
891 594 1046 656 magis
1081 595 1231 642 etiam
1267 594 1506 641 donorum
1541 592 1788 642 illecebris
1815 600 1969 658 mota,

301 676 404 723 viro
439 674 603 722 omnia
652 672 835 721 annuit.
913 671 1107 737 Vixque
1149 674 1234 722 ille
1281 690 1391 722 cum
1439 673 1604 720 liberis
1651 673 1969 736 discesserat,

302 770 412 803 cum
450 754 645 818 peplum
679 752 840 800 induit
875 757 927 800 et
958 769 1185 801 coronam
1237 753 1387 816 capiti
1434 744 1726 816 applicavit,
1774 753 1971 818 imagini

301 848 420 881 suae
459 834 507 880 in
557 832 759 897 speculo
805 832 1022 881 arridens
1071 833 1372 896 multumque
1418 832 1573 880 oculis
1621 832 1682 879 ad
1727 834 1970 884 cervicem

300 913 585 975 respiciens,
654 911 777 959 Dum
815 912 991 960 deinde
1027 919 1222 976 compta
1257 912 1567 968 obambulat,
1621 913 1784 961 subito
1816 914 1972 978 palle-

302 1007 445 1040 scens
480 998 794 1055 tremensque
830 992 1120 1056 corripitur,
1171 991 1323 1040 oculis
1358 992 1435 1039 vel
1465 992 1641 1039 clausis
1676 993 1756 1040 vel
1788 993 1973 1042 distor-

300 1072 380 1130 tis,
414 1078 578 1131 muta,
627 1087 801 1135 spuma
845 1087 933 1119 ore
967 1071 1245 1129 defluente3
1294 1077 1394 1119 tum
1430 1072 1647 1136 graviter
1678 1072 1974 1137 ingemiscit,

302 1165 482 1198 corona
513 1150 733 1199 flammas
769 1152 1027 1199 emittente
1059 1150 1318 1214 peplisque
1351 1152 1539 1200 viscera
1570 1152 1971 1215 depascentibus.

301 1228 522 1278 Tandem
579 1246 671 1278 una
717 1246 827 1278 cum
873 1235 1043 1294 patre,
1094 1230 1177 1292 qui
1229 1231 1406 1278 auxilio
1442 1232 1680 1280 *accurrit
1724 1231 1973 1295 filiamque

303 1308 630 1372 amplectitur,
666 1308 876 1356 flammis
910 1309 1183 1357 miserrime
1218 1310 1536 1360 consumitur.
1580 1352 1590 1368 ,
1970 1368 1974 1372 .

431 1387 523 1435 His
560 1389 781 1451 cognitis,
815 1388 997 1437 Medea
1023 1389 1119 1436 iam
1155 1404 1250 1437 nou
1287 1389 1637 1449 cunctandum,
1682 1391 1773 1438 sed
1808 1389 1973 1438 statim

302 1467 486 1515 necatis
522 1467 687 1515 liberis
714 1484 742 1515 e
770 1473 903 1516 terra
927 1468 1263 1517 excedendum
1295 1485 1410 1517 esse
1431 1469 1675 1534 intelligit.
1744 1469 1974 1534 Aeningi-

302 1551 384 1594 tur
415 1547 565 1611 igitur
598 1548 658 1595 ad
695 1547 914 1607 caedem,
951 1565 1094 1613 quam
1129 1564 1226 1597 non
1260 1549 1420 1597 minus
1457 1549 1552 1596 sibi
1585 1548 1699 1613 ipsi,
1735 1563 1880 1612 quam
1910 1548 1973 1596 il·-

304 1625 383 1686 lis,
417 1626 601 1674 inferre
634 1627 842 1676 videtur.

436 1705 627 1754 Caedes
661 1708 789 1755 intus
835 1708 1033 1772 quidem
1076 1709 1360 1774 perficitur,
1413 1707 1502 1755 sed
1546 1713 1646 1756 tam
1692 1708 1972 1773 perspicue,

302 1790 356 1834 ut
397 1802 491 1834 vox
539 1803 802 1851 puerorum
850 1789 988 1836 chori
1033 1803 1178 1853 opem
1227 1788 1592 1852 implorantium
1627 1804 1687 1836 eo
1721 1789 1830 1852 ipso
1862 1803 1977 1836 mo-

301 1872 496 1925 mento,
546 1882 640 1930 quo
683 1868 1071 1927 interficiuntur,
1118 1869 1364 1918 audiatur.
1434 1867 1627 1915 lnterim
1676 1868 1761 1915 ille
1808 1867 1976 1916 Solem

302 1944 652 2008 Telluremque
684 1948 985 2004 obtestatur,
1020 1952 1077 1994 ut
1109 1947 1297 1995 facinus
1332 1947 1624 2011 prohibeant
1658 1948 1817 1995 dirum
1857 1947 1973 1996 hor-

301 2024 631 2087 rendumque,
666 2041 826 2089 neque
862 2025 947 2072 ulli
982 2026 1199 2088 priorum
1235 2026 1591 2074 conferendum
1626 2033 1828 2089 praeter
1862 2026 1974 2076 lno-

301 2104 376 2152 nis
409 2104 593 2152 factum
628 2105 876 2164 furiosae,
927 2120 1053 2167 quae
1086 2105 1283 2167 quidem
1319 2106 1483 2152 statim
1519 2111 1636 2169 post
1670 2105 1873 2154 caedem
1907 2105 1970 2154 li-

302 2182 531 2230 berorum
567 2183 617 2231 in
652 2199 788 2231 mare
822 2199 877 2231 se
911 2185 1240 2248 praecipitans
1276 2200 1386 2233 cum
1422 2185 1537 2232 filiis
1573 2192 1874 2233 commortua
1893 2186 1973 2236 sit.

437 2261 608 2310 Prodit
644 2263 782 2311 lason
817 2263 1023 2323 timens,
1070 2279 1132 2311 ne
1179 2264 1295 2326 quid
1342 2264 1458 2311 mali
1503 2265 1621 2312 filiis
1667 2281 1696 2312 a
1745 2264 1973 2315 Creontis

304 2343 524 2405 cognatis
561 2341 826 2391 ulciscendi
863 2358 1035 2391 caussa
1070 2343 1340 2401 inferatur,
1395 2344 1688 2407 cognitaque
1731 2360 1822 2408 per
1853 2346 1976 2393 eho-

302 2437 415 2469 rum
464 2422 616 2470 caede
662 2422 881 2482 nefasta,
926 2422 1064 2470 fores
1111 2423 1305 2471 aedium
1354 2425 1521 2471 statim
1571 2423 1776 2489 effringi
1819 2424 1975 2473 iubet.

304 2500 416 2548 Hoc
437 2501 550 2550 dum
582 2503 799 2561 molitur,
836 2502 999 2550 subito
1015 2503 1194 2550 Medea
1220 2503 1269 2551 in
1297 2518 1443 2552 curru
1469 2519 1618 2567 supra
1651 2504 1800 2552 aedes
1825 2504 1977 2554 subli-

303 2581 398 2628 mis
435 2597 542 2628 cum
583 2582 849 2630 liberorum
885 2583 1174 2646 corporibus
1223 2577 1552 2647 conspicitur,
1589 2600 1734 2647 quem
1778 2599 1976 2633 currum

303 2659 392 2709 Sol
425 2661 534 2724 ipse
568 2662 639 2721 ei,
689 2668 742 2710 ut
775 2662 834 2709 ab
869 2662 1084 2710 hostium
1123 2663 1307 2710 ultione
1340 2668 1443 2710 tuta
1478 2668 1639 2722 esset,
1690 2651 1976 2728 snppeditass

302 2742 385 2790 vit.
453 2741 539 2788 Sic
572 2742 680 2789 vice
714 2742 824 2801 dei,
874 2743 957 2805 qui
991 2759 1019 2789 a
1065 2743 1286 2790 machina
1332 2742 1541 2802 dicitur,
1585 2743 1693 2807 ipsa
1737 2743 1976 2808 fungitur,

297 2836 464 2883 neque
498 2821 654 2868 solum
690 2837 774 2888 res
803 2828 1121 2882 consummat,
1157 2823 1297 2886 quasi
1315 2822 1503 2870 calculo
1525 2822 1674 2870 ducto
1693 2822 1974 2871 inhriarum

303 2905 451 2963 atque
494 2916 793 2964 poenarum,
839 2902 1147 2965 invicemque
1207 2903 1267 2950 ab
1318 2901 1490 2950 Iasone
1536 2902 1671 2950 audit
1716 2902 1974 2950 criminum

305 2981 751 3041 enumerationem,
801 2983 887 3030 sed
924 2983 1070 3030 etiam
1106 2998 1231 3046 quae
1266 2982 1430 3031 futura
1467 2988 1580 3030 sunt
1614 2982 1677 3030 de
1711 2981 1975 3029 liberorum

305 3060 589 3123 sepultura,
636 3061 699 3108 de
751 3077 839 3110 sua
887 3062 983 3109 vita
1027 3068 1175 3124 atque
1230 3063 1640 3120 commoratione,
1691 3061 1755 3108 de
1788 3059 1975 3109 Iasonis

305 3141 445 3188 obitu
490 3140 748 3204 praedicit.
821 3140 1009 3202 Quibus
1055 3142 1200 3190 dictis
1246 3142 1434 3190 volucri
1483 3156 1626 3190 curru
1673 3155 1765 3203 per
1806 3155 1974 3188 aerem

304 3219 522 3269 Athenas
569 3220 630 3268 ad
677 3222 897 3283 Aegeum
947 3221 1231 3281 devehitur,
1278 3221 1462 3270 frustra
1506 3220 1678 3269 Iasone
1725 3224 1974 3284 precante,

304 3305 362 3349 ut
396 3299 571 3348 saltem
606 3315 814 3365 corpora
848 3300 1115 3352 liberorum
1152 3302 1373 3352 manibus
1405 3299 1683 3364 attingenda
1733 3300 1976 3365 sepelien-

306 3378 467 3445 daque
501 3380 598 3429 sibi
631 3381 891 3444 relinquat.

437 3459 610 3522 Poeta,
644 3475 742 3523 quo
776 3475 920 3510 nemo
954 3467 1179 3512 veterum
1213 3461 1387 3514 melius
1419 3460 1716 3513 feminarum
1749 3464 1969 3510 naturam
