2176 3874
1163 240 1165 242 ’
1203 227 1329 284 478

431 378 575 425 vitam
611 374 774 422 adhuc
808 377 1023 421 sanctam
1061 389 1225 435 agere,
1262 373 1498 422 Creusam
1533 375 1732 423 iuterim
1749 374 1936 439 Xutho,
1971 378 2115 428 Aeoli

431 457 535 503 filio
570 455 795 517 Iovisque
829 454 1015 517 nepoti,
1051 453 1278 513 Achaeo,
1315 454 1575 518 nupsisse,
1614 455 1697 519 qui
1731 455 1779 503 id
1816 458 2114 507 connubium

430 552 521 601 pro
557 534 778 599 praemio
814 534 979 581 auxilii
1016 538 1187 582 contra
1215 534 1535 582 Euboeenses
1573 535 1658 582 lati
1682 537 1950 600 acceperit.
2002 537 2116 587 Hoc

429 618 539 680 ipso
574 620 735 662 autem
771 619 1000 677 tempore
1032 613 1254 663 Xuthum
1308 630 1417 662 cum
1454 630 1609 663 uxore
1643 613 1866 680 Delphos
1901 617 2115 680 venisse,

427 702 484 744 ut
518 696 582 744 de
618 695 883 743 liberorum
917 695 1259 759 procreatione
1277 694 1422 743 deum
1446 694 1742 744 consuleret.
1810 695 1931 744 ltem
1968 713 2113 746 even-

427 782 533 826 tum
568 792 735 824 rerum
774 780 826 822 et
850 774 1068 822 futuram
1093 775 1422 823 adolescentis
1448 775 1652 838 gloriam
1687 775 1960 840 praedicit3
1995 781 2115 838 tum,

427 858 707 923 prodeunte
743 855 1216 915 cummaximelone,
1252 856 1302 902 in
1339 856 1500 904 lucum
1538 856 1728 904 delubri
1753 858 1876 905 deus
1903 859 2114 907 recedit.

559 936 683 984 Cum
719 937 879 1001 prima
914 936 1023 983 luce
1046 940 1213 983 sancto
1243 935 1340 995 die,
1378 952 1471 999 quo
1500 935 1677 1000 Pythia
1703 937 1886 1002 tripodi
1912 937 2113 995 insidet,

428 1017 513 1066 Ion
549 1033 660 1065 cum
694 1017 895 1078 reliquis
931 1015 1170 1064 ministris
1207 1016 1311 1064 sive
1344 1015 1643 1082 προφήταις
1676 1014 1767 1080 (cf.
1805 1033 1851 1069 v.
1887 1017 2029 1080 413.)
2062 1019 2113 1067 in

427 1097 724 1146 vestibulum
760 1098 953 1161 prodit,
991 1111 1199 1159 quorum
1234 1095 1289 1143 hi
1323 1113 1447 1160 puro
1483 1097 1620 1145 fonte
1656 1113 1862 1162 corpora
1898 1098 2114 1147 abluturi

426 1182 557 1234 sunt,
594 1181 649 1224 ut
683 1176 905 1224 faventes
941 1176 1121 1238 linguis
1150 1175 1274 1224 bona
1310 1177 1471 1225 omina
1495 1178 1863 1226 consulentibus
1885 1178 2112 1239 offerant,

425 1258 510 1306 lon
545 1262 728 1317 autem,
764 1257 815 1304 id
851 1256 981 1319 quod
1015 1257 1182 1304 facere
1219 1273 1246 1304 a
1277 1273 1434 1320 puero
1471 1258 1723 1318 adsuevit,
1757 1258 1906 1306 sertis
1941 1264 1993 1307 et
2027 1273 2110 1307 co·

424 1338 557 1385 ronis
603 1338 712 1401 ipse
759 1337 961 1401 insignis
1009 1336 1077 1400 (v.
1123 1335 1285 1403 522),
1331 1353 1487 1400 aquae
1544 1337 1838 1401 adspergine
1889 1343 1941 1387 et
1989 1338 2112 1388 lauri

423 1418 573 1466 ramis
627 1417 865 1466 vestibula
909 1422 1207 1481 purgaturus
1268 1423 1348 1465 est
1397 1416 1642 1480 simulque
1683 1417 1938 1479 volucres,
1987 1435 2112 1483 quae

422 1498 683 1547 delubrum
721 1503 1078 1559 conspui-cant,
1125 1513 1241 1546 arcu
1291 1502 1343 1546 et
1390 1497 1578 1558 sagittis
1631 1496 1910 1561 fugaturus.
1976 1497 2111 1547 Inter

421 1578 518 1626 hoc
553 1593 678 1641 opus
712 1593 909 1625 carmen
946 1577 1093 1637 canit,
1131 1593 1227 1640 quo
1264 1583 1323 1625 et·
1347 1576 1619 1625 ministeria
1654 1592 1742 1626 sua
1776 1578 2002 1642 vitaeque
2034 1579 2108 1626 in-

423 1659 650 1706 stitutum
687 1658 940 1722 praedicat
975 1663 1026 1706 et
1060 1658 1173 1718 deo,
1211 1659 1350 1707 cuius
1375 1659 1424 1706 in
1451 1656 1690 1705 honorem
1718 1657 1797 1705 his
1820 1658 2108 1707 muneribus

420 1738 669 1801 fungitur,
722 1744 951 1801 tanquam
1001 1739 1223 1802 patriae
1273 1737 1509 1786 nutritori
1542 1737 1727 1799 gratias
1763 1737 1878 1803 agit.
1947 1738 2108 1800 Quem

419 1819 551 1867 enim
587 1820 746 1867 locum
796 1819 953 1867 nostri
990 1825 1166 1883 poetae
1203 1817 1476 1882 soliloquiis
1513 1818 1790 1881 assignant,
1827 1833 1939 1867 eum
1974 1818 2105 1884 apud

417 1906 615 1948 veteres
651 1901 843 1948 cantica
878 1902 1063 1947 tenent.
1133 1900 1338 1948 Animus
1370 1898 1700 1946 adolescentis
1747 1898 1844 1946 hoc
1890 1900 2107 1947 carmine

417 1979 701 2029 declaratur
735 1980 1031 2028 conveniens
1077 1980 1135 2028 iis
1170 1980 1295 2027 locis
1331 1984 1383 2027 et
1416 1978 1595 2039 rebus,
1639 1979 1687 2026 in
1724 1978 1899 2041 quibus
1933 1995 2109 2028 versa—

419 2064 521 2121 tur,
556 2076 717 2123 neque
751 2060 912 2108 minus
950 2065 1115 2106 castus
1147 2063 1443 2121 sanctusque
1478 2062 1571 2115 est,
1609 2073 1755 2119 quam
1782 2058 1902 2106 solis
1921 2058 2105 2120 lumen,

418 2155 516 2203 quo
552 2141 878 2187 cummaxime
924 2139 1178 2186 cacumina
1226 2138 1430 2185 Parnasi
1474 2137 1838 2186 collustrantur.
1905 2138 2105 2187 Etenim

416 2219 590 2282 procul
625 2235 653 2265 a
687 2219 1035 2266 certaminibus
1070 2219 1351 2266 forensibus
1387 2223 1437 2265 et
1470 2216 1777 2282 proeliorum
1810 2216 2007 2278 furore,
2043 2218 2106 2266 li-

418 2300 509 2348 ber
541 2298 601 2346 ab
637 2299 928 2359 ambitione,
977 2301 1038 2347 ab
1086 2298 1315 2358 avaritia,
1364 2314 1391 2345 a
1426 2297 1629 2344 libidine
1664 2312 1863 2358 eorum,
1910 2298 1994 2360 qui
2027 2298 2105 2347 vel

417 2379 732 2443 negotiantur
762 2380 840 2426 vel
875 2395 956 2427 res
979 2379 1203 2443 publicas
1223 2377 1579 2436 administrant,
1616 2377 1709 2439 piis
1731 2381 1975 2440 perpetuo
2010 2378 2104 2426 mi—

415 2459 629 2506 nisteriis
657 2459 908 2523 sacrisque
931 2465 1182 2523 operatus,
1210 2460 1258 2507 in
1284 2460 1452 2507 avibus
1475 2457 1706 2520 fugandis
1722 2457 1820 2505 tela
1847 2473 2102 2519 exercens,

412 2539 561 2586 vitam
596 2539 757 2587 adhuc
791 2540 1102 2603 tranquillam
1137 2544 1285 2604 atque
1319 2541 1629 2588 innocentem
1665 2537 1788 2600 egit,
1823 2553 1985 2601 neque
2018 2543 2105 2587 aut

413 2618 616 2667 honoris
652 2623 736 2667 aut
778 2620 905 2668 lucri
957 2619 1272 2668 dulcedinem
1324 2635 1435 2668 cum
1482 2617 1756 2681 sapientiae
1790 2617 1952 2665 studio
1984 2634 2101 2682 per-

413 2706 603 2747 mutare
639 2700 790 2763 cupit.
861 2698 1031 2748 Oratio
1067 2703 1231 2747 autem
1267 2701 1417 2749 rebus
1453 2698 1822 2746 accommodata
1855 2702 1960 2746 est:
1994 2713 2100 2746 mo-

413 2780 527 2827 dico
562 2779 692 2828 enim
725 2786 897 2828 ornatu
933 2780 1216 2829 illustratur
1262 2781 1589 2844 cogitatorum
1625 2777 1936 2827 verecundia.
2003 2777 2100 2826 Ce-

411 2865 572 2907 terum
609 2876 781 2908 rursus
816 2861 1115 2921 mendicum,
1151 2861 1231 2924 qui
1264 2876 1423 2923 neque
1457 2858 1666 2923 patriam
1685 2873 1847 2922 neque
1867 2861 2099 2921 parentes

412 2955 574 3001 neque
608 2939 792 2987 victum
827 2956 988 3004 neque
1023 2941 1203 2989 lectum
1239 2948 1429 2989 certum
1454 2940 1661 2988 haberet
1696 2937 1787 3002 (cf.
1823 2953 1868 2987 v.
1899 2939 2011 2985 315.
2045 2941 2099 2986 et

410 3017 551 3082 3253.)
587 3024 637 3067 et
671 3020 722 3067 in
757 3020 851 3067 hac
885 3025 1110 3083 egestate
1142 3021 1460 3070 felicissimus
1496 3022 1658 3080 esset,
1702 3018 1753 3066 in
1788 3033 1986 3066 scenam
2019 3017 2097 3067 in-

411 3097 613 3148 ductum
649 3114 762 3147 esse
794 3101 1034 3150 videmus,

539 3179 718 3227 Adhuc
753 3179 877 3227 nihil
911 3186 1104 3245 gestum
1140 3186 1220 3230 est
1253 3196 1448 3238 rerum,
1496 3194 1622 3243 quae
1655 3176 1868 3226 habeant
1900 3176 2095 3243 gravio-

409 3273 516 3305 rem
550 3259 821 3307 animorum
858 3262 1250 3310 commotionem.
1318 3259 1503 3311 Vacui
1522 3258 1672 3322 igitur
1696 3258 1968 3322 otiosisque
1993 3257 2094 3306 ani-

408 3338 530 3398 miS‚
577 3338 850 3403 prudenter
881 3345 1026 3403 poeta
1072 3342 1123 3389 in
1159 3341 1412 3390 oculorum
1447 3339 1735 3401 auriumque
1767 3337 2095 3387 delectatione

408 3423 720 3483 spectatores
757 3419 965 3470 detinet.
1033 3421 1174 3484 Quae
1207 3421 1363 3487 qualis
1397 3420 1462 3470 sit
1487 3417 1773 3483 priusquam
1801 3422 2093 3482 exponatur,
