2176 3874
1204 279 1326 336 382

431 431 611 497 φυρᾶς
641 426 731 480 καὶ
771 426 1014 494 ἀνθηρᾶς
1058 423 1414 491 συνθέσεως),
1458 442 1584 491 quae
1627 442 1807 482 vocum
1850 431 2105 495 suavitate,

427 512 684 571 laevitate,
728 510 933 559 lenitate
978 513 1030 559 et
1073 509 1211 572 quasi
1252 509 1471 573 virgineo
1505 509 1716 574 quodam
1762 508 1961 559 decore¹
1987 526 2105 561 cou-

427 592 625 640 ficiatur
641 590 721 654 *),
757 589 1035 653 exemplum
1069 589 1198 638 inter
1230 589 1508 653 tragoedias
1542 590 1671 638 solas
1704 589 1958 655 Euripidis
1991 606 2108 653 esse

426 665 751 731 affirmat**).
832 668 997 717 Palma
1030 670 1176 733 igitur
1217 669 1267 717 in
1301 671 1395 718 hac
1430 673 1572 734 parte
1605 686 1632 718 a
1665 669 1857 719 duobus
1902 673 2108 721 summis

426 747 672 797 iudicibus
697 748 919 812 Euripidi
953 748 1202 798 defertur:
1234 766 1346 798 nam
1374 750 1659 799 Aristotelis
1693 751 1989 800 sententiam
2023 767 2106 801 su-

427 844 516 893 pra
550 829 914 893 explicavimus.

557 909 758 968 Restat,
794 916 850 958 ut
884 909 947 958 de
997 911 1279 958 oeconomia
1326 910 1600 959 dramatum
1652 927 1777 974 quae
1826 911 1978 960 iidem
2014 928 2104 960 au·

428 994 591 1038 ctores
635 991 912 1039 iudicarunt
956 990 1006 1038 in
1039 991 1253 1038 medium
1287 990 1617 1055 proferamus.
1687 991 1908 1055 Dionysii
1948 992 2106 1041 ‘verba

426 1069 550 1118 haec
578 1078 718 1120 sunt:
753 1070 1061 1136 „Sophocles
1097 1070 1292 1131 quidem
1328 1086 1572 1133 nunquam
1602 1087 1997 1136 supervacaneus
2029 1077 2109 1121 est

428 1151 476 1199 in
513 1151 814 1200 orationibus
852 1148 935 1212 (ἐν
966 1151 1077 1208 τοῖς
1097 1147 1315 1214 λόγοις),
1350 1151 1438 1199 sed
1473 1153 1807 1212 necessarius3
1843 1152 2106 1217 Euripides

426 1237 589 1280 autem
625 1232 807 1280 multus
844 1237 922 1279 est
962 1231 1010 1279 in
1061 1231 1286 1278 oratoriis
1322 1233 1816 1294 argumentationibus
1867 1230 2106 1298 (εἰςαγω-

424 1311 621 1377 γαῖς).”
670 1311 949 1359 Aristotelis
973 1316 1139 1359 notum
1184 1315 1264 1358 est
1295 1311 1445 1359 illud:
1481 1309 1524 1360 εἰ
1556 1308 1645 1362 καὶ
1677 1309 1743 1362 τὰ
1775 1313 1908 1362 ἄλλα
1939 1309 2011 1379 μὴ
2046 1306 2106 1363 εὖ

426 1390 698 1455 οἰκονομεῖ
729 1391 892 1455 (Poet.
932 1407 975 1440 c.
1014 1394 1092 1438 13.
1129 1388 1176 1454 §.
1210 1388 1300 1452 6.).
1379 1390 1717 1454 Loquacitatis
1751 1392 1981 1457 (λαλιᾶς)
2016 1410 2106 1444 ηο-

424 1479 584 1523 strum
629 1478 838 1539 propter
882 1472 979 1520 hoc
1011 1471 1117 1519 eius
1163 1471 1438 1520 institutum
1473 1488 1500 1519 a
1537 1473 1788 1537 plerisque
1820 1482 2106 1524 accusatum

425 1569 538 1604 esse
584 1559 799 1603 testatur
845 1552 1139 1601 Plutarchus
1195 1551 1281 1614 (de
1317 1553 1427 1601 aud.
1464 1558 1595 1617 poet.
1631 1569 1675 1605 c.
1714 1554 1839 1619 13..)
1913 1554 2105 1604 Eodem

421 1639 647 1700 spectant
696 1649 821 1697 quae
865 1633 1108 1682 Lucianus
1152 1632 1203 1680 in
1239 1632 1354 1681 Iove
1386 1639 1507 1698 trag.
1554 1634 1782 1699 scripsit:
1838 1630 1948 1684 ἐπεὶ
1970 1634 2106 1685 ,καθ’

423 1712 589 1764 αὑτὸν
623 1712 824 1764 ὁπόταν
857 1711 887 1764 ὁ
921 1710 1246 1778 Εὐριπίδης,
1289 1711 1500 1778 μηδὲν
1544 1708 1957 1782 ἐπειγούσης
1987 1717 2108 1781 τῆς

421 1794 656 1861 χρείας
690 1796 822 1845 τῶν
866 1793 1246 1859 δραμάτων,
1281 1792 1345 1845 τὰ
1381 1793 1650 1845 δοκοῦντά
1684 1794 1738 1847 οἱ
1767 1793 1909 1864 λέγῃ,
1943 1795 2106 1849 ἀκού-

422 1891 488 1944 σῃ
523 1875 692 1927 αὐτοῦ
726 1875 841 1927 τότε
874 1873 1398 1942 παρρησιαζομένου·

457 2019 463 2027 .
549 1956 681 2025 ὁρᾶς
710 1957 806 2008 τὸν
839 1956 986 2018 ὑψοῦ
1019 1956 1164 2008 τόνδ’
1198 1959 1419 2021 ἄπειρον
1452 1953 1645 2022 αἰθέρα
1677 1959 1784 2011 κτλ.

419 2040 781 2105 Aristophanes
829 2039 1068 2102 denique,
1112 2054 1259 2100 quum
1284 2040 1519 2086 eundem
1564 2055 1751 2111 morem
1803 2039 2107 2089 creberrime

418 2122 751 2185 vituperaret,
788 2119 1082 2183 Euripidem
1115 2119 1305 2167 induxit
1338 2134 1575 2178 caussam,
1610 2106 1704 2181 qua
1738 2119 1814 2167 vel
1847 2124 2107 2169 excusaret

418 2201 498 2249 vel
554 2201 786 2264 probaret
843 2200 1119 2248 institutum
1185 2214 1358 2260 suum,
1416 2197 1707 2248 afferentem
1765 2200 2103 2296 gravissimam

421 2279 571 2343 (Rau.
605 2278 772 2342 948..)

552 2355 705 2411 ἔπειτ’
741 2357 846 2410 α’πὸ
878 2358 986 2409 τῶν
1033 2357 1259 2424 πρώτων
1307 2353 1450 2408 ἐπῶν
1497 2355 1700 2409 οὐδὲν
1746 2359 1983 2428 παρῆκ’
2025 2356 2105 2411 ἂν

1254 2437 1479 2505 ἄργόμ

419 2522 614 2572 Nullam
661 2520 900 2570 dramatis
946 2526 1135 2585 partem
1184 2521 1338 2569 voluit
1379 2510 1574 2569 inanem
1620 2536 1764 2580 esse,
1827 2520 1960 2571 nulla
2007 2531 2106 2572 nou

420 2603 681 2670 perstringi
716 2602 1019 2664 excitarique
1054 2606 1392 2666 spectatores:
1438 2602 1756 2664 quamobrem
1793 2602 1836 2649 si
1871 2617 1995 2665 quos
2029 2602 2104 2650 lo-

422 2700 506 2733 cos
552 2685 700 2733 rebus
747 2682 909 2731 minus
935 2682 1195 2730 nitescere
1240 2697 1388 2745 posse
1435 2682 1693 2744 minusque
1738 2681 1800 2730 ad
1834 2680 2103 2731 irritandos

419 2765 605 2813 animos
653 2764 700 2811 vi
745 2763 1014 2811 affectuum
1059 2762 1224 2810 valere
1266 2761 1601 2826 intelligeret,
1636 2761 1729 2809 hos
1763 2761 1952 2825 argutis
1987 2778 2101 2811 sen-

420 2844 591 2894 tentiis
627 2845 921 2907 acribusque
950 2844 1210 2892 verborum
1238 2842 1630 2891 contentionibus
1666 2841 1953 2907 splendidos
1985 2841 2102 2891 red-

418 2924 540 2974 dere
574 2925 818 2974 studebat.
885 2922 1321 2973 Reminiscendum
1356 2926 1434 2971 est
1466 2923 1592 2971 enim
1628 2938 1830 2983 eorum,
1876 2937 2004 2987 quae
2037 2921 2102 2970 de

484 3131 535 3185 ⁹⁵)
566 3126 756 3183 εὔφωνά
785 3146 835 3175 τε
864 3129 1081 3188 βούλεται
1111 3126 1230 3174 εἶναι
1257 3127 1412 3174 πάντα
1441 3123 1649 3183 ὀνόματα
1677 3125 1755 3170 καὶ
1784 3130 1883 3181 λεῖα
1901 3129 1980 3173 καὶ
2006 3146 2100 3186 μα-

561 3199 678 3252 λακὰ
709 3201 786 3244 καὶ
806 3199 1097 3258 παρθενωπά
1112 3215 1121 3224 ·
1154 3203 1382 3258 τραχείαις
1401 3198 1451 3243 δὲ
1473 3200 1715 3255 συλλαβαῖς
1736 3200 1815 3243 καὶ
1835 3197 2101 3252 ἀντιτύποις

564 3268 821 3326 ἀπέχθεταί
848 3288 963 3315 που·
995 3270 1047 3315 τὸ
1080 3270 1130 3315 δὲ
1158 3271 1311 3329 θρασὺ
1340 3271 1433 3314 πᾶν
1461 3270 1539 3314 καὶ
1568 3270 2100 3328 παρακεκινδυνευμένον

564 3341 642 3385 καὶ
671 3339 730 3386 δι’
759 3339 997 3399 εὐλαβείας
1027 3340 1128 3396 ἔχει.

456 3414 535 3468 >W)
563 3413 819 3468 μελοποιῶν
860 3412 909 3457 δὲ
939 3411 1123 3468 Σαπφώ
1161 3411 1240 3456 καὶ
1275 3408 1390 3468 μετὰ
1433 3411 1582 3454 ταῦτα
1610 3406 1903 3469 Ἀνακρέοντα
1942 3425 1992 3456 τε
2020 3410 2100 3455 καὶ

558 3485 823 3541 Σιμωνίδην
835 3494 863 3538 ,·
879 3484 1234 3543 τραγῳδοποιῶν
1262 3482 1313 3528 δὲ
1342 3480 1488 3538 μόνον
1517 3480 1793 3540 Εὐριπίδην.
