<?xml version="1.0" encoding="UTF-8"?>
<!DOCTYPE html PUBLIC "-//W3C//DTD XHTML 1.0 Transitional//EN"
    "http://www.w3.org/TR/xhtml1/DTD/xhtml1-transitional.dtd">
<html xmlns="http://www.w3.org/1999/xhtml" xml:lang="en" lang="en">
 <head>
  <title>
</title>
<meta http-equiv="Content-Type" content="text/html;charset=utf-8" />
  <meta name='ocr-system' content='tesseract 3.04.00' />
  <meta name='ocr-capabilities' content='ocr_page ocr_carea ocr_par ocr_line ocrx_word'/>
</head>
<body>
  <div class='ocr_page' id='page_1' title='image "./euripidesrestitu01hartuoft_0100.png"; bbox 0 0 2144 3854; ppageno 0'>
   <div class='ocr_carea' id='block_1_1' title="bbox 1137 286 1217 342">
    <p class='ocr_par' dir='ltr' id='par_1_1' title="bbox 1137 286 1217 342">
     <span class='ocr_line' id='line_1_1' title="bbox 1137 286 1217 342; baseline -0.025 0"><span class='ocrx_word' id='word_1_1' title='bbox 1137 286 1217 342; x_wconf 80' lang='lat'><strong>82</strong></span> 
     </span>
    </p>
   </div>
   <div class='ocr_carea' id='block_1_2' title="bbox 333 427 2025 3054">
    <p class='ocr_par' dir='ltr' id='par_1_2' title="bbox 470 427 1631 497">
     <span class='ocr_line' id='line_1_2' title="bbox 470 427 1631 497; baseline -0.002 -12"><span class='ocrx_word' id='word_1_2' title='bbox 470 432 627 490; x_wconf 81' lang='grc' dir='ltr'><strong><em>πέλας</em></strong></span> <span class='ocrx_word' id='word_1_3' title='bbox 660 427 718 480; x_wconf 82' lang='grc' dir='ltr'><strong>δὲ</strong></span> <span class='ocrx_word' id='word_1_4' title='bbox 750 427 945 494; x_wconf 87' lang='grc' dir='ltr'><strong><em>ταύτης</em></strong></span> <span class='ocrx_word' id='word_1_5' title='bbox 978 429 1150 491; x_wconf 84' lang='grc' dir='ltr'><strong><em>δεινὸς</em></strong></span> <span class='ocrx_word' id='word_1_6' title='bbox 1182 429 1393 497; x_wconf 78' lang='grc' dir='ltr'><strong><em>ἵδρυται</em></strong></span> <span class='ocrx_word' id='word_1_7' title='bbox 1424 429 1631 494; x_wconf 81' lang='grc' dir='ltr'><strong><em>κρότος,</em></strong></span> 
     </span>
    </p>

    <p class='ocr_par' dir='ltr' id='par_1_3' title="bbox 470 502 1602 578">
     <span class='ocr_line' id='line_1_3' title="bbox 470 502 1602 578; baseline -0.003 -13"><span class='ocrx_word' id='word_1_8' title='bbox 470 513 699 577; x_wconf 79' lang='grc' dir='ltr'><strong><em>ἔνθηρος</em></strong></span> <span class='ocrx_word' id='word_1_9' title='bbox 732 502 767 575; x_wconf 72' lang='grc' dir='ltr'>ᾗ</span> <span class='ocrx_word' id='word_1_10' title='bbox 801 512 1039 578; x_wconf 82' lang='grc' dir='ltr'><strong><em>λῃσταῖσι</em></strong></span> <span class='ocrx_word' id='word_1_11' title='bbox 1072 514 1388 577; x_wconf 77' lang='grc' dir='ltr'><strong><em>φρουρεῖται</em></strong></span> <span class='ocrx_word' id='word_1_12' title='bbox 1419 511 1602 575; x_wconf 79' lang='grc' dir='ltr'><strong><em>πόρος,</em></strong></span> 
     </span>
    </p>

    <p class='ocr_par' dir='ltr' id='par_1_4' title="bbox 470 587 1660 661">
     <span class='ocr_line' id='line_1_4' title="bbox 470 587 1660 661; baseline -0.003 -17"><span class='ocrx_word' id='word_1_13' title='bbox 470 591 702 644; x_wconf 76' lang='grc' dir='ltr'><em>κλύδωνι</em></span> <span class='ocrx_word' id='word_1_14' title='bbox 735 589 891 660; x_wconf 79' lang='grc' dir='ltr'><strong><em>δεινῷ</em></strong></span> <span class='ocrx_word' id='word_1_15' title='bbox 924 590 1014 642; x_wconf 86' lang='grc' dir='ltr'><strong>καὶ</strong></span> <span class='ocrx_word' id='word_1_16' title='bbox 1048 592 1384 661; x_wconf 84' lang='grc' dir='ltr'><strong><em>βροτοστόνῳ</em></strong></span> <span class='ocrx_word' id='word_1_17' title='bbox 1417 587 1630 657; x_wconf 81' lang='grc' dir='ltr'><strong><em>βρέμων</em></strong></span> <span class='ocrx_word' id='word_1_18' title='bbox 1649 605 1660 615; x_wconf 91' lang='grc'><strong><em>·</em></strong></span> 
     </span>
    </p>

    <p class='ocr_par' dir='ltr' id='par_1_5' title="bbox 338 670 2025 898">
     <span class='ocr_line' id='line_1_5' title="bbox 467 670 1525 739; baseline 0 -17"><span class='ocrx_word' id='word_1_19' title='bbox 467 670 666 739; x_wconf 83' lang='grc' dir='ltr'><strong><em>πτηνὸς</em></strong></span> <span class='ocrx_word' id='word_1_20' title='bbox 696 671 943 736; x_wconf 83' lang='grc' dir='ltr'><strong><em>πορεύσει</em></strong></span> <span class='ocrx_word' id='word_1_21' title='bbox 975 674 1152 732; x_wconf 81' lang='grc' dir='ltr'><strong><em>πῶλος</em></strong></span> <span class='ocrx_word' id='word_1_22' title='bbox 1176 671 1227 737; x_wconf 91' lang='grc'><strong>*)</strong></span> <span class='ocrx_word' id='word_1_23' title='bbox 1262 700 1329 709; x_wconf 81' lang='lat'><strong>—-</strong></span> <span class='ocrx_word' id='word_1_24' title='bbox 1362 701 1426 711; x_wconf 87' lang='lat'><strong>-—</strong></span> <span class='ocrx_word' id='word_1_25' title='bbox 1462 700 1525 708; x_wconf 93' lang='lat'><em>-</em></span> 
     </span>
     <span class='ocr_line' id='line_1_6' title="bbox 338 752 2025 819; baseline -0.002 -16"><span class='ocrx_word' id='word_1_26' title='bbox 338 771 461 819; x_wconf 87' lang='lat' dir='ltr'><strong>quae</strong></span> <span class='ocrx_word' id='word_1_27' title='bbox 495 755 715 819; x_wconf 73' lang='lat' dir='ltr'><strong>respexit</strong></span> <span class='ocrx_word' id='word_1_28' title='bbox 749 754 1001 817; x_wconf 89' lang='lat' dir='ltr'><strong>Aristoph.</strong></span> <span class='ocrx_word' id='word_1_29' title='bbox 1036 754 1149 804; x_wconf 88' lang='lat' dir='ltr'><strong>Pac.</strong></span> <span class='ocrx_word' id='word_1_30' title='bbox 1187 755 1326 810; x_wconf 65' lang='lat'><strong>126„</strong></span> <span class='ocrx_word' id='word_1_31' title='bbox 1374 754 1457 801; x_wconf 92' lang='lat' dir='ltr'><strong>ubi</strong></span> <span class='ocrx_word' id='word_1_32' title='bbox 1491 754 1614 801; x_wconf 85' lang='lat' dir='ltr'><strong>haec</strong></span> <span class='ocrx_word' id='word_1_33' title='bbox 1649 766 1844 815; x_wconf 87' lang='lat' dir='ltr'><strong>quoque</strong></span> <span class='ocrx_word' id='word_1_34' title='bbox 1876 752 2025 800; x_wconf 80' lang='lat' dir='ltr'><strong>verba</strong></span> 
     </span>
     <span class='ocr_line' id='line_1_7' title="bbox 338 833 1453 898; baseline -0.004 -14"><span class='ocrx_word' id='word_1_35' title='bbox 338 851 399 883; x_wconf 82' lang='lat' dir='ltr'><strong>ex</strong></span> <span class='ocrx_word' id='word_1_36' title='bbox 432 833 714 898; x_wconf 86' lang='lat' dir='ltr'><strong>Euripideis</strong></span> <span class='ocrx_word' id='word_1_37' title='bbox 748 834 1014 897; x_wconf 83' lang='lat' dir='ltr'><strong>depravata</strong></span> <span class='ocrx_word' id='word_1_38' title='bbox 1048 849 1163 880; x_wconf 84' lang='lat' dir='ltr'><strong>esse</strong></span> <span class='ocrx_word' id='word_1_39' title='bbox 1196 833 1453 881; x_wconf 63' lang='lat' dir='ltr'><strong>videntur:</strong></span> 
     </span>
    </p>

    <p class='ocr_par' dir='ltr' id='par_1_6' title="bbox 466 906 1666 977">
     <span class='ocr_line' id='line_1_8' title="bbox 466 906 1666 977; baseline -0.003 -13"><span class='ocrx_word' id='word_1_40' title='bbox 466 912 517 964; x_wconf 85' lang='grc' dir='ltr'><strong>τί</strong></span> <span class='ocrx_word' id='word_1_41' title='bbox 550 911 616 972; x_wconf 89' lang='grc' dir='ltr'><strong>δ’,</strong></span> <span class='ocrx_word' id='word_1_42' title='bbox 651 909 720 977; x_wconf 84' lang='grc' dir='ltr'><strong>ἢν</strong></span> <span class='ocrx_word' id='word_1_43' title='bbox 754 906 806 969; x_wconf 82' lang='grc' dir='ltr'><strong><em>ἐς</em></strong></span> <span class='ocrx_word' id='word_1_44' title='bbox 840 906 1011 975; x_wconf 79' lang='grc' dir='ltr'><strong><em>ὑγρὸν</em></strong></span> <span class='ocrx_word' id='word_1_45' title='bbox 1044 910 1266 961; x_wconf 90' lang='grc' dir='ltr'><strong><em>πόντιον</em></strong></span> <span class='ocrx_word' id='word_1_46' title='bbox 1298 908 1431 977; x_wconf 83' lang='grc' dir='ltr'><strong><em>πέσῃ</em></strong></span> <span class='ocrx_word' id='word_1_47' title='bbox 1466 909 1666 974; x_wconf 72' lang='grc' dir='ltr'><strong><em>βάθοςς</em></strong></span> 
     </span>
    </p>

    <p class='ocr_par' dir='ltr' id='par_1_7' title="bbox 466 988 1621 1057">
     <span class='ocr_line' id='line_1_9' title="bbox 466 988 1621 1057; baseline -0.002 -13"><span class='ocrx_word' id='word_1_48' title='bbox 466 994 580 1053; x_wconf 80' lang='grc' dir='ltr'><strong>πῶς</strong></span> <span class='ocrx_word' id='word_1_49' title='bbox 613 989 919 1053; x_wconf 77' lang='grc' dir='ltr'><strong><em>ἐξολισθεῖν,</em></strong></span> <span class='ocrx_word' id='word_1_50' title='bbox 953 988 1148 1057; x_wconf 83' lang='grc' dir='ltr'><strong><em>πτηνὸς</em></strong></span> <span class='ocrx_word' id='word_1_51' title='bbox 1182 992 1274 1052; x_wconf 80' lang='grc' dir='ltr'><strong>ὥν,</strong></span> <span class='ocrx_word' id='word_1_52' title='bbox 1310 991 1594 1057; x_wconf 83' lang='grc' dir='ltr'><strong><em>δυνήσεται</em></strong></span> <span class='ocrx_word' id='word_1_53' title='bbox 1606 1010 1621 1051; x_wconf 82' lang='grc'>;</span> 
     </span>
    </p>

    <p class='ocr_par' dir='ltr' id='par_1_8' title="bbox 336 1072 2025 1366">
     <span class='ocr_line' id='line_1_10' title="bbox 464 1072 2025 1136; baseline -0.001 -13"><span class='ocrx_word' id='word_1_54' title='bbox 464 1076 560 1124; x_wconf 89' lang='lat' dir='ltr'><strong>His</strong></span> <span class='ocrx_word' id='word_1_55' title='bbox 596 1072 884 1136; x_wconf 87' lang='lat' dir='ltr'><strong>compositis</strong></span> <span class='ocrx_word' id='word_1_56' title='bbox 920 1074 1063 1121; x_wconf 89' lang='lat' dir='ltr'><strong>ambo</strong></span> <span class='ocrx_word' id='word_1_57' title='bbox 1099 1075 1225 1121; x_wconf 89' lang='lat' dir='ltr'><strong>intro</strong></span> <span class='ocrx_word' id='word_1_58' title='bbox 1261 1074 1455 1132; x_wconf 87' lang='lat' dir='ltr'><strong>abeunt,</strong></span> <span class='ocrx_word' id='word_1_59' title='bbox 1491 1074 1554 1121; x_wconf 83' lang='lat' dir='ltr'><strong>ad</strong></span> <span class='ocrx_word' id='word_1_60' title='bbox 1580 1073 1936 1136; x_wconf 85' lang='lat' dir='ltr'><strong>profectionem</strong></span> <span class='ocrx_word' id='word_1_61' title='bbox 1969 1089 2025 1122; x_wconf 80' lang='lat' dir='ltr'><strong>se</strong></span> 
     </span>
     <span class='ocr_line' id='line_1_11' title="bbox 337 1150 2025 1220; baseline -0.001 -17"><span class='ocrx_word' id='word_1_62' title='bbox 337 1153 576 1220; x_wconf 76' lang='lat' dir='ltr'><strong>paraturi,</strong></span> <span class='ocrx_word' id='word_1_63' title='bbox 623 1152 861 1214; x_wconf 84' lang='lat' dir='ltr'><strong>locusque</strong></span> <span class='ocrx_word' id='word_1_64' title='bbox 905 1152 964 1201; x_wconf 83' lang='lat' dir='ltr'><strong>fit</strong></span> <span class='ocrx_word' id='word_1_65' title='bbox 1012 1153 1158 1201; x_wconf 85' lang='lat' dir='ltr'><strong>tertio</strong></span> <span class='ocrx_word' id='word_1_66' title='bbox 1211 1152 1352 1201; x_wconf 88' lang='lat' dir='ltr'><strong>chori</strong></span> <span class='ocrx_word' id='word_1_67' title='bbox 1399 1154 1624 1213; x_wconf 76' lang='lat' dir='ltr'><strong>carmini,</strong></span> <span class='ocrx_word' id='word_1_68' title='bbox 1672 1153 1749 1201; x_wconf 90' lang='lat' dir='ltr'><strong>cui</strong></span> <span class='ocrx_word' id='word_1_69' title='bbox 1785 1150 2025 1215; x_wconf 83' lang='grc' dir='ltr'><strong><em>σύστημα</em></strong></span> 
     </span>
     <span class='ocr_line' id='line_1_12' title="bbox 336 1230 2024 1299; baseline -0.004 -14"><span class='ocrx_word' id='word_1_70' title='bbox 336 1230 784 1299; x_wconf 78' lang='grc' dir='ltr'><strong><em>ἐπιφθεγματικὸν</em></strong></span> <span class='ocrx_word' id='word_1_71' title='bbox 818 1232 1129 1281; x_wconf 87' lang='lat' dir='ltr'><strong>subiunctum</strong></span> <span class='ocrx_word' id='word_1_72' title='bbox 1166 1247 1278 1281; x_wconf 89' lang='lat' dir='ltr'><strong>esse</strong></span> <span class='ocrx_word' id='word_1_73' title='bbox 1311 1234 1500 1298; x_wconf 77' lang='lat' dir='ltr'><strong>potuit,</strong></span> <span class='ocrx_word' id='word_1_74' title='bbox 1549 1248 1646 1296; x_wconf 83' lang='lat' dir='ltr'><strong>quo</strong></span> <span class='ocrx_word' id='word_1_75' title='bbox 1692 1231 2024 1297; x_wconf 72' lang='lat' dir='ltr'><strong>Bellerophon</strong></span> 
     </span>
     <span class='ocr_line' id='line_1_13' title="bbox 336 1312 2024 1366; baseline -0.002 0"><span class='ocrx_word' id='word_1_76' title='bbox 336 1332 447 1366; x_wconf 88' lang='lat' dir='ltr'><strong>cum</strong></span> <span class='ocrx_word' id='word_1_77' title='bbox 481 1314 794 1362; x_wconf 79' lang='lat' dir='ltr'><strong>Stheneboea</strong></span> <span class='ocrx_word' id='word_1_78' title='bbox 827 1312 876 1360; x_wconf 90' lang='lat' dir='ltr'><strong>in</strong></span> <span class='ocrx_word' id='word_1_79' title='bbox 910 1328 1074 1360; x_wconf 89' lang='lat' dir='ltr'><strong>aerem</strong></span> <span class='ocrx_word' id='word_1_80' title='bbox 1111 1314 1435 1362; x_wconf 76' lang='lat' dir='ltr'><strong>cummaxime</strong></span> <span class='ocrx_word' id='word_1_81' title='bbox 1471 1313 1665 1361; x_wconf 76' lang='lat' dir='ltr'><strong>evolans</strong></span> <span class='ocrx_word' id='word_1_82' title='bbox 1713 1312 2024 1363; x_wconf 84' lang='lat' dir='ltr'><strong>salutaretur.</strong></span> 
     </span>
    </p>

    <p class='ocr_par' dir='ltr' id='par_1_9' title="bbox 335 1393 2025 2091">
     <span class='ocr_line' id='line_1_14' title="bbox 463 1393 2025 1457; baseline -0.002 -14"><span class='ocrx_word' id='word_1_83' title='bbox 463 1393 749 1443; x_wconf 85' lang='lat' dir='ltr'><strong>Proximum</strong></span> <span class='ocrx_word' id='word_1_84' title='bbox 784 1398 948 1440; x_wconf 86' lang='lat' dir='ltr'><strong>actum</strong></span> <span class='ocrx_word' id='word_1_85' title='bbox 983 1393 1191 1456; x_wconf 88' lang='lat' dir='ltr'><strong>primum</strong></span> <span class='ocrx_word' id='word_1_86' title='bbox 1233 1393 1560 1442; x_wconf 81' lang='lat' dir='ltr'><strong>sollicitudine</strong></span> <span class='ocrx_word' id='word_1_87' title='bbox 1594 1393 2025 1457; x_wconf 84' lang='lat' dir='ltr'><strong>trepidationeque</strong></span> 
     </span>
     <span class='ocr_line' id='line_1_15' title="bbox 336 1470 2024 1534; baseline -0.004 -8"><span class='ocrx_word' id='word_1_88' title='bbox 336 1475 570 1532; x_wconf 78' lang='lat' dir='ltr'><strong>nutricis,</strong></span> <span class='ocrx_word' id='word_1_89' title='bbox 619 1471 947 1520; x_wconf 87' lang='lat' dir='ltr'><strong>desiderantis</strong></span> <span class='ocrx_word' id='word_1_90' title='bbox 995 1472 1268 1532; x_wconf 79' lang='lat' dir='ltr'><strong>dominam,</strong></span> <span class='ocrx_word' id='word_1_91' title='bbox 1314 1478 1418 1522; x_wconf 90' lang='lat' dir='ltr'><strong>tum</strong></span> <span class='ocrx_word' id='word_1_92' title='bbox 1470 1471 1637 1522; x_wconf 87' lang='lat' dir='ltr'><strong>Proeti</strong></span> <span class='ocrx_word' id='word_1_93' title='bbox 1683 1472 1891 1529; x_wconf 80' lang='lat' dir='ltr'><strong>reversi,</strong></span> <span class='ocrx_word' id='word_1_94' title='bbox 1939 1470 2024 1534; x_wconf 87' lang='lat' dir='ltr'><strong>qui</strong></span> 
     </span>
     <span class='ocr_line' id='line_1_16' title="bbox 337 1551 2023 1617; baseline -0.002 -15"><span class='ocrx_word' id='word_1_95' title='bbox 337 1553 768 1616; x_wconf 85' lang='lat' dir='ltr'><strong>Bellerophontem</strong></span> <span class='ocrx_word' id='word_1_96' title='bbox 804 1566 915 1599; x_wconf 88' lang='lat' dir='ltr'><strong>cum</strong></span> <span class='ocrx_word' id='word_1_97' title='bbox 947 1567 1102 1600; x_wconf 86' lang='lat' dir='ltr'><strong>uxore</strong></span> <span class='ocrx_word' id='word_1_98' title='bbox 1136 1551 1325 1617; x_wconf 84' lang='lat' dir='ltr'><strong>Pegaso</strong></span> <span class='ocrx_word' id='word_1_99' title='bbox 1359 1552 1651 1601; x_wconf 84' lang='lat' dir='ltr'><strong>insidentem</strong></span> <span class='ocrx_word' id='word_1_100' title='bbox 1679 1551 2023 1614; x_wconf 82' lang='lat' dir='ltr'><strong>volantemque</strong></span> 
     </span>
     <span class='ocr_line' id='line_1_17' title="bbox 335 1629 2023 1699; baseline -0.002 -18"><span class='ocrx_word' id='word_1_101' title='bbox 335 1648 429 1699; x_wconf 86' lang='lat' dir='ltr'><strong>per</strong></span> <span class='ocrx_word' id='word_1_102' title='bbox 472 1646 637 1680; x_wconf 88' lang='lat' dir='ltr'><strong>aerem</strong></span> <span class='ocrx_word' id='word_1_103' title='bbox 685 1630 795 1694; x_wconf 86' lang='lat' dir='ltr'><strong>ipse</strong></span> <span class='ocrx_word' id='word_1_104' title='bbox 845 1631 1215 1694; x_wconf 75' lang='lat' dir='ltr'><strong>conspexisset,</strong></span> <span class='ocrx_word' id='word_1_105' title='bbox 1269 1631 1545 1690; x_wconf 76' lang='lat' dir='ltr'><strong>iracundia,</strong></span> <span class='ocrx_word' id='word_1_106' title='bbox 1594 1631 1807 1695; x_wconf 89' lang='lat' dir='ltr'><strong>denique</strong></span> <span class='ocrx_word' id='word_1_107' title='bbox 1848 1629 2023 1679; x_wconf 86' lang='lat' dir='ltr'><strong>famuli</strong></span> 
     </span>
     <span class='ocr_line' id='line_1_18' title="bbox 335 1709 2021 1775; baseline -0.002 -14"><span class='ocrx_word' id='word_1_108' title='bbox 335 1712 559 1772; x_wconf 79' lang='lat' dir='ltr'><strong>alicuius,</strong></span> <span class='ocrx_word' id='word_1_109' title='bbox 593 1711 677 1774; x_wconf 89' lang='lat' dir='ltr'><strong>qui</strong></span> <span class='ocrx_word' id='word_1_110' title='bbox 713 1710 857 1759; x_wconf 75' lang='lat' dir='ltr'><strong>testis</strong></span> <span class='ocrx_word' id='word_1_111' title='bbox 892 1710 1073 1759; x_wconf 85' lang='lat' dir='ltr'><strong>fuisset</strong></span> <span class='ocrx_word' id='word_1_112' title='bbox 1107 1711 1470 1759; x_wconf 87' lang='lat' dir='ltr'><strong>conscensionis</strong></span> <span class='ocrx_word' id='word_1_113' title='bbox 1506 1711 1555 1758; x_wconf 89' lang='lat' dir='ltr'><strong>in</strong></span> <span class='ocrx_word' id='word_1_114' title='bbox 1593 1709 1834 1775; x_wconf 82' lang='lat' dir='ltr'><strong>Pegasum</strong></span> <span class='ocrx_word' id='word_1_115' title='bbox 1869 1709 2021 1758; x_wconf 88' lang='lat' dir='ltr'><strong>collo-</strong></span> 
     </span>
     <span class='ocr_line' id='line_1_19' title="bbox 336 1783 2024 1856; baseline -0.001 -16"><span class='ocrx_word' id='word_1_116' title='bbox 336 1793 537 1856; x_wconf 88' lang='lat' dir='ltr'><strong>quiique</strong></span> <span class='ocrx_word' id='word_1_117' title='bbox 570 1790 698 1839; x_wconf 88' lang='lat' dir='ltr'><strong>inter</strong></span> <span class='ocrx_word' id='word_1_118' title='bbox 730 1789 858 1837; x_wconf 87' lang='lat' dir='ltr'><strong>hanc</strong></span> <span class='ocrx_word' id='word_1_119' title='bbox 903 1806 1010 1838; x_wconf 90' lang='lat' dir='ltr'><strong>rem</strong></span> <span class='ocrx_word' id='word_1_120' title='bbox 1052 1790 1199 1851; x_wconf 85' lang='lat' dir='ltr'><strong>facti,</strong></span> <span class='ocrx_word' id='word_1_121' title='bbox 1253 1791 1490 1839; x_wconf 82' lang='lat' dir='ltr'><strong>relatione</strong></span> <span class='ocrx_word' id='word_1_122' title='bbox 1534 1783 1817 1840; x_wconf 85' lang='lat' dir='ltr'><strong>confectum</strong></span> <span class='ocrx_word' id='word_1_123' title='bbox 1863 1789 2024 1839; x_wconf 87' lang='lat' dir='ltr'><strong>fuisse</strong></span> 
     </span>
     <span class='ocr_line' id='line_1_20' title="bbox 337 1869 2021 1935; baseline -0.001 -15"><span class='ocrx_word' id='word_1_124' title='bbox 337 1872 576 1935; x_wconf 85' lang='lat' dir='ltr'><strong>suspicor.</strong></span> <span class='ocrx_word' id='word_1_125' title='bbox 645 1869 766 1917; x_wconf 86' lang='lat' dir='ltr'><strong>Post</strong></span> <span class='ocrx_word' id='word_1_126' title='bbox 799 1875 1023 1932; x_wconf 85' lang='lat' dir='ltr'><strong>quartum</strong></span> <span class='ocrx_word' id='word_1_127' title='bbox 1059 1869 1238 1918; x_wconf 90' lang='lat' dir='ltr'><strong>deinde</strong></span> <span class='ocrx_word' id='word_1_128' title='bbox 1272 1870 1408 1918; x_wconf 89' lang='lat' dir='ltr'><strong>chori</strong></span> <span class='ocrx_word' id='word_1_129' title='bbox 1437 1886 1631 1919; x_wconf 86' lang='lat' dir='ltr'><strong>carmen</strong></span> <span class='ocrx_word' id='word_1_130' title='bbox 1661 1885 1842 1934; x_wconf 87' lang='lat' dir='ltr'><strong>corpus</strong></span> <span class='ocrx_word' id='word_1_131' title='bbox 1872 1870 2021 1919; x_wconf 82' lang='lat' dir='ltr'><strong>Sthe-</strong></span> 
     </span>
     <span class='ocr_line' id='line_1_21' title="bbox 336 1948 2020 2016; baseline 0 -16"><span class='ocrx_word' id='word_1_132' title='bbox 336 1952 553 2000; x_wconf 90' lang='lat' dir='ltr'><strong>neboeae</strong></span> <span class='ocrx_word' id='word_1_133' title='bbox 587 1966 614 1998; x_wconf 85' lang='lat' dir='ltr'><strong>a</strong></span> <span class='ocrx_word' id='word_1_134' title='bbox 646 1948 977 2012; x_wconf 86' lang='lat' dir='ltr'><strong>piscatoribus</strong></span> <span class='ocrx_word' id='word_1_135' title='bbox 1011 1955 1270 2012; x_wconf 82' lang='lat' dir='ltr'><strong>exceptum</strong></span> <span class='ocrx_word' id='word_1_136' title='bbox 1305 1950 1410 2012; x_wconf 82' lang='lat' dir='ltr'><strong>regi</strong></span> <span class='ocrx_word' id='word_1_137' title='bbox 1445 1950 1688 1998; x_wconf 89' lang='lat' dir='ltr'><strong>moerenti</strong></span> <span class='ocrx_word' id='word_1_138' title='bbox 1709 1955 2020 2016; x_wconf 84' lang='lat' dir='ltr'><strong>reportatum</strong></span> 
     </span>
     <span class='ocr_line' id='line_1_22' title="bbox 337 2025 1690 2091; baseline 0.001 -13"><span class='ocrx_word' id='word_1_139' title='bbox 337 2025 432 2080; x_wconf 84' lang='lat' dir='ltr'><strong>est.</strong></span> <span class='ocrx_word' id='word_1_140' title='bbox 497 2028 806 2079; x_wconf 86' lang='lat' dir='ltr'><strong>Narrationis</strong></span> <span class='ocrx_word' id='word_1_141' title='bbox 839 2028 1015 2076; x_wconf 90' lang='lat' dir='ltr'><strong>horum</strong></span> <span class='ocrx_word' id='word_1_142' title='bbox 1050 2044 1163 2091; x_wconf 87' lang='lat' dir='ltr'><strong>pars</strong></span> <span class='ocrx_word' id='word_1_143' title='bbox 1200 2036 1389 2077; x_wconf 81' lang='lat' dir='ltr'><strong>servata</strong></span> <span class='ocrx_word' id='word_1_144' title='bbox 1419 2030 1546 2083; x_wconf 15' lang='lat' dir='ltr'><strong>&#39;haec</strong></span> <span class='ocrx_word' id='word_1_145' title='bbox 1580 2035 1690 2079; x_wconf 88' lang='lat' dir='ltr'><strong>est:</strong></span> 
     </span>
    </p>

    <p class='ocr_par' dir='ltr' id='par_1_10' title="bbox 467 2103 1558 2172">
     <span class='ocr_line' id='line_1_23' title="bbox 467 2103 1558 2172; baseline 0.003 -17"><span class='ocrx_word' id='word_1_146' title='bbox 467 2137 531 2147; x_wconf 93' lang='lat'><strong>--</strong></span> <span class='ocrx_word' id='word_1_147' title='bbox 565 2136 630 2146; x_wconf 91' lang='lat'><strong>-—</strong></span> <span class='ocrx_word' id='word_1_148' title='bbox 665 2106 781 2172; x_wconf 87' lang='grc' dir='ltr'><strong><em>βίος</em></strong></span> <span class='ocrx_word' id='word_1_149' title='bbox 815 2103 872 2156; x_wconf 83' lang='grc' dir='ltr'><strong>δὲ</strong></span> <span class='ocrx_word' id='word_1_150' title='bbox 904 2110 1223 2172; x_wconf 81' lang='grc' dir='ltr'><strong><em>πορφυροῦς</em></strong></span> <span class='ocrx_word' id='word_1_151' title='bbox 1254 2108 1558 2170; x_wconf 73' lang='grc' dir='ltr'><strong><em>θαλάσσιος,</em></strong></span> 
     </span>
    </p>

    <p class='ocr_par' dir='ltr' id='par_1_11' title="bbox 466 2183 1586 2252">
     <span class='ocr_line' id='line_1_24' title="bbox 466 2183 1586 2252; baseline 0.001 -14"><span class='ocrx_word' id='word_1_152' title='bbox 466 2186 567 2238; x_wconf 81' lang='grc' dir='ltr'><strong>οὐκ</strong></span> <span class='ocrx_word' id='word_1_153' title='bbox 597 2186 923 2251; x_wconf 77' lang='grc' dir='ltr'><strong><em>εὐτράπεζος,</em></strong></span> <span class='ocrx_word' id='word_1_154' title='bbox 959 2186 1069 2236; x_wconf 76' lang='grc' dir='ltr'><strong><em>ἀλλ’</em></strong></span> <span class='ocrx_word' id='word_1_155' title='bbox 1106 2183 1338 2238; x_wconf 76' lang='grc' dir='ltr'><strong><em>ἐπάκτιοι</em></strong></span> <span class='ocrx_word' id='word_1_156' title='bbox 1373 2187 1586 2252; x_wconf 87' lang='grc' dir='ltr'><strong><em>φάτναι,</em></strong></span> 
     </span>
    </p>

    <p class='ocr_par' dir='ltr' id='par_1_12' title="bbox 465 2265 1608 2334">
     <span class='ocr_line' id='line_1_25' title="bbox 465 2265 1608 2334; baseline 0.002 -16"><span class='ocrx_word' id='word_1_157' title='bbox 465 2265 604 2332; x_wconf 79' lang='grc' dir='ltr'><strong><em>ὑγρὰ</em></strong></span> <span class='ocrx_word' id='word_1_158' title='bbox 636 2265 693 2317; x_wconf 84' lang='grc' dir='ltr'><strong>δὲ</strong></span> <span class='ocrx_word' id='word_1_159' title='bbox 724 2267 910 2334; x_wconf 85' lang='grc' dir='ltr'><strong><em>μήτηρ,</em></strong></span> <span class='ocrx_word' id='word_1_160' title='bbox 948 2267 1014 2318; x_wconf 86' lang='grc' dir='ltr'><strong>οὐ</strong></span> <span class='ocrx_word' id='word_1_161' title='bbox 1046 2266 1360 2334; x_wconf 82' lang='grc' dir='ltr'><strong><em>πεδοστιβὴς</em></strong></span> <span class='ocrx_word' id='word_1_162' title='bbox 1390 2269 1608 2333; x_wconf 88' lang='grc' dir='ltr'><strong><em>τροφός,</em></strong></span> 
     </span>
    </p>

    <p class='ocr_par' dir='ltr' id='par_1_13' title="bbox 464 2346 1672 2414">
     <span class='ocr_line' id='line_1_26' title="bbox 464 2346 1672 2414; baseline 0.003 -18"><span class='ocrx_word' id='word_1_163' title='bbox 464 2348 726 2397; x_wconf 76' lang='grc' dir='ltr'><strong><em>θάλασσα.</em></strong></span> <span class='ocrx_word' id='word_1_164' title='bbox 770 2347 917 2414; x_wconf 87' lang='grc' dir='ltr'><strong><em>τήνδ’</em></strong></span> <span class='ocrx_word' id='word_1_165' title='bbox 953 2347 1204 2413; x_wconf 74' lang='grc' dir='ltr'><strong><em>άροῦμεν,</em></strong></span> <span class='ocrx_word' id='word_1_166' title='bbox 1241 2346 1297 2408; x_wconf 77' lang='grc' dir='ltr'><strong>ἐκ</strong></span> <span class='ocrx_word' id='word_1_167' title='bbox 1330 2348 1523 2414; x_wconf 87' lang='grc' dir='ltr'><strong><em>ταύτης</em></strong></span> <span class='ocrx_word' id='word_1_168' title='bbox 1556 2347 1672 2414; x_wconf 88' lang='grc' dir='ltr'><strong><em>βίος</em></strong></span> 
     </span>
    </p>

    <p class='ocr_par' dir='ltr' id='par_1_14' title="bbox 466 2425 1553 2495">
     <span class='ocr_line' id='line_1_27' title="bbox 466 2425 1553 2495; baseline 0.002 -16"><span class='ocrx_word' id='word_1_169' title='bbox 466 2426 707 2494; x_wconf 86' lang='grc' dir='ltr'><strong><em>βρόχοισι</em></strong></span> <span class='ocrx_word' id='word_1_170' title='bbox 739 2426 827 2479; x_wconf 86' lang='grc' dir='ltr'><strong>καὶ</strong></span> <span class='ocrx_word' id='word_1_171' title='bbox 859 2425 1099 2479; x_wconf 80' lang='grc' dir='ltr'><strong><em>πέδαισιν</em></strong></span> <span class='ocrx_word' id='word_1_172' title='bbox 1134 2427 1305 2480; x_wconf 80' lang='grc' dir='ltr'><strong><em>οἴκαδ’</em></strong></span> <span class='ocrx_word' id='word_1_173' title='bbox 1340 2427 1553 2495; x_wconf 73' lang='grc' dir='ltr'><strong><em>ἔρχεται.</em></strong></span> 
     </span>
    </p>

    <p class='ocr_par' dir='ltr' id='par_1_15' title="bbox 333 2507 2015 3054">
     <span class='ocr_line' id='line_1_28' title="bbox 335 2507 1098 2559; baseline 0.001 -2"><span class='ocrx_word' id='word_1_174' title='bbox 335 2507 500 2559; x_wconf 86' lang='lat' dir='ltr'><strong>Proeti</strong></span> <span class='ocrx_word' id='word_1_175' title='bbox 532 2510 680 2557; x_wconf 87' lang='lat' dir='ltr'><strong>verba</strong></span> <span class='ocrx_word' id='word_1_176' title='bbox 711 2510 838 2558; x_wconf 84' lang='lat' dir='ltr'><strong>haec</strong></span> <span class='ocrx_word' id='word_1_177' title='bbox 872 2509 1098 2558; x_wconf 84' lang='lat' dir='ltr'><strong>fuerunt:</strong></span> 
     </span>
     <span class='ocr_line' id='line_1_29' title="bbox 465 2587 1579 2656; baseline 0.001 -17"><span class='ocrx_word' id='word_1_178' title='bbox 465 2589 685 2655; x_wconf 82' lang='grc' dir='ltr'><strong><em>κομίζετ’</em></strong></span> <span class='ocrx_word' id='word_1_179' title='bbox 721 2588 844 2638; x_wconf 84' lang='grc' dir='ltr'><strong><em>εἴσω</em></strong></span> <span class='ocrx_word' id='word_1_180' title='bbox 877 2588 1062 2655; x_wconf 83' lang='grc' dir='ltr'><strong><em>τήνδε·</em></strong></span> <span class='ocrx_word' id='word_1_181' title='bbox 1096 2587 1357 2640; x_wconf 84' lang='grc' dir='ltr'><strong><em>πιστεύειν</em></strong></span> <span class='ocrx_word' id='word_1_182' title='bbox 1391 2588 1449 2640; x_wconf 85' lang='grc' dir='ltr'><strong>δὲ</strong></span> <span class='ocrx_word' id='word_1_183' title='bbox 1480 2587 1579 2656; x_wconf 82' lang='grc' dir='ltr'><strong><em>χρὴ</em></strong></span> 
     </span>
     <span class='ocr_line' id='line_1_30' title="bbox 463 2663 1634 2737; baseline 0.001 -17"><span class='ocrx_word' id='word_1_184' title='bbox 463 2667 678 2734; x_wconf 78' lang='grc' dir='ltr'><strong><em>γυναικὶ</em></strong></span> <span class='ocrx_word' id='word_1_185' title='bbox 710 2667 892 2735; x_wconf 86' lang='grc' dir='ltr'><strong><em>μηδέν,</em></strong></span> <span class='ocrx_word' id='word_1_186' title='bbox 930 2667 1065 2730; x_wconf 81' lang='grc' dir='ltr'><strong><em>ὄςτις</em></strong></span> <span class='ocrx_word' id='word_1_187' title='bbox 1099 2663 1156 2720; x_wconf 83' lang='grc' dir='ltr'><strong>εὗ</strong></span> <span class='ocrx_word' id='word_1_188' title='bbox 1191 2673 1384 2736; x_wconf 87' lang='grc' dir='ltr'><strong><em>φρονεῖ</em></strong></span> <span class='ocrx_word' id='word_1_189' title='bbox 1412 2671 1634 2737; x_wconf 81' lang='grc' dir='ltr'><strong><em>βροτῶν.</em></strong></span> 
     </span>
     <span class='ocr_line' id='line_1_31' title="bbox 336 2749 2015 2816; baseline 0.001 -19"><span class='ocrx_word' id='word_1_190' title='bbox 336 2749 546 2815; x_wconf 87' lang='lat' dir='ltr'><strong>Reliqua</strong></span> <span class='ocrx_word' id='word_1_191' title='bbox 591 2752 736 2800; x_wconf 86' lang='lat' dir='ltr'><strong>huius</strong></span> <span class='ocrx_word' id='word_1_192' title='bbox 787 2758 927 2799; x_wconf 80' lang='lat' dir='ltr'><strong>actus</strong></span> <span class='ocrx_word' id='word_1_193' title='bbox 976 2767 1090 2816; x_wconf 81' lang='lat' dir='ltr'><strong>pars</strong></span> <span class='ocrx_word' id='word_1_194' title='bbox 1138 2752 1189 2798; x_wconf 91' lang='lat' dir='ltr'><strong>in</strong></span> <span class='ocrx_word' id='word_1_195' title='bbox 1223 2752 1386 2799; x_wconf 84' lang='lat' dir='ltr'><strong>mariti</strong></span> <span class='ocrx_word' id='word_1_196' title='bbox 1419 2752 1647 2800; x_wconf 87' lang='lat' dir='ltr'><strong>lamentis</strong></span> <span class='ocrx_word' id='word_1_197' title='bbox 1679 2753 1870 2799; x_wconf 80' lang='lat' dir='ltr'><strong>versata</strong></span> <span class='ocrx_word' id='word_1_198' title='bbox 1902 2764 2015 2799; x_wconf 85' lang='lat' dir='ltr'><strong>esse</strong></span> 
     </span>
     <span class='ocr_line' id='line_1_32' title="bbox 335 2829 2015 2895; baseline -0.001 -17"><span class='ocrx_word' id='word_1_199' title='bbox 335 2832 554 2890; x_wconf 78' lang='lat' dir='ltr'><strong>videtur,</strong></span> <span class='ocrx_word' id='word_1_200' title='bbox 609 2832 783 2894; x_wconf 90' lang='lat' dir='ltr'><strong>quibus</strong></span> <span class='ocrx_word' id='word_1_201' title='bbox 819 2831 1013 2894; x_wconf 87' lang='lat' dir='ltr'><strong>quidem</strong></span> <span class='ocrx_word' id='word_1_202' title='bbox 1049 2830 1197 2879; x_wconf 90' lang='lat' dir='ltr'><strong>finem</strong></span> <span class='ocrx_word' id='word_1_203' title='bbox 1243 2831 1476 2895; x_wconf 88' lang='lat' dir='ltr'><strong>imposuit</strong></span> <span class='ocrx_word' id='word_1_204' title='bbox 1518 2829 1846 2893; x_wconf 89' lang='lat' dir='ltr'><strong>Bellerophon</strong></span> <span class='ocrx_word' id='word_1_205' title='bbox 1894 2829 2015 2877; x_wconf 89' lang='lat' dir='ltr'><strong>red-</strong></span> 
     </span>
     <span class='ocr_line' id='line_1_33' title="bbox 334 2908 2015 2973; baseline 0 -16"><span class='ocrx_word' id='word_1_206' title='bbox 334 2910 459 2969; x_wconf 88' lang='lat' dir='ltr'><strong>iens,</strong></span> <span class='ocrx_word' id='word_1_207' title='bbox 496 2926 639 2973; x_wconf 89' lang='lat' dir='ltr'><strong>quem</strong></span> <span class='ocrx_word' id='word_1_208' title='bbox 677 2910 776 2957; x_wconf 88' lang='lat' dir='ltr'><strong>noli</strong></span> <span class='ocrx_word' id='word_1_209' title='bbox 812 2910 1017 2958; x_wconf 84' lang='lat' dir='ltr'><strong>credere</strong></span> <span class='ocrx_word' id='word_1_210' title='bbox 1067 2911 1114 2958; x_wconf 87' lang='lat' dir='ltr'><strong>in</strong></span> <span class='ocrx_word' id='word_1_211' title='bbox 1159 2914 1341 2959; x_wconf 84' lang='lat' dir='ltr'><strong>terram</strong></span> <span class='ocrx_word' id='word_1_212' title='bbox 1390 2909 1737 2970; x_wconf 86' lang='lat' dir='ltr'><strong>descendisse,</strong></span> <span class='ocrx_word' id='word_1_213' title='bbox 1794 2908 1883 2958; x_wconf 90' lang='lat' dir='ltr'><strong>sed</strong></span> <span class='ocrx_word' id='word_1_214' title='bbox 1933 2908 2015 2957; x_wconf 88' lang='lat' dir='ltr'><strong>dei</strong></span> 
     </span>
     <span class='ocr_line' id='line_1_34' title="bbox 333 2988 2014 3054; baseline -0.001 -17"><span class='ocrx_word' id='word_1_215' title='bbox 333 2989 504 3049; x_wconf 85' lang='lat' dir='ltr'><strong>instar,</strong></span> <span class='ocrx_word' id='word_1_216' title='bbox 537 3005 629 3053; x_wconf 86' lang='lat' dir='ltr'><strong>per</strong></span> <span class='ocrx_word' id='word_1_217' title='bbox 663 2989 936 3038; x_wconf 86' lang='lat' dir='ltr'><strong>machinam</strong></span> <span class='ocrx_word' id='word_1_218' title='bbox 971 2989 1192 3048; x_wconf 87' lang='lat' dir='ltr'><strong>demissi,</strong></span> <span class='ocrx_word' id='word_1_219' title='bbox 1225 2990 1275 3048; x_wconf 77' lang='lat' dir='ltr'><strong>in</strong></span> <span class='ocrx_word' id='word_1_220' title='bbox 1310 2993 1442 3037; x_wconf 84' lang='lat' dir='ltr'><strong>tecto</strong></span> <span class='ocrx_word' id='word_1_221' title='bbox 1476 2988 1670 3037; x_wconf 88' lang='lat' dir='ltr'><strong>aedium</strong></span> <span class='ocrx_word' id='word_1_222' title='bbox 1718 2988 2014 3054; x_wconf 70' lang='lat' dir='ltr'><strong>constitisse,</strong></span> 
     </span>
    </p>
   </div>
   <div class='ocr_carea' id='block_1_3' title="bbox 394 3153 2015 3495">
    <p class='ocr_par' dir='ltr' id='par_1_16' title="bbox 394 3153 2015 3495">
     <span class='ocr_line' id='line_1_35' title="bbox 394 3153 2015 3214; baseline -0.001 -14"><span class='ocrx_word' id='word_1_223' title='bbox 394 3156 441 3212; x_wconf 71' lang='lat'><strong>*)</strong></span> <span class='ocrx_word' id='word_1_224' title='bbox 470 3157 622 3200; x_wconf 88' lang='lat' dir='ltr'><strong>Schol.</strong></span> <span class='ocrx_word' id='word_1_225' title='bbox 658 3157 808 3199; x_wconf 67' lang='lat' dir='ltr'><strong>venet.</strong></span> <span class='ocrx_word' id='word_1_226' title='bbox 849 3156 906 3199; x_wconf 84' lang='lat' dir='ltr'><strong>ad</strong></span> <span class='ocrx_word' id='word_1_227' title='bbox 944 3156 1075 3200; x_wconf 84' lang='lat' dir='ltr'><strong>Arist.</strong></span> <span class='ocrx_word' id='word_1_228' title='bbox 1113 3157 1220 3200; x_wconf 83' lang='lat' dir='ltr'><strong>Pac.</strong></span> <span class='ocrx_word' id='word_1_229' title='bbox 1259 3155 1363 3199; x_wconf 80' lang='lat'>123:</span> <span class='ocrx_word' id='word_1_230' title='bbox 1404 3153 1430 3200; x_wconf 79' lang='grc' dir='ltr'>ὁ</span> <span class='ocrx_word' id='word_1_231' title='bbox 1454 3154 1604 3213; x_wconf 79' lang='grc' dir='ltr'><strong><em>-λόγος</em></strong></span> <span class='ocrx_word' id='word_1_232' title='bbox 1641 3154 1691 3201; x_wconf 76' lang='grc' dir='ltr'><strong>ἐκ</strong></span> <span class='ocrx_word' id='word_1_233' title='bbox 1732 3156 2015 3214; x_wconf 73' lang='grc' dir='ltr'><strong><em>Σθενεβοίας</em></strong></span> 
     </span>
     <span class='ocr_line' id='line_1_36' title="bbox 465 3223 2014 3287; baseline -0.001 -16"><span class='ocrx_word' id='word_1_234' title='bbox 465 3224 735 3285; x_wconf 42' lang='grc' dir='ltr'><strong>Εὐριπίδουἢ</strong></span> <span class='ocrx_word' id='word_1_235' title='bbox 771 3229 864 3270; x_wconf 80' lang='grc' dir='ltr'><strong><em>κτλ.</em></strong></span> <span class='ocrx_word' id='word_1_236' title='bbox 902 3223 1030 3270; x_wconf 88' lang='grc' dir='ltr'><strong><em>Ἔστι</em></strong></span> <span class='ocrx_word' id='word_1_237' title='bbox 1071 3225 1122 3270; x_wconf 75' lang='grc' dir='ltr'><strong>δὲ</strong></span> <span class='ocrx_word' id='word_1_238' title='bbox 1161 3228 1211 3271; x_wconf 81' lang='grc' dir='ltr'><strong>ἐν</strong></span> <span class='ocrx_word' id='word_1_239' title='bbox 1247 3228 1307 3284; x_wconf 88' lang='grc' dir='ltr'><strong>τῇ</strong></span> <span class='ocrx_word' id='word_1_240' title='bbox 1343 3228 1604 3287; x_wconf 78' lang='grc' dir='ltr'><strong><em>Σθενεβοίᾳ</em></strong></span> <span class='ocrx_word' id='word_1_241' title='bbox 1650 3225 1777 3286; x_wconf 80' lang='grc' dir='ltr'><strong><em>παρὰ</em></strong></span> <span class='ocrx_word' id='word_1_242' title='bbox 1801 3224 2014 3283; x_wconf 63' lang='grc' dir='ltr'><strong><em>,τραγικῷ</em></strong></span> 
     </span>
     <span class='ocr_line' id='line_1_37' title="bbox 475 3294 2013 3356; baseline -0.001 -14"><span class='ocrx_word' id='word_1_243' title='bbox 475 3294 647 3348; x_wconf 73' lang='grc' dir='ltr'><strong><em>οὕτως·</em></strong></span> <span class='ocrx_word' id='word_1_244' title='bbox 686 3295 866 3347; x_wconf 85' lang='grc' dir='ltr'><strong><em>πέλας</em></strong></span> <span class='ocrx_word' id='word_1_245' title='bbox 907 3295 968 3341; x_wconf 78' lang='grc' dir='ltr'><strong>δὲ</strong></span> <span class='ocrx_word' id='word_1_246' title='bbox 1008 3297 1233 3353; x_wconf 82' lang='grc' dir='ltr'><strong><em>ταύτης</em></strong></span> <span class='ocrx_word' id='word_1_247' title='bbox 1259 3294 1455 3348; x_wconf 77' lang='grc' dir='ltr'><strong><em>δεινὰς</em></strong></span> <span class='ocrx_word' id='word_1_248' title='bbox 1485 3298 1726 3356; x_wconf 74' lang='grc' dir='ltr'><strong><em>’ἵδρυται</em></strong></span> <span class='ocrx_word' id='word_1_249' title='bbox 1752 3296 1900 3355; x_wconf 76' lang='grc' dir='ltr'><strong><em>κράτ</em></strong></span> <span class='ocrx_word' id='word_1_250' title='bbox 1931 3295 2013 3341; x_wconf 79' lang='grc' dir='ltr'><strong>ἔν-</strong></span> 
     </span>
     <span class='ocr_line' id='line_1_38' title="bbox 474 3362 2014 3427; baseline -0.001 -15"><span class='ocrx_word' id='word_1_251' title='bbox 474 3370 657 3425; x_wconf 79' lang='grc' dir='ltr'><strong><em>θηρος</em></strong></span> <span class='ocrx_word' id='word_1_252' title='bbox 686 3362 714 3423; x_wconf 85' lang='grc' dir='ltr'><em>ἢ</em></span> <span class='ocrx_word' id='word_1_253' title='bbox 745 3367 958 3423; x_wconf 83' lang='grc' dir='ltr'><strong><em>λῃστὴς</em></strong></span> <span class='ocrx_word' id='word_1_254' title='bbox 987 3371 1346 3425; x_wconf 75' lang='grc' dir='ltr'><strong><em>φρουρεῖται</em></strong></span> <span class='ocrx_word' id='word_1_255' title='bbox 1374 3366 1630 3414; x_wconf 79' lang='grc' dir='ltr'><strong><em>κλύδωνι</em></strong></span> <span class='ocrx_word' id='word_1_256' title='bbox 1667 3368 1846 3427; x_wconf 81' lang='grc' dir='ltr'><strong><em>δεινῷ</em></strong></span> <span class='ocrx_word' id='word_1_257' title='bbox 1881 3368 2014 3426; x_wconf 79' lang='grc' dir='ltr'><strong><em>βρο-</em></strong></span> 
     </span>
     <span class='ocr_line' id='line_1_39' title="bbox 474 3436 1539 3495; baseline 0 -13"><span class='ocrx_word' id='word_1_258' title='bbox 474 3436 732 3494; x_wconf 82' lang='grc' dir='ltr'><strong><em>τοστόνῳ</em></strong></span> <span class='ocrx_word' id='word_1_259' title='bbox 760 3436 965 3495; x_wconf 78' lang='grc' dir='ltr'><strong><em>βρέμει</em></strong></span> <span class='ocrx_word' id='word_1_260' title='bbox 994 3439 1218 3494; x_wconf 84' lang='grc' dir='ltr'><strong><em>πτηνὸς</em></strong></span> <span class='ocrx_word' id='word_1_261' title='bbox 1245 3436 1539 3495; x_wconf 75' lang='grc' dir='ltr'><strong><em>πορεύγει.</em></strong></span> 
     </span>
    </p>
   </div>
  </div>
 </body>
</html>
