2176 3874
1193 263 1315 318 444

432 409 817 473 tistrophiS,
880 406 1141 455 chorica
1194 414 1409 457 autem
1454 412 1742 458 utuntur.
1820 408 2088 461 Histrio

433 492 597 541 enim
631 487 818 536 simul
851 490 1150 535 certator
1182 493 1282 536 est
1332 492 1526 549 atque
1569 487 1897 549 imitator,
1945 489 2087 541 cho-

431 585 535 618 rus
569 573 778 616 autem
812 566 1010 614 minus
1043 562 1463 631 imitatur”*).
1529 563 1806 616 Verborum
1840 567 2088 627 Aristote-

428 648 492 696 lis
526 662 700 695 sensus
735 661 830 708 quo
866 644 1056 692 facilius
1083 647 1427 709 perspiciatur,
1453 643 1794 709 explicandum
1813 662 1928 696 esse
1948 651 2088 712 puto,

430 727 625 789 quinam
672 725 804 773 nomi
848 730 898 772 et
949 725 1032 786 qui
1065 724 1363 787 dithyrambi
1407 724 1524 772 dicti
1571 724 1683 773 sint.
1769 726 1836 775 Et
1878 726 2089 776 nominis

428 803 594 869 νόμος
639 819 812 853 sensus
858 802 1042 867 duplex
1088 810 1218 851 erat:
1275 803 1429 852 altero
1479 802 1651 852 latiore
1691 806 1940 854 modum
1984 805 2090 855 sive

429 881 691 950 ἁρμονίαν
724 881 812 945 (W
827 882 998 943 eise,
1032 881 1346 946 Melodie)
1383 882 1713 947 significabat:
1762 900 1875 934 nam
1906 883 2089 947 νόμος,

429 983 492 1015 ex
518 961 659 1028 νέμω
686 967 869 1020 natum,
905 961 953 1009 vi
985 962 1230 1025 primitiva
1263 962 1499 1025 quidquid
1530 968 1668 1012 certo
1701 963 1873 1014 ordine
1904 964 2090 1014 deseri·
2131 1010 2135 1015 .

427 1050 568 1111 ptum
611 1047 687 1092 est
731 1041 983 1104 designat,
1040 1040 1169 1088 unde
1211 1040 1395 1090 factum
1451 1045 1557 1102 est,
1614 1046 1671 1090 ut
1722 1059 1813 1107 pro
1862 1058 2089 1103 norma,

427 1139 628 1183 more,
685 1122 834 1184 lege
878 1123 1163 1182 poneretur.
1252 1120 1318 1170 Et
1364 1120 1647 1184 antiquioris
1694 1122 1912 1171 musicae
1955 1121 2091 1171 modi

428 1218 598 1253 omnes
632 1199 746 1248 stati
779 1197 1067 1260 definitique
1114 1203 1281 1256 erant,
1330 1203 1387 1247 ut
1429 1198 1586 1263 νόμοι
1627 1202 1892 1250 iustissime
1921 1200 2091 1266 appel-

429 1277 750 1341 larentur-2²²³).
816 1277 1114 1341 Angustiore
1146 1292 1292 1326 sensu
1325 1281 1515 1328 certum
1547 1279 1792 1344 quoddam
1825 1281 2092 1330 carminum

427 1376 582 1426 genus
615 1357 947 1421 significabat,
995 1356 1134 1404 cuius
1169 1364 1339 1405 auctor
1370 1357 1548 1420 Apollo
1589 1358 1746 1408 fuisse
1792 1359 2089 1425 perhibeba-

430 1446 539 1500 tur,
574 1439 702 1487 sicut
735 1435 1155 1499 dithyramborum
1190 1435 1432 1488 Bacchus,
1499 1436 1665 1487 Testis
1694 1444 1771 1488 est
1803 1439 2006 1490 Proclus
2040 1440 2091 1489 in

426 1519 593 1569 Photii
635 1516 761 1566 Bibl.
812 1531 854 1564 c.
891 1513 1196 1563 CCXXXlX.
1231 1533 1281 1580 p.
1314 1518 1440 1564 985:
1521 1516 1748 1577 „Nomus
1794 1517 1993 1581 quidem
2038 1520 2091 1568 in

426 1598 703 1664 Apollinem
737 1594 1045 1659 conscriptus
1079 1599 1183 1653 est,
1232 1610 1260 1642 a
1294 1611 1390 1658 quo
1423 1611 1603 1645 nomen
1646 1598 1860 1662 accepit:
1922 1597 2090 1648 Nomi-

426 1695 486 1728 us
532 1677 662 1725 enim
707 1674 884 1739 Apollo
935 1674 1211 1739 appellatus
1256 1680 1360 1734 est,
1412 1676 1569 1739 quod,
1615 1677 1867 1727 veteribus
1914 1679 2092 1728 choros

428 1754 840 1807 constituentibus
874 1758 924 1801 et
958 1753 1019 1800 ad
1052 1753 1223 1803 tibiam
1267 1753 1346 1801 vel
1390 1753 1547 1817 lyram
1579 1770 1758 1816 nomon
1791 1758 2091 1819 canentibus,

428 1833 805 1900 Chrysothemis
839 1833 1091 1882 Cretensis
1125 1832 1313 1896 primus
1358 1834 1484 1883 stola
1531 1850 1650 1883 usus
1692 1827 1872 1900 insigni
1915 1841 1967 1886 et
2006 1853 2090 1887 ac-

426 1919 572 1980 cepta
607 1914 816 1972 cithara,
861 1911 1137 1975 Apollinem
1171 1913 1418 1974 imitatae,
1466 1914 1643 1962 solus
1679 1915 1856 1964 cecinit
1886 1931 2089 1966 nomonz

425 1996 512 2059 qui
544 2010 656 2042 cum
691 2007 749 2041 eo
782 2006 964 2054 genere
996 1991 1310 2039 vehementer
1342 1994 1580 2056 probatus
1615 1999 1776 2055 esset,
1811 2010 2091 2058 perman-.

426 2075 506 2123 sit
538 2073 639 2121 hic
671 2085 802 2120 mos
848 2067 1277 2118 certaminis.’⁷
1342 2070 1435 2118 His
1471 2071 1784 2121 confirmatur
1816 2073 1948 2137 quod
1979 2075 2091 2124 Ari-

427 2150 632 2200 stoteles
679 2149 823 2208 dicit,
870 2164 1042 2197 nomos
1090 2148 1434 2200 certaminibus
1478 2150 1786 2213 singulorum
1823 2152 2092 2203 destinatos

484 2306 533 2360 ss)
560 2304 673 2347 lbid.
704 2307 743 2356 S.
773 2301 854 2345 30:
886 2303 1007 2355 „Gur
1035 2316 1175 2356 neque
1204 2302 1461 2369 subdorium
1489 2318 1630 2359 neque
1657 2305 1986 2362 subphryg‘ium
2011 2320 2092 2363 ge-

565 2388 646 2417 nus
672 2374 719 2415 in
750 2371 899 2414 choris
927 2372 1187 2427 tragoediae
1215 2372 1488 2425 usurpatur?
1556 2375 1623 2416 An
1651 2374 1862 2429 quoniam
1888 2375 2093 2418 antistro-

535 2445 656 2498 2ph0
693 2445 874 2495 carent,
911 2445 1064 2496 utpote
1103 2455 1216 2495 quae
1260 2442 1436 2484 scenica
1470 2443 1556 2485 sint
1594 2448 1725 2499 atque
1752 2444 1989 2487 imitationi
2016 2458 2092 2488 ac—

567 2511 892 2554 commodata.’'
956 2510 1069 2552 Ibid.
1100 2515 1138 2564 ς.
1169 2511 1219 2553 6:
1265 2512 1386 2563 „Cur
1423 2512 1657 2556 declinatio
1695 2511 2095 2575 (παρακᾳταλογή)

563 2581 611 2624 in
638 2581 838 2624 cantibus
866 2581 1043 2637 tragica
1077 2581 1177 2623 est?
1230 2581 1296 2623 An
1324 2586 1506 2636 propter
1540 2582 1937 2638 inaequalitatem?
1989 2585 2094 2627 Mo-

563 2653 708 2695 vendo
739 2651 858 2693 enim
887 2656 1039 2706 aptum
1071 2650 1378 2706 (παθητικόν)
1416 2655 1483 2694 est
1520 2653 1638 2705 quod
1676 2654 1910 2708 inaequale
1947 2658 2014 2697 est
2049 2657 2095 2697 et

564 2721 860 2778 magnitudini
901 2721 1167 2765 calamitatis
1205 2722 1433 2776 luctusque
1475 2726 1643 2776 aptum.
1700 2722 1917 2778 Aequalia
1942 2726 2093 2766 autem

564 2791 710 2834 minus
737 2791 911 2834 flebilia
938 2792 1081 2834 sunt.’'

457 2863 530 2917 ἢ)
566 2862 682 2904 Plat.
713 2860 859 2916 Legg.
890 2861 969 2903 ΙΙΙ.
999 2877 1042 2916 p.
1063 2861 1259 2904 700.A.:
1307 2860 1459 2916 „Olim
1485 2860 1531 2902 in
1559 2862 1729 2916 species
1757 2861 1971 2915 quasdam
1997 2862 2092 2904 for-

567 2944 752 2984 masque
782 2931 1004 2986 descripta
1032 2936 1128 2975 erat
1162 2930 1355 2985 musica,
1395 2934 1574 2985 eratque
1612 2930 1784 2985 species
1813 2933 1965 2973 cantus
1990 2945 2092 2985 pre—

570 3000 684 3042 catio
714 3000 921 3053 deorum,
961 3014 1075 3055 quae
1114 3003 1307 3057 hymnus
1333 3001 1607 3052 vocabatur,
1647 3000 1719 3043 cui
1747 3000 1968 3042 contraria
1996 3003 2093 3042 erat

566 3071 710 3111 altera
737 3069 935 3123 speciae,
976 3084 1083 3124 quos
1121 3072 1302 3114 threnos
1330 3074 1448 3112 recte
1489 3068 1674 3122 dixeris,
1718 3069 1848 3111 tertia
1883 3081 2093 3124 paemen,

568 3142 728 3192 quarta
755 3138 926 3181 Bacchi
955 3143 1131 3194 parma,
1172 3145 1218 3183 ut
1247 3141 1427 3195 opinor,
1455 3138 1528 3192 qui
1556 3137 1863 3193 dithyrambus
1889 3140 2092 3194 appella-

563 3208 709 3250 batur.
776 3208 907 3250 Hanc
945 3209 1089 3263 ipsam
1129 3215 1278 3253 autem
1307 3207 1643 3263 descriptionem
1682 3205 1853 3273 νόμους
1890 3209 2092 3264 appella-

566 3278 675 3319 bant
703 3278 828 3331 quasi
867 3280 1061 3335 leges,
1106 3282 1222 3335 quod
1250 3293 1410 3323 nomen
1439 3281 1553 3320 esset
1580 3279 1722 3320 altera
1749 3271 1901 3322 cantus
1929 3274 2093 3337 (ᾠδῆς)

566 3345 847 3402 significatio.
917 3349 1001 3391 His
1041 3351 1164 3393 statis
1193 3349 1471 3402 definitisque
1499 3347 1655 3390 formis
1681 3347 1876 3403 itemque
1904 3347 2006 3391 aliis
2030 3345 2093 3389 si-

568 3415 760 3472 milibuS,
789 3433 874 3462 non
903 3418 1067 3464 licebat
1095 3421 1185 3466 alia
1216 3421 1273 3464 ad
1301 3419 1437 3463 aliam
1467 3417 1673 3462 carminis
1701 3418 1898 3473 speciem
1926 3415 2093 3462 abuti.’'
