2176 3874
1132 251 1254 307 34ss

365 405 409 453 si
442 418 639 453 sensum
674 400 882 449 mortuis
916 413 1204 462 permanere
1237 397 1543 462 exploratum
1575 404 1727 458 esset,
1758 399 2022 467 dixitqu-

364 488 632 547 grammate
666 479 905 544 quodam,
959 479 1000 527 is
1046 478 1197 543 igitur
1243 480 1352 543 ipse
1386 478 1640 544 Euripidis
1674 479 1821 529 verba
1851 479 2021 533 deiot-

361 577 497 611 mare
530 577 622 609 non
660 567 739 608 est
770 560 986 608 veritus:

494 638 565 700 ὡς
600 638 778 705 ἵμερός
809 640 862 702 μ’
895 637 1103 705 ὑπῆλθε
1134 642 1206 703 γῇ
1239 654 1294 688 τε
1325 639 1574 703 κούρανῷ

487 718 627 783 λέξαι
660 720 880 787 μολόντι
908 713 1115 780 τοῦψον
1148 717 1220 778 ὡς
1253 715 1523 769 ἐσκεύασα.

361 800 537 850 Totam
571 802 785 851 fabulam
820 805 868 850 in
902 802 1056 850 risum
1094 801 1365 850 detorsisse
1411 800 1605 848 videtur
1638 797 1837 847 Strattis
1870 798 2023 848 eomi-

360 898 468 939 ωε,
500 883 564 932 de
598 898 692 947 quo
731 881 893 929 videas
919 880 1233 930 Welckerum
1268 882 1315 929 in
1350 896 1476 928 mus.
1498 879 1656 927 Rben.
1692 877 1733 936 1,
1769 880 1814 925 1.
1850 895 1902 944 p.
1927 879 2023 928 137

360 978 498 1026 seqq.
544 969 599 1011 et
632 961 933 1010 Schoellium
982 962 1028 1008 in
1073 961 1171 1008 vita
1204 961 1463 1024 Sophoclis
1506 978 1555 1025 p.
1594 960 1689 1006 1653
1725 973 1828 1021 seq.
1864 957 2022 1007 disse-

356 1049 540 1091 rentes.
617 1040 925 1104 Vituperatio
973 1040 1211 1103 quaedam
1259 1040 1540 1089 Aristotelis
1587 1043 1746 1087 exstat
1789 1038 1838 1086 in
1885 1037 2024 1086 Poet.

358 1137 402 1173 c.
431 1124 510 1169 15.
547 1120 594 1185 §.
628 1125 660 1170 Ἰ
675 1137 687 1168 :
723 1118 958 1184 φανερὸν
991 1112 1108 1178 οὖν,
1143 1116 1225 1169 ὅτι
1257 1117 1347 1170 καὶ
1379 1117 1472 1178 τὰς
1504 1117 1679 1178 λύσεις
1701 1117 1810 1168 τῶν
1830 1115 2025 1183 μύθων

358 1197 412 1262 ἐξ
445 1199 613 1251 αὐτοῦ
647 1199 730 1250 δεῖ
757 1203 854 1250 τοῦ
881 1198 1065 1263 μύθου
1104 1198 1416 1266 συμβαίνειν
1448 1197 1559 1250 καὶ
1593 1195 1676 1264 μὴ
1711 1194 1921 1264 ὥςπερ
1955 1195 2024 1250 ἐν

357 1286 435 1347 τῇ
470 1279 739 1349 Μηδείᾳ
771 1279 900 1331 ἀπὸ
933 1283 1241 1349 μηχανῆς
1273 1278 1362 1331 καὶ
1395 1278 1453 1332 ἐν
1486 1284 1552 1346 τῇ
1581 1273 1760 1330 Ἰλιάδι
1792 1276 1858 1329 τὰ
1898 1275 2023 1344 περὶ

355 1357 452 1413 τὸν
493 1360 785 1412 ἀπόπλουν.
863 1363 1077 1412 Medeae
1125 1363 1403 1411 machinam
1450 1362 1574 1410 nihil
1619 1361 1831 1421 babere,
1891 1359 2023 1424 quod

355 1443 623 1508 vituperari
655 1448 851 1508 posset,
886 1450 1023 1492 recte
1056 1442 1287 1491 iudicavit
1321 1441 1615 1501 Boeckhius‚
1650 1456 1799 1504 quum
1832 1440 1900 1489 de
1931 1439 2023 1488 du-

356 1523 474 1589 plici
515 1523 804 1572 recensione
847 1524 1173 1571 coniecturam
1219 1523 1270 1571 in
1317 1522 1532 1571 medium
1586 1519 1850 1586 proferret.
1931 1518 2025 1568 Oui

356 1609 520 1652 tamen
554 1602 850 1666 obloquutus
878 1608 953 1651 est
978 1603 1309 1662 Hermannus,
1345 1603 1447 1667 qui,
1482 1607 1569 1663 „at
1593 1599 1817 1661 currus,''
1851 1599 2026 1663 inquit,

356 1684 488 1744 „iste
522 1682 644 1730 nihil
679 1686 759 1730 est
792 1683 883 1730 nisi
917 1682 1288 1744 adminiculum,
1336 1683 1396 1731 ad
1432 1683 1561 1746 quod
1604 1680 1829 1743 confugit
1860 1685 2025 1744 poeta,

356 1778 505 1828 quum
540 1762 683 1810 aliter
717 1762 913 1826 eripere
947 1764 1164 1828 periculo
1183 1764 1413 1813 Medeam
1441 1762 1673 1812 nesciret.
1741 1761 1931 1823 Estque
1963 1758 2024 1807 il-

354 1843 440 1892 lud
474 1848 605 1891 tanto
639 1843 792 1906 magis
828 1843 1220 1908 vituperandum,
1257 1845 1389 1907 quod
1423 1842 1605 1891 nemini
1638 1856 1735 1890 non
1769 1845 1941 1905 potest
1971 1839 2021 1888 in

355 1928 572 1971 mentem
606 1922 791 1982 venire,
826 1939 912 1971 cur
945 1923 1142 1983 Medea,
1178 1940 1327 1987 quum
1363 1923 1474 1972 talis
1511 1937 1685 1970 currus
1713 1921 1901 1984 copiam
1937 1919 2026 1968 ba-

355 2002 487 2060 beat,
522 2001 803 2050 interficere
837 2002 1035 2062 liberos,
1071 2018 1214 2064 quam
1243 2019 1337 2050 una
1372 2017 1538 2050 secum
1574 2001 1738 2048 currui
1766 1999 2023 2062 impositos

355 2081 628 2141 abducere,
663 2081 941 2131 maluerit.”
1005 2082 1179 2129 Itane?
1214 2081 1448 2142 Quisnam
1483 2080 1632 2143 igitur
1670 2078 1881 2126 Medeae
1914 2079 2024 2127 talis
2109 2102 2112 2107 ·

358 2177 531 2210 currus
575 2162 623 2208 ei
673 2160 724 2208 in
768 2165 989 2209 extremo
1046 2161 1357 2210 discriminex
1386 2164 1677 2225 potestatem
1726 2157 1834 2206 fore
1877 2174 2023 2223 prae-

357 2241 582 2289 dixerat?
649 2239 822 2289 Nonne
858 2256 920 2288 ne
954 2241 1046 2289 sibi
1092 2241 1189 2305 ipsi
1241 2240 1549 2288 moriendum
1601 2244 1764 2300 esset,
1813 2239 2021 2287 veritam

355 2321 487 2370 illam
539 2336 651 2368 esse
697 2320 945 2368 declarant
992 2336 1162 2368 versus
1208 2324 1306 2368 798
1353 2335 1518 2382 seqq.:
1552 2316 1676 2366 ἴτον
1722 2317 1772 2368 τί
1804 2335 1895 2379 μοι
1924 2319 2023 2385 ζῆν

355 2397 544 2463 κέρδος
554 2420 575 2459 ,·
607 2401 715 2451 κτλ.
785 2400 857 2448 De
881 2399 1092 2449 Medeae
1117 2406 1280 2449 autem
1314 2400 1473 2448 salute
1506 2398 1688 2463 duplex
1716 2404 1876 2448 exstat
1909 2415 2022 2448 sen-

356 2483 526 2541 tentia,
561 2481 667 2529 aliis
703 2496 797 2529 non
832 2481 1049 2544 potuisse
1084 2497 1191 2528 eam
1227 2481 1392 2540 aliter,
1426 2494 1570 2543 quarn
1606 2494 1696 2543 per
1727 2480 2020 2538 machinam,

357 2561 570 2619 servari,
606 2561 711 2608 aliis
746 2576 809 2608 ne
842 2559 1074 2609 debuisse
1109 2561 1307 2624 quidem
1342 2560 1636 2608 incolumem
1671 2559 1895 2614 evadere,
1931 2560 2020 2608 sed

357 2642 510 2688 iustas
546 2641 849 2688 crudelitatis
886 2655 1068 2704 poenas
1104 2641 1250 2700 dare,
1305 2640 1634 2688 censentibus·
1702 2639 1921 2701 Quorum
1969 2639 2022 2687 hi

357 2721 555 2785 quidem
591 2727 765 2784 poetae
815 2720 1035 2769 officium
1083 2737 1192 2770 cum
1232 2719 1409 2768 iudicis
1445 2718 1781 2779 confundunt,
1829 2718 1898 2765 illi
1931 2734 2019 2766 ne-

358 2816 500 2848 cesse
534 2799 692 2847 fuisse
718 2799 947 2848 Medeam
984 2801 1170 2850 servari
1202 2800 1330 2848 falso
1364 2800 1457 2848 sibi
1481 2798 1799 2863 persuadent.
1866 2797 2018 2848 Certe

354 2880 484 2929 enim
521 2879 760 2943 Euripidi,
795 2880 1111 2930 occideretur
1142 2881 1226 2929 illa
1258 2896 1319 2928 an
1352 2884 1604 2942 superstes
1639 2883 1788 2937 esset,
1821 2877 2020 2927 minime

357 2960 623 3008 curandum
657 2958 780 3017 fuit,
831 2968 883 3008 et
930 2962 1172 3009 sexcentis
1220 2960 1328 3008 aliis
1364 2959 1601 3022 exemplis
1635 2958 1890 3006 machinae
1920 2958 2020 3005 im-

356 3044 566 3104 portune
600 3039 849 3087 adhibitae
883 3041 1045 3104 aptius
1091 3041 1190 3102 uti,
1237 3055 1379 3103 quam
1414 3054 1560 3087 curru
1593 3038 1832 3095 Medeae,
1880 3036 2019 3085 licuit

360 3117 626 3168 Aristoteli.
695 3118 891 3183 Quippe
936 3121 1206 3169 machinam
1240 3120 1325 3167 ille
1368 3119 1629 3182 probabat,
1677 3124 1916 3179 quatenus
1951 3116 2019 3165 dii

358 3213 447 3262 per
482 3214 587 3245 eam
624 3198 824 3246 demissi
858 3200 1005 3249 rebus
1041 3200 1270 3249 extremis
1306 3197 1668 3254 intervenirent,
1702 3195 1900 3246 nolebat
1932 3213 2017 3245 au-

359 3284 457 3326 tem
493 3276 717 3325 homines
750 3278 902 3342 ipsoe,
940 3295 1143 3342 quorum
1178 3279 1307 3327 salus
1342 3279 1389 3325 in
1422 3277 1705 3324 discrimine
1724 3280 2018 3336 versaretur,

361 3357 525 3406 subito
560 3371 621 3404 ex
654 3356 867 3406 miseriis
901 3359 1026 3423 eripi
1052 3365 1200 3422 atque
1223 3358 1418 3407 auferri.
1488 3356 1641 3419 Quasi
1674 3356 1800 3404 mala
1833 3356 1893 3403 ab
1927 3355 2016 3403 ho-

357 3436 586 3496 minibu8‚
620 3451 679 3484 an
713 3437 937 3487 homines
972 3454 1033 3487 ex
1069 3439 1207 3488 malis
1241 3437 1543 3498 auferantur,
1580 3435 1842 3500 quidquam
1866 3436 2017 3485 inter-
