2144 3854
1168 190 1247 246 42

373 336 655 397 ναικῶν,
689 335 904 398 itemque
937 333 1292 399 Aristophanes
1328 334 1450 385 Rau.
1487 337 1646 386 1043:
1698 337 1766 389 οὐ
1800 336 2038 406 Φαίδρας

371 417 590 471 ἐποίουν
621 413 821 478 πόρνας
855 411 980 464 οὐδὲ
1010 413 1351 481 Σθενεβοίας.

501 497 677 549 Statim
710 495 762 544 iu
794 495 1001 561 prologo
1034 501 1145 546 acta
1177 513 1289 546 esse
1321 496 1404 545 illa
1451 497 1683 559 conficio,
1730 513 1857 562 quae
1890 501 2035 550 scho-

368 581 540 628 liastes
573 575 831 626 Theocriti
864 575 956 640 (n,
991 575 1094 640 10.)
1114 612 1129 636 ,
1192 577 1466 627 Phaedram
1501 593 1614 627 cum
1645 578 2038 646 pharmaceutria

366 658 513 708 huius
545 663 725 722 poetae
756 672 1044 722 comparans
1061 694 1074 719 ,
1107 656 1294 706 refert:
1340 658 1456 717 ταῖς
1486 653 1640 722 ἔρωτι
1671 656 2040 726 κατεχομέναις

365 736 463 804 τὴν
499 736 726 804 σελήνην
758 737 1159 802 μετακαλεῖσθαι
1193 736 1450 804 σύνηθες,
1503 736 1574 811 ὠς
1606 737 1694 790 καὶ
1742 740 2039 808 Εὐριπίδης

365 821 510 870 ποιεῖ
542 817 787 884 Φαίδραν
818 816 1156 883 πράττουσαν
1188 814 1245 870 έν
1277 825 1350 886 τῷ
1382 818 1895 890 κατακαλυπτομένῳ
1933 815 2035 874 Ἱπ-

362 900 575 967 πολύτῳ
601 898 670 967 *).
734 903 864 952 Ante
907 899 1069 950 lucem
1118 901 1266 966 igitur
1309 901 1563 951 mulierem
1595 904 1776 952 amoris
1810 904 2037 954 cruciati-

361 985 455 1034 bus
488 983 673 1032 misere
705 986 928 1031 vexatam
972 981 1201 1045 prodisse
1246 996 1454 1031 necesse
1499 987 1580 1031 est
1609 988 1662 1048 et
1694 985 1925 1036 effecisse
1957 984 2039 1035 illa

363 1078 490 1127 quae
522 1062 572 1111 in
605 1061 884 1127 posteriore
917 1060 1192 1126 Hippolyto
1225 1061 1391 1111 nutrix
1423 1062 1599 1113 suadet
1629 1078 1675 1115 v,
1710 1066 1839 1115 4¹16:

492 1138 624 1192 εἰσὶν
656 1139 702 1191 δ’
726 1136 924 1210 ἐπῳδαὶ
957 1138 1046 1192 καὶ
1076 1140 1225 1207 λόγοι
1255 1140 1577 1208 θελκτήριοι,

488 1221 784 1290 φανήσεταί
811 1239 864 1274 τι
894 1222 1047 1292 τῆςδε
1071 1221 1356 1290 φάρμακον
1386 1222 1572 1276 νόσου.

358 1306 638 1370 iterumque
669 1320 718 1354 v.
753 1307 875 1355 513:

490 1383 575 1437 δεῖ
603 1383 651 1436 δ’
685 1381 738 1448 ἐξ
771 1382 979 1437 ἐκείνου
1013 1383 1081 1453 δή
1113 1402 1164 1436 τι
1195 1387 1295 1436 τοῦ
1332 1381 1679 1450 ποθουμένου

486 1468 706 1531 σημεῖον
735 1464 770 1532 ἢ
795 1463 1006 1518 ’πλόκον
1036 1467 1137 1517 τιν’
1169 1465 1204 1533 ἢ
1238 1463 1451 1518 πέπλων
1487 1468 1591 1517 ἄπο

486 1547 687 1613 λαβεῖν,
723 1545 955 1609 ξυνάψαι
987 1539 1027 1598 τ’
1062 1544 1119 1598 ἐκ
1155 1547 1311 1598 δυοῖν
1345 1546 1473 1611 μίαν
1504 1546 1672 1612 χάριν.

357 1626 593 1678 Testatur
625 1629 723 1677 hoc
756 1629 904 1677 etiam
939 1627 1230 1692 Propertius
1266 1628 1323 1689 ΙΙ,
1361 1631 1406 1689 1,
1442 1630 1532 1676 53;

486 1707 634 1770 „Seu
667 1708 794 1758 mihi
827 1709 932 1757 sint
966 1708 1239 1773 tangenda
1271 1724 1525 1758 novercae
1534 1706 1730 1774 pocula
1749 1705 2036 1766 Phaedrae,

623 1788 818 1838 Pocula
846 1789 1089 1854 privigno
1121 1804 1223 1837 non
1257 1790 1497 1838 nocitura
1529 1785 1670 1836 suo.’'

355 1868 568 1933 Prologo
600 1869 921 1918 asserendum
956 1874 1034 1916 est
1066 1868 1212 1917 etiam
1258 1868 1408 1928 illud,
1458 1866 1590 1932 quod
1633 1867 1927 1917 Plutarchus
1973 1867 2038 1916 de

353 1948 469 1997 aud.
504 1953 638 2014 poet.
674 1965 723 2014 p.
758 1950 839 2000 28.
877 1948 934 1996 A.
959 1953 1328 2006 commemorat,
1363 1947 1640 1996 Phaedram
1670 1947 2036 1996 excusationem

354 2029 549 2078 libidini
583 2043 701 2078 suae
736 2043 799 2077 ex
832 2028 1020 2077 Thesei
1051 2028 1250 2077 licentia
1283 2028 1516 2092 vagisque
1558 2027 2038 2093 peregrinationibus

354 2110 570 2174 petisse:
604 2106 692 2159 καὶ
719 2106 751 2159 ό
785 2106 1047 2174 σύσκηνος
1081 2106 1250 2158 αὐτοῦ
1285 2105 1679 2174 (Σοφοκλέους)
1713 2105 1874 2158 πάλιν
1907 2105 2038 2175 όρᾷς

355 2186 436 2240 ὅτι
469 2189 567 2256 τήν
597 2205 658 2256 γε
707 2188 950 2254 Φαίδραν
982 2185 1072 2240 καὶ
1114 2191 1584 2253 προςεγκαλοῦσαν
1628 2193 1702 2254 τῷ
1748 2189 1915 2253 Θησεῖ
1951 2204 2037 2239 πε-

353 2268 591 2335 ποίηκεν,
626 2269 698 2330 ὥς
732 2268 819 2321 διὰ
851 2268 944 2330 τὰς
977 2265 1184 2321 ἐκείνου
1217 2269 1552 2336 παρανομίας
1586 2265 1907 2335 ἐρασθεῖσαν
1938 2271 2037 2322 τοῦ

365 2351 675 2403 Ῑππολύτου.
745 2353 967 2403 Imitatus
999 2352 1125 2401 haec
1159 2357 1239 2401 est
1272 2351 1461 2401 Seneca
1493 2367 1538 2400 V.
1563 2353 1656 2399 91:

485 2461 551 2469 --
584 2461 648 2471 -
683 2432 1070 2496 „Profuqu
1110 2449 1214 2495 en,
1251 2434 1498 2482 coniux
1534 2431 1753 2492 abest,

457 2514 947 2579 'Praestatque
979 2519 1259 2579 nuptae,
1298 2528 1483 2580 quam
1514 2512 1708 2571 solet,
1749 2510 2037 2560 Theseus

1248 2593 1361 2658 fid
1376 2609 1480 2641 em.

487 2675 660 2725 Fortis
683 2690 784 2741 per
820 2673 956 2722 altas
990 2673 1118 2722 invii
1150 2678 1290 2722 retro
1323 2674 1470 2722 lacus

492 2755 650 2806 Vadit
683 2754 940 2812 tenebrae,
975 2754 1122 2805 miles
1158 2752 1374 2803 audacis
1399 2752 1552 2819 proci
1560 2770 1582 2810 ;

485 2835 632 2886 Solio
665 2841 724 2885 ut
760 2836 1020 2885 revulsam
1052 2834 1195 2900 regis
1226 2833 1427 2898 inferni
1460 2830 1746 2892 abstrahat,

412 3036 451 3091 ⁶)
480 3035 551 3078 Cf.
581 3034 807 3078 Welcker.
831 3049 875 3089 p.
898 3031 997 3077 737.
1018 3031 1236 3088 Respexit
1258 3031 1348 3074 huc
1376 3029 1516 3073 etiam
1541 3028 1685 3071 schol.
1700 3027 1887 3084 Hippol.
1905 3027 1964 3070 11.
1986 3042 2029 3070 v.

492 3103 602 3148 514:
631 3103 790 3163 ἀρίστη
821 3103 872 3150 δὲ
895 3102 1143 3160 ἐνταῦθαή
1173 3102 1416 3158 διοίκησις·
1445 3117 1472 3143 τ
1483 3097 1512 3155 ὴ
1526 3115 1553 3143 ν
1582 3115 1615 3155 μ
1627 3097 1646 3142 ὲ
1659 3114 1686 3142 ν
1715 3093 1745 3144 ὅ
1756 3101 1781 3142 λ
1792 3115 1821 3155 η
1833 3114 1860 3142 ν
1889 3113 1926 3154 φ
1939 3094 2031 3154 ἁρ-

491 3193 524 3233 μ
539 3176 602 3229 αξ
614 3192 669 3220 ιν
709 3170 772 3219 οὗ
785 3191 813 3221 κ
851 3171 949 3218 ἐπὶ
988 3188 1014 3218 σ
1025 3191 1052 3218 κ
1063 3191 1092 3231 η
1106 3174 1230 3230 νῆς,
1273 3167 1368 3216 ἀλλ’
1409 3168 1542 3215 ἔνδον
1570 3170 1765 3226 ποιῆσαι
1791 3167 2033 3226 μέλλουσα,

492 3247 710 3297 πιθανοῖς
737 3244 829 3303 ἤδη
847 3243 900 3290 τὰ
919 3242 1174 3301 κεφάλαιον
1192 3240 1394 3288 ὑπέθετο
1414 3241 1496 3296 τῆς
1516 3238 1803 3298 φαρμάξεως.
1822 3237 1923 3283 ”Es
1935 3254 1960 3282 o
1972 3239 1997 3292 ξ
2010 3254 2030 3282 ε

491 3314 595 3376 γὰρ
646 3313 713 3362 ἂν
752 3314 1019 3372 ἐνοχλεῖν
1059 3312 1419 3372 διηγουμένη
1457 3311 1740 3369 φανερῶς.
1805 3309 2029 3382 Nimirum

492 3388 752 3434 emendasse
774 3387 1037 3443 Euripidem
1067 3399 1181 3442 quac
1206 3385 1351 3429 minus
1374 3384 1670 3439 probarentur
1697 3381 1917 3437 opinatur.
