2144 3854
1180 311 1301 368 210

410 464 666 520 rasissent,
697 458 1000 507 remediatus
1035 464 1127 508 est.
1196 460 1238 508 A
1273 474 1370 523 quo
1406 473 1516 506 cum
1551 462 1806 522 peterent,
1838 464 1891 508 ut
1923 475 2091 510 secum

411 543 474 592 ad
508 540 708 589 Troiam
745 540 1114 603 expugnandam
1150 539 1274 599 iret,
1327 555 1423 587 nou
1466 538 1820 601 impetrarunt,
1872 541 2002 603 quod
2048 541 2092 588 is

412 621 693 680 Laodicen,
746 618 933 667 Priami
966 620 1148 680 filiam,
1196 635 1399 668 uxorem
1434 618 1666 676 haberet3
1719 619 1807 668 sed
1843 622 1906 668 ob
1941 621 2091 668 bene-

411 702 610 761 ficium,
647 698 775 762 quod
813 715 925 747 eum
960 706 1217 759 sanarunt,
1266 716 1352 747 eos
1389 699 1620 757 deduxit3
1670 699 1805 747 locos
1840 705 2006 748 autem
2040 706 2092 748 et

410 782 590 830 itinera
641 780 1025 839 demonstravit3
1075 781 1189 828 inde
1234 780 1281 827 iu
1320 778 1560 827 Moesiam
1597 785 1675 828 est
1707 779 1997 844 profectus”
2024 779 2091 842 ²¹¹).

411 862 490 911 Ex
523 861 619 909 hoc
654 860 848 924 epilogo
883 861 1002 908 nihil
1027 860 1414 925 fragmentorum
1435 863 1682 908 servatum
1707 864 1802 919 est,
1841 859 1936 908 uisi
1960 860 2092 908 forte

412 942 508 990 hoc
542 941 657 988 inde
691 939 982 1003 decerptum
1021 944 1127 988 est:

544 1020 766 1085 μοχθεῖν
800 1017 1004 1084 ἀνάγκη
1037 1012 1163 1079 τοὺς
1196 1017 1452 1079 θέλοντας
1485 1018 1734 1085 εὐτυχεῖν.

413 1101 506 1150 Dei
538 1102 842 1161 interventU,
893 1116 1042 1163 quum
1080 1102 1183 1149 eius
1218 1102 1325 1150 vice
1362 1100 1559 1149 oracula
1591 1102 1942 1165 fungerentur,
1996 1116 2091 1148 non

414 1181 506 1230 fuit
538 1196 680 1247 opus.

543 1261 749 1310 Praeter
783 1259 1071 1325 Euripidem
1105 1261 1201 1309 hoc
1235 1267 1575 1327 argumentum
1612 1277 1721 1309 cum
1757 1260 1840 1309 alii
1869 1260 2090 1325 complu-

412 1357 493 1390 res
517 1337 596 1403 **)
633 1345 735 1389 tum
770 1340 1047 1405 Aeschylus
1081 1347 1366 1390 tractarunt.
1437 1342 1590 1391 Cuius
1617 1342 1739 1390 ratio
1765 1345 1915 1404 atque
1949 1340 2091 1389 insti-

412 1427 574 1470 tutum
609 1420 754 1484 quale
787 1420 954 1480 fuerit,
988 1437 1278 1485 quamquam
1313 1437 1411 1470 uon
1457 1426 1626 1486 potest
1671 1437 1732 1469 ex
1777 1421 1887 1470 ullis
1941 1421 2091 1468 vesti-

412 1501 506 1566 giis
542 1500 735 1557 coniici,
770 1504 964 1558 tamen,
1013 1517 1108 1563 qua
1161 1502 1230 1549 uti
1263 1502 1392 1550 solet
1425 1506 1824 1564 argumentorum
1858 1499 2094 1566 simplici-

412 1585 532 1641 tate,
569 1585 656 1628 aut
689 1581 850 1645 Argos
896 1597 1003 1628 rem
1039 1580 1324 1629 translatam
1362 1582 1422 1629 ab
1458 1597 1518 1629 eo
1552 1587 1637 1630 aut
1671 1582 2094 1646 Clytaemnestrae

412 1676 674 1725 personam
711 1660 978 1708 immixtam
1014 1660 1172 1708 fuisse
1207 1676 1387 1725 negare
1420 1677 1513 1710 non
1549 1661 1733 1712 dubito.
1820 1659 1994 1724 Neque
2013 1676 2095 1708 me

414 1746 598 1796 movet,
635 1739 763 1804 quod
802 1740 1022 1800 scholio,
1069 1741 1200 1804 quod
1235 1747 1312 1790 est
1344 1742 1405 1789 ad
1441 1741 1698 1806 Aristoph.
1734 1741 1945 1790 Acharn.
1982 1743 2093 1790 332.

415 1819 673 1884 scriptum,
709 1820 988 1884 Aeschylus
1026 1822 1176 1869 rideri
1211 1822 1270 1869 ab
1309 1823 1637 1886 Aristophane
1671 1822 1896 1881 traditur,
1932 1822 2095 1885 utqui

415 1899 643 1948 Orestem
680 1917 707 1948 a
741 1899 967 1965 Telepho
1002 1901 1110 1964 rapi
1144 1917 1234 1964 pro
1261 1901 1465 1965 pignore
1492 1902 1663 1950 salutis
1690 1901 1882 1951 fecerit.
1918 1901 2094 1964 Neque

414 1981 546 2030 enim
580 1997 791 2045 unquam
830 1980 1188 2044 Aristophanes
1224 1981 1528 2043 Aeschylum
1563 1982 1702 2040 risit,
1750 1996 1911 2043 neque
1944 1979 2092 2028 Euri-

412 2061 577 2126 pidem
611 2060 695 2108 illo
731 2061 839 2108 loco
874 2060 1053 2125 respici
1089 2059 1344 2122 quisquam
1382 2060 1619 2108 infitiatus
1655 2065 1760 2117 est,
1807 2066 1857 2107 et
1890 2060 2093 2125 Euripi-

414 2139 528 2187 dem
561 2139 660 2187 illis
695 2140 817 2203 ipsis
854 2139 1054 2187 scholiis
1103 2140 1199 2186 dici
1246 2141 1364 2188 satis
1417 2141 1784 2188 demonstratur
1816 2140 1913 2198 iis,
1969 2157 2094 2204 quae

413 2217 645 2282 deinceps
680 2235 740 2267 ex
776 2219 1306 2282 Thesmophoriazusis
1339 2220 1401 2267 de
1418 2219 1742 2281 Mnesilocho,
1779 2219 1974 2268 culeum
2005 2235 2095 2284 pro

413 2297 600 2346 infante
644 2299 863 2347 mulieris
910 2300 1197 2363 arripientQ
1245 2300 1410 2348 addita
1443 2304 1573 2349 sunt.
1654 2299 1819 2360 Quare
1861 2300 2095 2364 Aeschyli

414 2392 591 2426 nomen
627 2395 654 2425 a
689 2379 841 2426 sciolo
893 2379 1053 2442 aliquo
1102 2380 1397 2427 inculcatum
1434 2395 1545 2427 esse
1593 2380 1714 2426 mihi
1750 2380 1947 2443 quidem
1981 2380 2094 2428 luce

415 2457 596 2506 clarius
621 2474 734 2506 esse
759 2457 968 2518 videtur,
1005 2464 1055 2506 et
1085 2467 1383 2522 cognoverat
1410 2460 1505 2507 hoc
1529 2459 1623 2507 iam
1646 2459 1799 2508 Vater
1825 2458 1912 2523 (de
1937 2459 2092 2525 Soph.

417 2537 586 2586 Alead.
622 2554 670 2603 p.
709 2538 813 2601 19).
881 2538 1044 2586 Multo
1077 2555 1195 2587 vero
1231 2540 1390 2587 minus
1446 2539 1681 2587 credibile
1728 2545 1804 2588 est
1852 2540 2092 2600 exsulem,

416 2632 652 2679 egenum,
703 2618 874 2682 pannis
926 2623 976 2666 et
1023 2620 1251 2683 squalore
1298 2620 1508 2667 obsitum
1557 2618 1838 2684 Telephum
1884 2620 1945 2668 ab
1991 2620 2092 2668 Ae-

415 2696 590 2760 schylo
621 2702 1043 2761 repraesentatum
1080 2698 1249 2748 fuisse.

548 2777 904 2842 Aristophanes
938 2794 1032 2826 non
1066 2794 1162 2828 uno
1198 2779 1336 2836 loco,
1372 2778 1461 2826 sed
1495 2778 1741 2842 pluribus,
1788 2777 1914 2830 hanc
1952 2778 2093 2826 fabu-

414 2853 512 2907 lam
557 2854 852 2904 deformavit
899 2862 950 2906 et
993 2859 1044 2906 in
1089 2858 1349 2906 ridiculum
1397 2858 1652 2906 convertit.
1719 2856 1844 2906 Nam
1894 2863 2094 2922 praeter

419 2933 760 2983 Acharnenses
808 2938 952 2986 etiam
999 2939 1046 2986 in
1091 2936 1622 3002 Thesmophoriazusis
1658 2942 1709 2986 et
1742 2937 1793 2986 in
1827 2937 2091 3002 Equitibus

484 3148 527 3202 *)
557 3148 714 3191 Liban.
746 3151 777 3191 l.
807 3151 866 3210 1.·
898 3150 976 3194 καὶ
1005 3153 1099 3196 τῶν
1128 3149 1394 3209 ἀλγηδόνων
1423 3149 1637 3203 παύεται,
1667 3153 1770 3201 ταῖς
1785 3149 1950 3195 ναυσὶν
1976 3147 2090 3207 ὁμο·

554 3219 749 3274 λογήσας
788 3220 1064 3278 ἡγήσεσθαι,
1107 3223 1182 3266 καὶ
1222 3225 1393 3278 γίνεται
1421 3223 1499 3276 τῆς
1531 3222 1734 3280 ἰατρείας
1761 3219 1929 3278 μισθὸς
1954 3216 1982 3276 ἦ
2011 3221 2092 3277 τῆς

554 3288 745 3344 ἀγνοίας
771 3291 865 3335 τῶν
905 3290 1061 3336 τόπων
1099 3290 1353 3350 ἀπαλλαγή.
1410 3293 1563 3349 Dictys
1587 3294 1653 3344 11,
1675 3291 1753 3334 10:
1793 3291 1916 3345 „dux
1955 3291 2089 3333 Tele-

557 3361 675 3415 phus
712 3362 769 3402 ob
811 3367 1043 3417 acceptam
1081 3365 1275 3420 gratiam
1316 3363 1505 3406 factus.”
1560 3365 1625 3406 Id.
1644 3364 1703 3416 Π,
1727 3362 1775 3403 7:
1807 3362 2090 3416 „Telephum

557 3431 722 3474 adeunt
748 3446 941 3487 eumque
970 3435 1025 3475 de
1055 3434 1379 3490 opportunitate
1407 3435 1620 3489 temporis
1649 3431 1922 3475 consulunt.”

445 3495 523 3552 *ἢ
550 3500 659 3542 Vide
685 3502 889 3545 Iahnium
918 3518 963 3557 p.
989 3502 1059 3544 42.
1091 3506 1303 3547 Bothium
1333 3520 1375 3560 p.
1395 3504 1464 3546 63.
1490 3505 1804 3548 Aristot.Poet.
1828 3517 1865 3545 c.
1882 3501 1950 3544 13.
1967 3503 2002 3557 ξ.
2017 3499 2057 3545 5.
