2144 3854
937 282 1058 341 177

158 430 463 499 splendidam
497 430 745 480 miseriam
761 428 855 494 ⁴¹);
887 429 984 477 iam
1030 442 1148 476 vero
1163 461 1180 485 ,
1230 426 1398 492 regiae
1427 426 1839 496 magnificentiam

158 528 271 562 oum
306 528 394 562 sua
426 512 666 561 tenuitate
698 508 1033 559 conferentem
1047 543 1064 568 ‚
1114 505 1265 556 etiam
1312 523 1467 572 pavor
1499 513 1548 559 et
1579 509 1837 573 malorum,

159 609 288 658 quae
302 607 552 658 passurus
587 594 682 651 est,
714 588 1021 654 praesagium
1054 585 1268 635 invadit:

291 671 520 738 „Egon
536 687 565 719 e
614 669 939 734 Argivum
973 668 1102 732 imp
1119 666 1326 714 eriam
1360 669 1695 733 attingam
1728 678 1843 721 aut

1009 745 1290 810 Pelopis
1334 745 1578 812 digner
1622 749 1843 801 domo?

293 830 460 894 Quoi
488 845 583 878 me
613 825 1001 877 ostendam?
1034 824 1206 893 quod
1229 827 1552 892 templum
1577 830 1843 882 adeam?

683 922 868 974 quem
903 923 1017 955 ore
1034 908 1166 972 sun
1182 911 1279 954 est
1296 922 1324 955 o
1360 906 1844 979 adloquar2’'*·'··)

290 1067 535 1132 „Quam
591 1067 942 1117 maximum
977 1067 1115 1116 etsi
1145 1065 1258 1117 hio
1289 1067 1375 1116 mi
1405 1066 1600 1118 hodie
1633 1072 1845 1121 conti-

987 1147 1169 1212 gerit
1202 1146 1498 1200 malum.''

290 1305 463 1371 „Sed
519 1307 664 1373 ipse
714 1322 808 1354 me
857 1305 1203 1370 delectat,
1265 1307 1502 1359 ductat
1558 1308 1846 1379 Delphi-

986 1385 1131 1437 cus'’
1159 1385 1285 1450 ἦυὴνςῖἶς).

292 1468 478 1520 Contra
509 1466 799 1516 adolescens
810 1502 826 1526 ‚
859 1467 1002 1531 regni
1044 1467 1309 1533 splendore
1354 1469 1646 1525 obcaecatus
1658 1514 1675 1539 ‚
1720 1477 1849 1529 bene

161 1564 366 1615 sperare
411 1548 552 1596 iubet
600 1562 658 1595 ac
702 1545 798 1594 diis
832 1546 1129 1595 ducentibus
1163 1545 1433 1598 confidere.
1501 1552 1685 1606 Carere
1717 1559 1849 1608 enim

164 1629 390 1681 omnibus
421 1625 567 1676 bonis
600 1641 733 1686 eum,
767 1625 849 1688 qui
881 1626 1056 1690 opibus
1090 1631 1254 1675 careat
1268 1644 1282 1675 z

297 1704 576 1771 ἐπίσταμαι
608 1702 667 1754 δὲ
698 1701 789 1755 καὶ
819 1702 1131 1771 πεπείραμαι
1162 1704 1300 1765 λίαν,

296 1786 368 1848 ὡς
399 1786 508 1837 τῶν
540 1782 771 1852 ἐχόντων
802 1784 992 1845 πάντες
1024 1787 1307 1852 ἄνθρωποι
1339 1786 1506 1853 φίλοι.

293 1944 532 1998 πλούτου
567 1944 616 1997 δ’
651 1943 1014 2011 ἄποῤῥνέντος
1046 1945 1288 2008 οἷο-θενεῖς
1318 1946 1482 2015 γάμοι
1493 1963 1508 1978 ·

295 2023 394 2094 τὴν
424 2025 523 2093 μὲν
554 2025 656 2093 γὰρ
693 2026 959 2094 εὐγένειαν
992 2027 1240 2079 αἰνοῦσιν
1273 2028 1474 2094 βροτοί,

293 2108 495 2174 μᾶλλον
528 2106 587 2159 δὲ
617 2107 903 2175 κηδεύονσι
934 2112 1046 2170 τοῖς
1077 2107 1404 2174 εὐδαίμοσιν.

163 2189 310 2240 Hunc
359 2194 503 2256 pater
547 2191 695 2240 docet
743 2191 1034 2241 felicitatem
1078 2206 1323 2255 nunquam
1363 2193 1501 2243 nasci
1534 2195 1596 2246 ab
1631 2198 1852 2247 externis

165 2271 320 2330 bonis,
355 2268 445 2318 sed
477 2270 528 2319 in
563 2271 667 2319 sola
698 2272 878 2321 virtute
911 2272 1122 2338 positam
1156 2287 1295 2321 esse:

298 2347 399 2400 οὐκ
433 2346 501 2399 ἂν
533 2347 724 2400 δύναιο
759 2349 831 2418 μὴ
863 2350 1051 2416 καμὼν
1085 2350 1436 2416 εὐδαιμονεῖν,

299 2427 517 2495 αἰσχρόν
549 2446 602 2480 τε
653 2434 874 2497 μοχθεῖν
907 2431 980 2500 μὴ
1014 2430 1190 2483 θέλειν
1222 2432 1457 2487 νεανίαν.

300 2537 365 2549 —-
498 2537 563 2546 —
696 2539 759 2549 —
892 2511 937 2563 εί
970 2512 1018 2564 δ’
1052 2515 1174 2577 ἄτερ
1207 2512 1392 2565 πόνων

304 2588 478 2650 δοκεῖς
509 2588 736 2651 ἔσεσθαι,
772 2592 950 2656 μῶρος
972 2586 1047 2652 εἷ,
1081 2593 1282 2658 θνητὸς
1314 2592 1498 2659 γεγώς.

172 2671 388 2721 Deorum
422 2672 490 2720 ait
521 2672 739 2721 favorem
764 2673 878 2738 plus
902 2673 1064 2722 valere
1089 2690 1235 2737 quam
1267 2691 1416 2739 opum
1438 2675 1822 2741 magnitudinem
1839 2694 1854 2726 z

301 2752 438 2802 θεοῦ
469 2747 723 2812 θέλοντος
754 2750 857 2803 κᾶν
889 2748 973 2804 ἐπὶ
1006 2749 1157 2818 ῥιπὸς
1188 2750 1379 2814 πλέοις.

171 2832 384 2899 Sperat-e
417 2838 598 2892 autem,
634 2833 743 2884 fore
776 2835 924 2883 fidam
960 2835 1126 2900 patrui
1160 2835 1443 2897 amicitiam,
1478 2835 1616 2886 stulti
1650 2852 1763 2887 esse
1782 2853 1796 2886 ε

665 2913 919 2975 „Nulla
952 2920 1192 2964 sancta
1225 2915 1529 2966 societas

314 2991 448 3043 Nec
467 2992 584 3058 sid
602 3010 667 3042 es
700 3010 728 3041 r
746 2996 909 3059 egui
942 2993 1070 3043 est‘’
1100 2992 1255 3059 ****).

303 3071 432 3122 Dum
465 3072 733 3137 Thyestes,
767 3074 983 3124 filiorum
1010 3074 1245 3124 voluntati
1270 3075 1565 3141 obsequen8‚
1603 3076 1654 3126 in
1677 3091 1737 3127 eo
1761 3080 1856 3137 est,

175 3157 233 3206 ut
262 3152 314 3203 in
348 3153 497 3203 aedes
531 3154 690 3218 regias
722 3155 903 3213 intret,
939 3170 1089 3206 senex
1124 3154 1320 3222 quidam
1338 3193 1352 3218 ‚
1402 3172 1431 3206 a
1463 3157 1630 3222 regina
1662 3158 1861 3216 missus,

242 3267 282 3321 ⁸)
312 3265 482 3310 Seneca
509 3267 590 3318 111,
619 3264 879 3308 446—470.

220 3335 293 3391 **)
319 3336 429 3380 Attii
456 3337 622 3394 ftagm.
652 3351 694 3380 n.
723 3336 766 3381 7.

208 3404 297 3460 ⁸⁰⁶)
324 3406 455 3451 Ennii
482 3407 647 3464 fragm.
676 3422 721 3450 n.
748 3407 791 3451 3.
822 3409 866 3450 et
892 3405 934 3449 2.

182 3474 291 3530 1Μ’)
318 3476 447 3521 Ennii
474 3476 641 3535 fragm.
671 3477 757 3521 inc.
786 3491 826 3519 n.
862 3475 932 3518 14.
1468 3538 1532 3583 12
