2144 3854
1015 256 1139 316 246

242 406 528 474 πατρίδα
570 405 679 457 κτλ.
746 404 954 455 Maximi
1000 406 1239 456 momenti
1285 410 1390 469 est,
1443 406 1577 470 quod
1610 406 1765 474 spolia
1797 406 1916 459 Laio

242 491 461 541 detracta
496 486 714 552 Oedipus
749 484 1046 536 Corinthum
1081 486 1288 536 deduxit
1321 492 1374 535 et
1408 487 1556 552 patri,
1591 503 1738 551 quem
1769 493 1918 555 puta-

241 573 343 632 bat,
376 567 599 618 donavit:
635 580 731 631 quo
765 565 1000 616 defuncto
1035 583 1182 631 quum
1219 565 1393 616 eadem
1427 581 1541 616 cum
1585 568 1787 631 reliquis
1821 566 1920 616 Po-

241 649 345 714 lybi
377 647 548 707 bonis,
597 646 784 711 quippe
816 647 1124 696 haereditate
1156 647 1219 696 ad
1251 647 1418 712 ipsum
1451 646 1737 710 redeuntia,
1782 645 1923 696 The-

241 729 328 778 bas
362 728 627 793 deportare
659 726 809 776 vellet
841 727 1046 790 eiusque
1079 727 1155 776 rei
1181 743 1355 777 caussa
1378 727 1672 776 Corinthum
1718 743 1775 776 se
1801 742 1921 777 cou-

241 807 476 868 tulisset‚
528 806 871 862 comitantibus
907 807 1206 856 satellitibus
1243 807 1371 867 suis,
1429 808 1509 871 qui
1543 806 1694 856 iidem
1726 806 1926 856 fuerant

240 887 371 948 Laii,
408 888 487 937 cui
518 887 602 936 ille
634 893 969 949 successerat,
1006 887 1274 946 satellites,
1318 887 1401 950 hi,
1436 887 1602 951 agnito
1637 885 1744 935 Laii
1776 902 1925 936 curru

243 968 518 1031 armisque,
565 971 616 1016 et
671 973 927 1032 comperto
978 983 1174 1032 regem,
1227 982 1372 1032 quem
1409 984 1436 1016 a
1470 967 1738 1016 latronibus
1770 967 1924 1017 inter-

242 1046 430 1097 fectum
466 1062 578 1096 esse
610 1051 755 1095 antea
788 1052 1092 1112 putaverant,
1128 1047 1309 1111 Oedipi
1343 1047 1501 1112 ipsius
1536 1063 1682 1096 manu
1708 1046 1924 1097 trucida-

242 1131 351 1178 tum
384 1141 526 1188 esse,
578 1127 749 1175 statim
795 1128 842 1175 in
890 1127 1067 1176 itinere
1099 1127 1397 1192 supplicium
1431 1112 1787 1219 &scelerato
1838 1143 1924 1177 su-

244 1222 382 1259 mere
414 1222 512 1256 non
547 1207 862 1257 dubitarunt:
911 1223 1065 1272 regno
1114 1208 1243 1257 euim
1295 1206 1647 1257 Thebanorum
1680 1207 1920 1257 insidians

244 1287 329 1336 ille
358 1303 529 1352 regem
563 1287 805 1336 occidisse
839 1287 1126 1349 videbatur,
1159 1288 1257 1353 ipsi
1303 1294 1469 1337 autem
1505 1287 1567 1336 ad
1611 1287 1924 1337 ulciscendos

243 1383 414 1417 manes
461 1366 688 1416 defuncti
733 1367 925 1431 pietate
971 1372 1118 1432 atque
1168 1367 1335 1417 officio
1383 1367 1792 1432 impellebantur3
1855 1365 1926 1415 cf.

244 1445 432 1497 Welck.
479 1463 529 1511 p.
565 1450 661 1497 538
695 1463 799 1511 seq.

375 1526 610 1575 Ceterum
646 1542 743 1576 non
776 1527 901 1575 haec
925 1527 1032 1589 ipsa
1060 1527 1314 1590 prooemio
1350 1525 1530 1591 exponi
1556 1525 1784 1590 potuisse
1816 1524 1925 1590 pla-

245 1621 363 1656 num
398 1610 489 1655 est.
559 1606 733 1656 Potius
767 1606 1029 1656 dicendum
1064 1606 1177 1667 fuit,
1211 1608 1457 1672 quomodo
1486 1605 1709 1670 Oedipus
1733 1605 1927 1669 Polybi,

248 1684 613 1735 Corinthiorum
634 1686 786 1752 regis,
822 1686 972 1746 filius,
997 1686 1188 1736 sublata
1210 1687 1451 1753 Sphinge,
1481 1690 1533 1735 et
1557 1700 1760 1749 regnum
1789 1685 1928 1734 The-

245 1768 484 1817 banorum
520 1772 571 1815 et
603 1767 804 1831 reginae
838 1767 1202 1817 matrimonium
1236 1770 1444 1833 adeptus
1480 1772 1629 1816 esset.
1697 1765 1829 1816 Tum
1863 1766 1929 1816 de

246 1845 414 1895 liberis
450 1846 586 1908 eiuS,
633 1847 696 1896 de
744 1847 884 1912 regni
931 1847 1196 1913 splendore
1243 1849 1407 1912 deque
1441 1847 1578 1895 felici
1611 1863 1780 1896 rerum
1814 1861 1930 1896 suc-

246 1941 391 1975 cessu
441 1927 784 1992 exponendum
828 1926 939 1979 fuit.
1010 1927 1234 1990 Denique
1264 1927 1341 1975 *de
1386 1932 1684 1976 commutata
1716 1926 1931 1986 fortuna,

245 2004 310 2054 de
342 2011 504 2056 morte
536 2005 728 2070 Polybi,
766 2007 831 2055 de
864 2007 1046 2072 Oedipi
1079 2007 1214 2056 luctu
1247 2013 1396 2070 atque
1419 2006 1614 2066 itinere,
1650 2006 1813 2070 deque
1838 2020 1929 2070 pe·-

248 2085 499 2146 stilentia,
553 2101 647 2149 qua
680 2087 811 2135 inter
843 2086 1116 2135 absentiam
1152 2086 1282 2135 illius
1316 2093 1450 2135 terra
1484 2092 1777 2146 vexaretur,
1813 2099 1929 2149 spe-

247 2169 466 2214 ctatores
491 2164 700 2214 docendi
723 2166 941 2217 fuerunt.
1009 2165 1155 2214 Hunc
1191 2166 1320 2215 enim
1365 2182 1531 2216 rerum
1560 2171 1742 2214 statum
1772 2163 1932 2213 fuisse

247 2259 309 2292 ex
342 2243 541 2310 Hygino
577 2245 950 2310 cognoscimus:
983 2244 1221 2305 „Interim
1257 2246 1448 2295 Thebis
1478 2244 1709 2293 sterilitas
1730 2243 1930 2310 frugum

248 2328 301 2372 et
333 2325 541 2387 penuria
574 2325 744 2374 incidit
796 2325 859 2374 ob
896 2324 1075 2389 Oedipi
1109 2325 1326 2385 scelera,
1377 2321 1929 2389 interrogatusquet'l'i-

248 2403 422 2463 resiaS,
456 2404 573 2468 quid
610 2405 677 2454 ita
711 2405 917 2455 Thebae
950 2411 1258 2465 vexarentur,
1293 2404 1579 2470 respondit:
1627 2404 1683 2453 Si
1717 2403 1828 2468 quis
1867 2417 1931 2452 ex

248 2481 524 2534 Draconteo
556 2501 740 2551 genere
775 2490 1062 2551 superesset
1112 2491 1162 2533 et
1194 2501 1285 2550 pro
1319 2485 1478 2550 patria
1512 2485 1784 2544 interisset,
1836 2499 1931 2549 pe-

249 2563 466 2612 stilentia
498 2564 834 2615 liberaturum.
901 2563 1030 2614 Tum
1064 2564 1386 2624 Menoeceus,
1421 2565 1643 2614 locastae
1677 2569 1835 2629 pater,
1871 2578 1930 2613 se

249 2641 314 2691 de
347 2644 504 2692 muris
538 2645 900 2711 praecipitavit.
967 2644 1094 2694 Dum
1127 2645 1254 2695 haec
1290 2645 1477 2696 Thebis
1511 2649 1776 2709 geruntur,
1831 2642 1929 2692 Co-

247 2721 399 2771 rinthi
433 2723 647 2789 Polybus
683 2726 913 2775 decedit'’
949 2730 1042 2775 etc.

377 2802 477 2852 Per
490 2810 645 2854 totam
670 2806 818 2855 vitam
836 2805 1078 2871 Oedipus,
1101 2806 1185 2870 qui
1199 2821 1390 2855 summo
1408 2805 1588 2868 ingenii
1605 2801 1827 2852 acumine
1842 2817 1928 2851 ae-

248 2882 411 2947 nigma
440 2882 673 2948 Sphingis
702 2886 1070 2952 interpretatur,
1105 2902 1133 2934 a
1157 2886 1250 2935 diis
1281 2884 1493 2934 eluditur
1515 2888 1565 2932 et
1589 2882 1730 2947 quasi
1752 2886 1928 2945 captus

249 2963 429 3012 mentis
463 2964 615 3012 oculis
638 2966 697 3015 ab
724 2982 894 3015 errore
916 2966 977 3016 ad
1003 2981 1224 3015 errorem
1255 2966 1452 3030 ignarus
1481 2964 1763 3026 invitusque
1793 2977 1929 3011 com-

248 3042 480 3107 pellitur,
520 3047 578 3092 ut
605 3050 857 3107 postremo
888 3047 1370 3112 imprudentissimus
1396 3044 1676 3094 mortalium
1712 3041 1930 3092 omnium

251 3120 408 3171 fuisse
434 3128 666 3188 arguatur
683 3124 743 3185 is,
767 3125 850 3189 qui
877 3126 1293 3191 prudentissimus
1316 3140 1429 3175 esse
1452 3128 1502 3172 et
1527 3122 1620 3171 sibi
1650 3129 1701 3172 et
1725 3120 1928 3184 reliquis

251 3201 386 3252 visus
420 3203 499 3252 sit.
565 3202 620 3251 In
635 3203 937 3269 ignoratione
959 3207 1109 3270 igitur
1141 3205 1357 3256 veritatis
1381 3204 1526 3252 huius
1555 3201 1792 3252 dramatis
1820 3215 1929 3251 mo-

249 3286 415 3331 menta
427 3283 590 3346 posita
605 3281 760 3333 fuisse
772 3293 993 3350 apparet.
1024 3285 1163 3335 Solet
1181 3290 1343 3334 autem
1355 3283 1638 3347 EuripideS,
1655 3295 1751 3346 quo
1772 3278 1927 3329 maio-

249 3361 386 3411 ribus
403 3362 654 3412 erroribus
671 3348 1010 3428 personafflm,
1037 3366 1123 3430 qui
1153 3369 1319 3430 agunt,
1351 3378 1433 3413 res
1452 3362 1808 3428 impediuntur,
1832 3359 1928 3409 hoc

252 3432 438 3494 enixius
462 3458 654 3507 curare,
675 3447 732 3493 ut
750 3439 1036 3508 planissime
1054 3445 1216 3496 omnia
1232 3447 1434 3512 pateant
1454 3441 1840 3508 spectatoribuS,
1876 3443 1927 3490 et
