2176 3874
980 224 1106 283 465
1159 240 1163 243 ·

579 460 649 515 Β.
745 456 1494 514 Erechtheus,

322 609 486 660 Huius
521 609 754 658 dramatis
790 611 1132 672 argumentum
1182 609 1285 655 tres
1328 608 1562 655 auctores
1612 613 1887 671 servarunt,

192 691 455 755 Lycurgus
489 690 539 738 iu
576 696 699 739 orat.
735 688 913 737 Leocr.
950 702 992 734 c.
1029 687 1110 734 24.
1146 704 1194 751 p.
1232 688 1331 734 202
1366 701 1498 749 seq„
1550 686 1887 754 Apollodorus

188 770 288 831 111,
327 774 417 830 15,
453 772 500 820 4.
553 775 606 819 et
654 770 878 834 Hyginus
926 781 968 814 c.
1004 767 1084 815 46.
1134 772 1284 829 atque
1317 769 1465 827 238.‚
1518 767 1693 830 quibus
1742 785 1888 818 acce-

189 850 314 900 dunt
349 850 643 900 Demaratus
679 866 760 913 ap.
797 846 932 895 Stob.
969 845 1208 907 xxxix,
1246 849 1327 896 33.
1365 851 1417 895 et
1452 846 1887 898 Pseudo-Plutar-

188 930 313 980 chus
350 931 528 980 Parall.
566 949 616 996 p.
656 931 767 977 310.
806 926 862 974 D.
900 926 1123 974 Imitatus
1161 932 1270 974 erat
1304 925 1509 974 Ennius.
1587 927 1888 992 Fragmenta

187 1017 383 1060 exstant
417 1017 621 1076 praeter
653 1010 751 1058 duo
786 1006 1027 1071 ampliora
1050 1005 1305 1071 complura
1332 1005 1422 1053 alia
1459 1007 1578 1054 satis
1614 1007 1883 1063 luculenta.

318 1091 522 1154 Prologi
567 1088 824 1137 materiam
869 1087 1241 1135 accuratissime
1284 1086 1487 1151 exponit
1520 1087 1884 1151 Apollodorus:

186 1170 414 1233 „Chione
449 1187 561 1220 cum
596 1168 829 1232 Neptuno
882 1168 1189 1216 concumbit:
1238 1183 1363 1231 quae
1410 1183 1520 1215 cum
1568 1168 1694 1218 clam
1741 1173 1887 1235 patre

187 1251 488 1315 Eumolpum
524 1250 834 1315 peperisset,
885 1264 947 1296 ne
994 1264 1074 1296 res
1118 1247 1279 1312 palam
1315 1247 1489 1308 fieret,
1538 1248 1587 1297 in
1623 1265 1762 1299 mare
1798 1251 1886 1300 ab·

184 1332 288 1380 iicit
335 1330 649 1380 infantulum.
734 1327 834 1377 Sed
870 1328 1132 1394 Neptunus
1167 1332 1432 1393 exceptum
1479 1328 1530 1376 in
1565 1329 1884 1396 Aethiopiam

184 1411 425 1461 transfert
448 1417 500 1459 et
527 1409 961 1473 Benthesicymae‚
981 1409 1114 1458 filiae
1140 1424 1274 1469 suae,
1305 1409 1617 1458 educandum
1636 1426 1886 1461 commen-

184 1492 272 1541 dat
306 1491 456 1556 atque
490 1491 846 1555 Amphitritae.
918 1490 1082 1551 Quum
1118 1489 1435 1548 adolevisset,
1470 1489 1882 1555 Benthesicymes

186 1572 366 1621 coniux
416 1572 624 1619 alteram
687 1572 731 1619 ei
781 1571 991 1619 filiarum
1050 1586 1253 1618 uxorem
1316 1569 1470 1618 dedit.
1569 1571 1664 1633 Qui
1721 1575 1883 1623 sorori

183 1667 383 1716 quoque
418 1653 583 1700 uxoris
617 1652 715 1700 vim
752 1651 934 1700 inferre
962 1656 1164 1700 conatus
1190 1655 1280 1700 est.
1335 1650 1669 1712 Quamobrem
1706 1653 1883 1704 exsilio

183 1732 486 1790 mulctatus,
536 1749 647 1781 cum
684 1732 871 1781 Ismaro
916 1732 1021 1780 filio
1070 1732 1133 1780 ad
1166 1730 1471 1795 Tegyrium,
1522 1731 1768 1782 Thraciae
1801 1750 1883 1784 re-

183 1828 324 1876 gem,
361 1828 417 1861 se
452 1813 689 1875 contulit,
725 1813 810 1878 qui
845 1813 995 1861 filiam
1032 1813 1079 1861 ei
1116 1829 1256 1861 suam
1292 1812 1341 1860 in
1376 1812 1742 1862 matrimonium
1780 1815 1883 1863 col-

186 1893 380 1942 locavit.
449 1892 632 1942 Postea
670 1893 1074 1959 quumTegyrio
1120 1892 1323 1941 insidias
1368 1898 1566 1941 struens
1602 1894 1882 1958 deprehen-

185 1989 270 2022 sus
306 1978 470 2035 esset,
519 1974 583 2022 ad
618 1973 899 2022 Eleusinios
938 1974 1159 2038 confugit
1195 1979 1245 2022 et
1285 1990 1396 2022 cum
1445 1974 1508 2022 iis
1554 1973 1713 2024 iunxit
1758 1976 1882 2024 ami-

184 2054 369 2103 citiam.
463 2053 657 2102 Rursus
708 2059 871 2103 autem
916 2054 1104 2104 Ismaro
1151 2054 1255 2102 filio
1304 2059 1502 2103 mortuo
1547 2060 1806 2104 revocatus
1855 2072 1883 2106 a

182 2132 404 2200 Tegyrio
441 2134 491 2182 in
528 2133 795 2183 Thraciam
831 2135 980 2183 rediit
1014 2140 1166 2197 atque
1197 2133 1362 2182 soluta
1395 2135 1526 2183 inter
1561 2151 1647 2183 eos
1685 2136 1880 2186 discor-

182 2215 263 2264 dia
297 2230 504 2278 regnum
541 2215 755 2280 accepit.
835 2214 959 2264 Mox
1007 2215 1221 2263 conflato
1267 2215 1399 2263 inter
1433 2215 1766 2266 Athenienses
1803 2220 1881 2264 at-

182 2311 281 2358 que
326 2294 606 2343 Eleusinios
654 2295 815 2356 bello,
868 2296 1058 2344 accitus
1110 2295 1170 2343 ab
1220 2294 1494 2343 Eleusiniis
1541 2311 1719 2360 magno
1767 2313 1878 2346 cum

181 2373 435 2422 Thracum
472 2375 697 2422 exercitu
731 2374 910 2422 auxilio
946 2374 1130 2424 venit.''
1216 2374 1357 2422 Haec
1393 2376 1556 2426 omnia
1601 2376 1717 2427 fuse
1752 2377 1879 2427 late-

182 2469 282 2518 que
317 2454 543 2517 exposita
580 2452 734 2502 fuisse
770 2453 1048 2519 fragmenta
1079 2453 1378 2503 ostendunt:

316 2532 615 2584 Αἰθιοπίαν
649 2550 738 2583 νιν
773 2530 980 2595 ἐξέσωσ’
1015 2529 1098 2584 ἐπὶ
1128 2531 1304 2600 χθόνα
1318 2531 1386 2596 *).

183 2612 373 2663 Gentes
408 2615 672 2676 barbaras,
709 2631 836 2679 quae
872 2615 1086 2663 Atticam
1122 2615 1448 2664 inundaturae
1482 2619 1669 2676 essent,
1704 2631 1880 2665 receu-

181 2710 296 2745 sens
343 2694 660 2744 Erechtheus
708 2695 966 2757 borealeS,
1016 2695 1374 2745 remotissimas
1422 2710 1450 2743 a
1499 2695 1654 2759 mari,
1717 2701 1879 2746 terras

184 2776 345 2825 animo
382 2774 653 2825 lustrabat:

315 2854 596 2906 vofivae'vd'
631 2853 864 2921 ἀπίχθυς
899 2853 1214 2920 βαρβάρους
1249 2853 1415 2906 οἰκεῖν
1449 2852 1606 2905 δοκῶ.

179 2935 338 2986 Simul
385 2937 449 2986 de
493 2937 596 2996 ira,
649 2954 796 3002 quam
832 2937 1095 3001 Neptunus
1145 2938 1458 3003 concepisset
1504 2937 1663 2985 victus
1711 2940 1875 2985 certa-

178 3018 338 3079 mine,
387 3033 537 3082 quum
586 3018 651 3066 de
698 3018 1016 3083 possessione
1062 3023 1228 3067 terrae
1265 3035 1377 3067 cum
1412 3017 1636 3066 Minerva
1671 3022 1876 3065 conten-

180 3097 339 3160 deret,
367 3097 531 3163 deque
568 3098 820 3148 exercitus
854 3097 1195 3164 magnitudine
1210 3096 1320 3163 **),
1363 3114 1459 3164 quo
1494 3098 1710 3147 Atticam
1744 3097 1878 3146 filius

233 3225 283 3280 *J
313 3225 460 3282 Vulgo
507 3194 679 3270 vitiatis
723 3225 919 3269 numeris
964 3221 1212 3278 ἐξέσωσαςς
1271 3223 1331 3267 cf.
1372 3223 1541 3281 Bergk.
1584 3235 1657 3277 ap.
1699 3221 1875 3264 Wclck.

207 3365 292 3420 *ἢ
319 3294 597 3409 ἓοιιιῦῖξιῑίιιε
639 3366 753 3411 illud
779 3367 951 3411 bellum
980 3365 1164 3411 Persico
1193 3364 1334 3410 fuisse
1364 3364 1428 3409 ait
1455 3364 1677 3407 Isocrates
1705 3362 1875 3419 Paneg.

318 3437 360 3489 ἓ.
389 3435 461 3479 19.
492 3451 537 3492 p.
572 3434 645 3481 54.

1507 3507 1573 3555 30
