2144 3854
1100 259 1225 316 316

1050 487 1266 560 VIII.

323 615 566 687 Duce
611 612 1225 707 Aristophane
1280 613 1763 709 Euripides
1813 631 1997 689 cum

595 718 1061 814 Aeschylo
1123 729 1720 815 comparatur.

452 970 527 1021 De
560 971 639 1032 iis,
673 986 800 1034 quae
833 969 1099 1036 Euripides
1123 972 1171 1020 in
1200 972 1450 1035 tragoedia
1470 972 1735 1031 novaverit,
1770 972 1844 1023 sic
1863 973 1995 1024 hunc

320 1053 482 1118 ipsum
517 1056 839 1115 exponentem
875 1051 1234 1115 Aristophanes
1269 1051 1389 1100 facit
1421 1052 1471 1100 in
1506 1051 1630 1101 Rau.
1666 1056 1795 1103 939:
1860 1054 1996 1115 „Ubi

319 1131 491 1197 accepi
524 1149 552 1181 a
585 1139 636 1179 te
671 1136 860 1190 artem,
907 1131 1119 1195 primum
1165 1131 1365 1195 quidem
1406 1133 1570 1181 statim
1616 1138 1898 1198 turgentem
1933 1150 1996 1184 ex

317 1209 729 1276 magniloquentia
775 1210 1164 1275 importunisqne
1210 1212 1372 1261 verbis
1419 1213 1678 1262 extenuavi
1713 1219 1765 1263 et
1799 1214 1994 1265 detraxi

316 1292 510 1356 pondus
554 1289 739 1339 voculis
786 1295 837 1338 et
880 1289 1287 1339 ambulationibus
1338 1296 1390 1340 et
1438 1292 1553 1341 beta
1597 1292 1735 1354 alba,
1789 1309 1994 1344 succum

315 1371 479 1419 dando
512 1369 1039 1433 disputatiuncularum
1075 1385 1137 1418 ex
1170 1371 1310 1419 libris
1347 1372 1651 1432 decolatum3
1686 1373 1867 1423 deinde
1898 1375 1995 1423 alui

317 1450 524 1500 canticis
558 1447 893 1515 (μονῳδίαις)
929 1449 1386 1515 Cephisophontem
1418 1451 1708 1511 miscend03
1755 1458 1862 1502 tum
1896 1469 1995 1504 non

316 1531 461 1580 obvia
505 1546 730 1594 quaeque
771 1530 1028 1579 fabulabar
1076 1547 1238 1594 neque
1281 1548 1363 1581 res
1411 1531 1773 1581 confundebam
1806 1538 1996 1583 temere

315 1610 577 1671 irruendo,
629 1610 718 1660 sed
765 1610 848 1674 qui
895 1611 1086 1676 primus
1133 1611 1254 1659 mihi
1287 1612 1519 1677 prodibat
1550 1612 1719 1661 statim
1752 1628 1908 1678 genus
1943 1617 1996 1662 et

312 1697 655 1754 argumentum
691 1691 925 1739 dramatis
960 1691 1265 1756 exponebat3
1297 1692 1510 1756 denique
1535 1708 1562 1740 a
1590 1692 1751 1757 prima
1773 1692 1996 1742 oratione

313 1769 438 1819 nihil
470 1771 785 1836 praetermisi
819 1771 1060 1828 otiosum,
1105 1772 1196 1821 sed
1242 1771 1522 1822 disserebat
1565 1772 1688 1842 mihi
1730 1777 1779 1822 et
1821 1773 1997 1822 mulier
2058 1773 2066 1780 '

312 1856 368 1915 et
401 1866 574 1900 servus
610 1857 660 1899 et
692 1851 921 1900 dominus
956 1857 1008 1899 et
1042 1851 1205 1915 puella
1239 1858 1290 1901 et
1317 1867 1455 1912 anus,
1489 1851 1540 1899 id
1568 1851 1697 1915 quod
1721 1852 1864 1902 valde
1889 1857 1997 1902 erat

311 1930 552 1996 populare
586 1928 1050 1995 (δημοκρατικόν)ε
1087 1932 1255 1980 dicere
1290 1932 1420 1982 enim
1454 1931 1588 1980 cives
1623 1931 1767 1981 docui
1802 1938 1852 1982 et
1877 1933 1994 1982 sub-

310 2010 471 2059 tilium
505 2012 786 2075 regularum
819 2011 1121 2059 intellectum
1157 2017 1208 2060 et
1240 2026 1463 2059 normam
1498 2011 1791 2070 orationum,
1823 2018 1878 2060 ut
1908 2027 1993 2060 co-

310 2097 625 2155 gnoscerent,
659 2090 901 2150 viderent,
936 2091 1251 2149 coniicerent,
1285 2090 1562 2147 flecterent,
1584 2091 1859 2147 studerent,
1885 2106 1993 2139 mo-

309 2168 537 2227 lirentur,
573 2170 941 2234 suspicarentur
965 2169 1107 2230 mala,
1142 2169 1581 2234 circumspicerent
1612 2176 1813 2220 cuncta:
1848 2169 1994 2219 fami-

309 2247 456 2297 liares
492 2249 622 2298 enim
656 2266 739 2298 res
773 2251 1138 2314 proponebam,
1197 2249 1374 2313 quibus
1421 2250 1568 2315 vulgo
1613 2251 1822 2310 utimur,
1867 2265 2014 2318 qnae.

310 2329 685 2391 consuevimus,
729 2345 791 2378 ex
826 2330 1026 2393 quibuS,
1073 2345 1222 2393 quum
1255 2328 1402 2394 vulgo
1437 2334 1585 2377 notae
1618 2333 1812 2387 essent,
1845 2329 1996 2380 facile

307 2408 420 2472 ipse
453 2424 702 2474 arguerer.
772 2409 882 2458 Non
934 2409 1172 2458 ducebam
1221 2425 1449 2473 pompam
1501 2424 1669 2458 rerum
1704 2410 1995 2458 verborum-

309 2502 425 2551 que,
461 2504 558 2537 non
593 2490 871 2539 iniiciebam
904 2495 1185 2553 stuporem,
1220 2504 1430 2538 excussa
1463 2489 1755 2553 prudentia,
1790 2504 1885 2538 non
1918 2488 1994 2538 lo-

307 2567 497 2630 quebar
528 2578 748 2618 monstra
775 2574 925 2633 atque
949 2575 1192 2633 portenta.
1261 2569 1369 2617 Hac
1395 2570 1588 2618 ratione
1613 2570 1674 2618 ad
1702 2569 1995 2634 sapiendum

306 2646 441 2696 cives
487 2649 703 2710 institui,
753 2649 1166 2714 computationem
1213 2654 1363 2711 atque
1395 2649 1757 2713 inquisitionem
1793 2650 1886 2698 arti
1918 2649 1994 2698 in-

307 2729 539 2788 texendo,
575 2735 630 2778 ut
664 2735 717 2778 et
751 2734 921 2778 cetera
956 2735 1007 2778 et
1040 2744 1146 2778 rem
1181 2728 1513 2778 familiarem
1498 2745 1596 2778 lam
1638 2729 1815 2778 melius
1849 2743 1993 2837 quam

305 2814 447 2857 antea
483 2809 616 2857 cives
650 2809 1047 2859 administrent?

438 2889 514 2938 Ab
550 2889 828 2953 Aeschylo,
877 2906 975 2938 non
1009 2906 1036 2937 a
1071 2888 1354 2954 Sophocle,
1387 2893 1542 2937 artem
1579 2886 1806 2951 Euripidi
1840 2885 1994 2934 tradi-

305 2970 407 3016 tam
443 2983 556 3016 esse
604 2969 750 3018 docet
804 2970 1191 3033 Aristophanes:
1243 2974 1351 3018 erat
1384 2968 1514 3017 enim
1550 2965 1797 3030 Sophocle
1830 2971 1995 3015 aetate

307 3062 405 3096 non
439 3048 594 3095 multo
629 3050 787 3097 minor
821 3056 871 3098 et
905 3066 1064 3115 paene
1097 3050 1272 3097 eodem
1307 3054 1530 3112 tempore
1564 3047 1758 3095 fabulas
1786 3052 1994 3110 uterque

307 3126 491 3176 docere
521 3129 701 3191 coepit,
740 3130 1016 3192 Sophocles
1052 3128 1249 3191 quidem
1287 3130 1362 3179 Ol.
1393 3131 1473 3188 77,
1502 3129 1571 3186 4.,
1606 3125 1870 3191 Euripides
1905 3141 1991 3174 au-

306 3211 407 3256 tem
443 3206 522 3254 Ol.
554 3210 635 3267 78,
666 3210 714 3257 3.
795 3210 908 3258 Hoc
953 3208 1300 3273 Aristophanis
1347 3206 1629 3256 testimonio
1677 3207 1995 3254 confirmatur

307 3286 611 3351 computatio
646 3291 951 3351 temporum,
987 3305 1130 3353 quam
1166 3293 1428 3352 sequentes
1457 3285 1746 3350 Euripidem
1782 3301 1879 3334 non
1912 3284 1993 3333 01.

308 3368 392 3428 75,
415 3368 460 3413 1.
482 3403 498 3428 ‚
534 3365 624 3414 sed
661 3366 738 3416 Ol.
772 3371 853 3428 73,
877 3370 925 3415 4.
962 3375 1130 3417 natum
1167 3383 1282 3416 esse
1316 3366 1592 3417 docuimus.
1663 3366 1994 3428 Quamobrem

311 3461 462 3511 quum
495 3446 708 3497 fratrum
742 3447 896 3498 instar
929 3450 1107 3500 eodem
1130 3452 1272 3514 patre
1295 3451 1524 3499 natorum
1553 3446 1601 3496 in
1624 3445 1992 3496 successionem
