2144 3854
1085 306 1207 364 152

440 451 767 502 Moribundus
817 452 868 500 iu
919 467 1115 502 scenam
1169 452 1386 502 refertur
1451 451 1732 520 Meleager,
1800 457 1872 506 sic
1922 456 1991 506 la-

312 539 570 583 mentans:

443 608 572 678 ὁρᾷς
607 603 675 661 σὺ
706 612 812 662 νῦν
845 609 911 677 δή
945 613 1017 676 μ’,
1052 610 1123 672 ὡς
1156 609 1438 677 ἐπράϋνας,
1472 612 1616 679 τύχη.

312 690 535 741 Inutilem
571 691 693 741 dicit
725 708 836 741 esse
868 709 1096 757 pompam
1132 694 1351 743 funeris:

442 763 571 831 τοὺς
605 772 799 834 ζῶντας
832 766 891 822 εὗ
927 771 1088 836 δρᾶν·
1122 771 1410 825 κατθανὼν
1443 771 1501 823 δὲ
1532 775 1634 834 aas
1665 771 1801 841 ἀνὴρ

443 852 511 918 γῆ
545 849 635 903 καὶ
667 852 815 904 σκιοέ·
851 851 910 903 τὸ
945 851 1112 918 μηδὲν
1149 853 1220 914 εἰς
1256 852 1414 905 οὐδὲν
1452 851 1612 919 ῥέπει.

313 929 467 981 chori
499 933 649 982 verba
681 935 804 983 haec
838 934 996 983 fuisse
1032 938 1279 1001 suspicor:

443 1014 565 1077 φεῦ,
600 1011 664 1064 τὰ
695 1013 803 1063 τῶν
837 1013 1298 1079 εὐδαιμονούντων
1344 1013 1415 1075 ὡς
1446 1013 1576 1082 τάχα
1608 1012 1818 1080 στρέφει
1849 1013 1991 1075 θεός.

313 1090 449 1142 Idem
485 1093 707 1143 Oeneum
743 1096 1047 1144 consolatur:

446 1172 654 1235 „Erat
686 1175 897 1223 virile
929 1176 1136 1239 istuc,
1185 1176 1528 1227 adversam
1548 1178 1745 1241 ferre
1765 1178 1994 1242 sortu-

964 1236 999 1268 ⁹
1165 1274 1309 1307 nam
1330 1255 1573 1322 facul?

310 1331 469 1383 Huius
503 1334 859 1399 aegritudinem
893 1336 964 1384 sic
999 1337 1228 1401 exprimit
1262 1337 1406 1388 Ovid.
1442 1353 1486 1384 v.
1526 1338 1621 1386 528
1657 1353 1827 1402 seqq.:

444 1413 705 1473 „Pulvere
741 1416 986 1464 canitiem
1018 1417 1226 1480 genitor
1260 1417 1531 1482 vultusque
1562 1418 1751 1466 seniles

445 1493 665 1553 Foeda,
701 1495 844 1543 humi
862 1496 1034 1559 susus,
1068 1497 1450 1563 spatiosumque
1483 1495 1738 1562 increpat
1759 1511 1957 1546 aevum.

447 1571 591 1622 Nam
626 1573 692 1622 de
725 1580 893 1622 matre
927 1590 1109 1623 manus
1144 1574 1247 1624 diri
1277 1576 1375 1625 sibi
1411 1576 1615 1625 conscia
1633 1577 1778 1640 sacti

443 1651 646 1718 Exegit
677 1669 874 1719 poenas
910 1660 1027 1703 acto
1057 1671 1154 1720 per
1186 1656 1388 1704 viscera
1409 1653 1606 1720 serm?

311 1731 386 1780 De
420 1732 660 1782 Althaeae
694 1738 853 1782 morte
885 1734 1152 1784 voluntaria
1186 1734 1427 1784 Diodorus
1462 1734 1729 1793 consentit3
1787 1733 1997 1798 Cleopa-

311 1817 419 1861 trae
452 1818 628 1862 ueuter
660 1813 782 1863 facit
815 1814 1108 1863 mentionem
1128 1853 1142 1876 ‚
1192 1832 1287 1878 qua
1334 1815 1383 1864 in
1429 1832 1485 1863 re
1519 1815 1808 1880 Euripidem
1842 1814 1999 1863 secuti

313 1908 427 1941 esse
461 1892 702 1942 videntur.
773 1893 1003 1942 Ceterum
1054 1895 1181 1943 haec
1226 1895 1356 1942 int-us
1391 1895 1469 1959 agi
1503 1892 1709 1943 necesse
1741 1894 1852 1943 fuit.
1922 1893 1999 1943 Ad

313 1972 536 2021 Oeneum
571 1978 736 2022 autem
772 1973 822 2020 iu
857 1989 1003 2022 scena
1038 1980 1312 2022 versantem
1347 1974 1500 2022 Diana
1535 1973 1823 2032 descendit,
1858 1972 1998 2022 cuius

311 2052 730 2118 praedictionibus
789 2053 938 2101 finem
987 2053 1260 2102 actionibus
1312 2054 1595 2118 impositum
1643 2069 1756 2103 esse
1797 2069 1858 2103 ex
1903 2053 1999 2103 hoc

312 2132 590 2195 fragmento
625 2133 965 2194 cognoscitur:

443 2208 516 2270 εἰς
549 2209 925 2277 ἄνδροβρῶτας
956 2210 1155 2279 ἡδονὰς
1187 2211 1425 2276 ἀφίξεται

441 2290 645 2357 κάρηνα
687 2285 891 2353 Τυδεὺς
926 2290 1110 2358 γένυσι,
1143 2292 1498 2344 ὰΜελανίππου
1535 2290 1751 2352 σπάσας.

313 2371 461 2422 Unde
494 2364 642 2422 etiam
677 2374 891 2423 filiarum
926 2374 1090 2438 Tydei
1114 2375 1164 2422 iu
1189 2390 1301 2422 aves
1327 2367 1670 2423 mutandarum
1696 2372 1995 2423 mentionem

310 2452 494 2502 factam
526 2467 640 2502 esse
674 2453 920 2503 coniicias.

442 2531 673 2597 Magnam
723 2532 877 2581 fuisse
910 2533 1056 2581 huius
1090 2533 1370 2597 tragoediae
1404 2533 1535 2598 apud
1569 2538 1762 2582 veteres
1798 2533 1996 2582 laudem

311 2613 650 2675 honoremque
676 2628 736 2660 ex
771 2612 1154 2661 clarissimorum
1189 2614 1483 2676 scriptorum
1518 2612 1996 2662 commemorationi-

311 2692 404 2740 bus
429 2695 649 2756 apparet.
715 2691 784 2739 Et
806 2691 1162 2756 Aristophanes
1190 2692 1388 2755 quidem
1416 2692 1547 2740 illam
1562 2692 1716 2742 semel
1738 2693 1797 2741 in’
1814 2691 1997 2741 Avibus

312 2771 379 2834 (v.
412 2768 566 2834 829.)‚
601 2775 679 2819 ter
710 2770 760 2819 in
794 2769 944 2819 Ranis
981 2768 1044 2834 (v.
1077 2773 1189 2820 864.
1225 2773 1367 2819 1240.
1392 2770 1569 2834 1316.)
1606 2769 1850 2836 respexit,
1883 2771 1995 2820 Ari-

311 2850 517 2900 stoteles
562 2851 639 2900 bis
676 2847 843 2914 (Rhet.
871 2850 1016 2911 lll,9‚
1044 2852 1093 2900 4.
1116 2857 1166 2900 et
1202 2851 1264 2899 de
1297 2854 1430 2914 poet.
1464 2849 1575 2898 aud.
1611 2852 1740 2914 apud
1772 2849 1996 2899 Macrob-

311 2928 377 2991 V,
402 2928 521 2994 18.).
557 2929 648 2979 His
675 2929 803 2980 adde
831 2929 1116 2992 Lucienum,
1152 2930 1449 2979 Demetrium
1481 2929 1771 2979 Phalereum
1797 2929 1994 2995 (fragm.

310 3006 414 3074 2.),
460 3008 767 3058 Macrobium
805 3006 1005 3075 (fragm.
1041 3009 1145 3074 3.),
1187 3008 1694 3072 Pseudoplutarchum
1736 3026 1848 3059 cum
1882 3009 1996 3059 Dio-

311 3090 454 3148 doro,
490 3088 807 3152 Apollodoro,
845 3090 1062 3154 Hygino,
1097 3089 1422 3154 grammaticis
1458 3092 1509 3136 et
1544 3089 1836 3138 scholiastiS.
1879 3089 1995 3138 Imi-

311 3168 401 3218 tati
436 3173 547 3217 sunt
579 3168 743 3217 Attiu-
777 3174 924 3232 atque
959 3168 1188 3218 Ovidius:
1212 3173 1215 3175 ’
1238 3183 1329 3217 nec
1373 3182 1469 3215 non
1517 3170 1666 3217 etiam
1709 3169 1877 3235 Scirae
1910 3184 1995 3217 co-

313 3247 429 3297 mici
461 3247 714 3312 Meleager
735 3249 904 3311 (quem
933 3253 1284 3298 commemorat
1311 3247 1759 3313 Athenaeule.p.
1780 3250 1892 3317 402.
1913 3246 1993 3314 B.)

313 3329 365 3377 iu
397 3327 655 3392 Euripidei
689 3329 853 3393 operis
888 3327 1234 3393 depravatione
1265 3333 1485 3376 versatus
1516 3344 1628 3377 esse
1652 3328 1860 3379 videtur.
1894 3329 1994 3378 Ac-

315 3409 499 3458 cedunt
529 3407 773 3457 artificum
808 3407 961 3472 sigua,
995 3424 1205 3472 quorum
1236 3406 1474 3471 reliquiae
1508 3411 1699 3456 exstant
1738 3408 1992 3473 plurimae,

316 3487 409 3539 sed
454 3488 663 3539 maxime
706 3487 912 3552 insignia
944 3488 1038 3538 tria
1070 3488 1259 3538 Romae
1287 3486 1560 3554 anaglypha
1594 3485 1859 3553 (Capitol.,
1906 3486 1990 3537 Al-
