2144 3854
937 252 1022 311 55

127 416 217 466 gos
252 400 628 466 philosophicos
662 401 805 449 inscii
829 400 1167 461 confecerunt,
1204 405 1256 450 et
1287 401 1544 466 plerique,
1578 416 1733 465 quum
1764 402 1830 452 (le

125 486 352 532 veterum
385 483 682 548 tragicorum
714 480 898 529 fabulis
933 480 1199 542 disserunt,
1229 481 1328 530 hoc
1363 483 1529 546 egisse
1550 481 1830 548 poetas&-

126 563 348 625 firmant,
381 568 440 612 ut
473 563 549 612 vel
582 562 848 611 sententias
884 562 1120 626 quasdam
1153 577 1437 611 communes
1462 562 1542 613 vel
1566 568 1848 629 praecepta>

126 644 534 710 philosophorum
567 643 868 706 argumentis
894 642 1190 703 fabularum,
1222 647 1456 706 tanquam
1478 644 1751 709 exempliss.
1770 644 1830 697 il-

126 724 421 773 lustrarent:
456 739 582 788 quae
619 725 895 772 sententiae
928 728 1108 788 quanto
1144 723 1243 772 sint
1279 724 1533 789 graviores
1571 725 1830 776 honestio-

126 821 310 869 resque
343 811 396 855 et
429 809 611 869 quanto
644 805 928 854 declaratae
962 806 1256 866 evidentiuS,
1290 810 1428 854 tanto
1462 821 1615 870 opera
1656 810 1830 871 poeta-

127 902 238 936 rum
271 885 632 953 praestantiora
667 901 782 934 esse
817 890 1038 935 censent.
1106 885 1219 935 Non
1251 902 1378 951 nego
1403 885 1519 934 talia
1553 902 1614 935 ex
1649 886 1831 937 fabulis

127 967 423 1032 tragicorum
457 966 651 1032 percipi
682 982 852 1031 posse,
889 966 1021 1016 sicut
1053 982 1146 1016 nec
1181 967 1244 1016 ad
1273 967 1551 1018 docendum
1577 982 1661 1016 eas
1690 970 1831 1031 aptas

128 1064 243 1097 esse
273 1046 483 1107 infitior3
535 1048 624 1096 sed
679 1047 793 1096 talia
840 1063 868 1096 a
902 1048 1069 1113 poetis
1105 1049 1328 1112 quaesita
1364 1063 1479 1097 esse
1511 1063 1658 1112 nego.
1729 1045 1832 1096 Sed

126 1128 190 1177 ad
225 1129 532 1194 propositum
566 1128 738 1178 redeo.
806 1129 860 1178 In
906 1129 1180 1193 tetralogiis
1230 1145 1428 1193 quoque
1475 1127 1833 1195 componendis

127 1208 472 1258 delectationis
536 1211 778 1259 rationem
828 1210 1040 1275 primam
1089 1210 1249 1259 fuisse
1308 1209 1552 1260 Horatius
1601 1212 1832 1270 testatur,

125 1305 327 1340 caussas
360 1290 626 1356 proferens
659 1291 1122 1341 manifestissimas:
1377 1280 1380 1290 ’

980 1389 1081 1432 „eo
1115 1371 1251 1439 quod

262 1451 530 1502 lllecebrz's
567 1457 683 1503 erat
721 1458 774 1502 et
807 1459 967 1518 grata
1000 1454 1236 1504 novitate
1270 1452 1551 1503 morandus

260 1531 545 1600 Spectator
565 1536 890 1601 functusque
922 1536 1089 1584 sacris
1125 1540 1176 1584 et
1204 1541 1361 1601 potus
1397 1541 1448 1583 et
1486 1532 1687 1583 exlex?

126 1613 276 1663 Unde
309 1631 607 1679 quemquam
641 1616 886 1680 tragicum
910 1621 1113 1680 poetam
1139 1615 1365 1665 studiose
1386 1631 1588 1682 operam
1615 1614 1834 1676 dedisse,

128 1701 187 1744 ut
221 1694 452 1743 continua
486 1711 656 1744 rerum
691 1696 822 1743 serie
868 1695 1036 1745 iuncta
1079 1697 1301 1746 dramata
1348 1696 1400 1745 in
1443 1701 1696 1746 certamen
1743 1694 1835 1745 de·—

125 1776 367 1837 mitteret,
398 1791 555 1841 neg03
601 1780 653 1824 et
702 1777 745 1824 si
791 1776 870 1824 vel
916 1778 1130 1826 maxime
1173 1777 1455 1842 Aeschylus
1499 1777 1599 1826 hoc
1631 1782 1836 1826 secutus

126 1858 220 1918 sit,
256 1860 393 1905 certe
425 1855 642 1918 reliquos
676 1855 794 1903 inde
827 1871 856 1903 a
906 1855 1158 1922 Sophocle
1204 1858 1266 1906 ab
1300 1858 1432 1906 illius
1468 1858 1696 1907 instituto
1731 1856 1836 1905 dis-

125 1936 343 1986 cessisse
393 1935 633 1999 intelligo.
708 1934 871 1984 Multo
921 1943 1086 1986 autem
1135 1938 1328 2000 minus,
1385 1955 1530 2004 quam
1583 1937 1834 1986 actionum

123 2017 487 2084 perpetuitate,
537 2032 684 2080 quam
717 2017 1002 2082 percipiunt
1037 2019 1189 2068 etiam
1239 2020 1505 2079 ineruditi,
1558 2016 1837 2067 continuari

124 2098 318 2147 fabulas
352 2113 484 2146 nexu
509 2098 834 2161 cogitatorum
860 2101 1100 2161 potuisse,
1136 2114 1262 2162 quae
1287 2097 1457 2160 rebus,
1493 2098 1637 2161 quasi
1660 2113 1838 2146 exem-

124 2179 239 2245 plis,
275 2177 667 2238 declararentur,
703 2178 902 2243 planum
939 2182 1032 2230 est.
1103 2178 1234 2241 Quid
1269 2179 1400 2227 enim
1434 2182 1694 2243 sperarent
1712 2193 1837 2243 poe·
1875 2204 1878 2207 >

125 2266 207 2309 tae
239 2258 383 2327 plana
416 2258 530 2307 fore
563 2258 870 2308 multitudini
904 2275 979 2319 ea,
1016 2276 1143 2324 quae
1178 2259 1326 2307 etiam
1346 2259 1660 2308 eruditorum
1683 2274 1838 2323 saepe

124 2356 334 2390 acumen
378 2339 649 2403 fugerent‘!
695 2346 780 2388 aut
826 2340 946 2404 quid
994 2340 1308 2398 elaborarent
1356 2339 1528 2399 iniis,
1577 2355 1704 2403 quae
1757 2337 1838 2387 vel

125 2421 336 2470 maxime
383 2419 564 2470 effecta
605 2436 753 2470 nemo
799 2419 1142 2469 intellecturus
1192 2418 1432 2484 esset‘3*)
1513 2418 1702 2468 Omnes
1751 2418 1838 2484 qui

127 2501 311 2564 ubique
342 2506 626 2565 temporum
663 2500 874 2571 fueruntv
904 2506 957 2549 et
989 2501 1213 2550 locorum
1262 2505 1476 2565 poetae,
1528 2514 1622 2548 nec
1674 2501 1836 2549 minus

198 2685 240 2740 *)
273 2683 423 2741 Digna
452 2686 580 2735 sunt,
611 2695 727 2738 quae
757 2682 1075 2734 advertantur,
1117 2682 1301 2725 Goethii
1330 2683 1499 2738 verba,
1538 2697 1625 2738 quo
1655 2687 1837 2726 auctore

267 2755 364 2798 sine
407 2753 544 2796 dubio
591 2767 723 2796 nemo
764 2758 830 2796 est
877 2753 923 2796 in
963 2754 1054 2795 hoc
1097 2753 1279 2808 quidem
1311 2768 1495 2815 'genere
1541 2755 1834 2809 locupletior:

270 2827 443 2880 „Sollte
474 2826 643 2867 sodann
673 2826 754 2867 der
789 2824 979 2867 Dichter
1006 2823 1131 2867 nicht
1156 2825 1263 2866 bald
1296 2826 1489 2880 gewahr
1512 2825 1707 2877 werden,
1737 2825 1839 2868 dara

267 2900 375 2942 dem
400 2897 543 2939 Volke
576 2910 634 2938 an
664 2897 744 2938 der
770 2896 917 2953 Folge
947 2910 1034 2953 gar
1062 2895 1210 2937 nichts
1239 2897 1435 2952 gelegen
1470 2895 1560 2939 ist?
1606 2898 1749 2940 Sollte
1788 2912 1838 2940 er

267 2970 392 3012 nicht
419 2969 532 3024 klug
562 2982 619 3009 zu
651 2967 822 3010 seinem
850 2966 1052 3010 Vortheil
1073 2967 1381 3023 gebrauchen,
1414 2967 1514 3009 dass
1535 2981 1584 3008 er
1606 2982 1655 3009 es
1674 2967 1757 3009 mit
1772 2967 1838 3009 ei-

269 3054 350 3083 ner
377 3038 720 3096 leichtsinnigen
750 3038 1056 3081 Gesellschaft
1083 3053 1138 3080 zu
1166 3039 1278 3080 thun
1307 3036 1427 3080 hat?
1474 3039 1538 3080 Er
1569 3039 1667 3094 gibt
1694 3038 1839 3082 lieber

273 3110 367 3154 sein
396 3111 617 3152 Innerstes
648 3110 740 3163 auf,
771 3111 840 3152 als
870 3123 916 3151 es
945 3109 1044 3150 sich
1074 3122 1190 3166 ganz
1213 3108 1347 3152 allein
1367 3110 1456 3151 und
1477 3114 1680 3153 umsonst
1704 3124 1838 3152 sauer

270 3181 454 3225 werden
496 3196 553 3223 zu
595 3181 797 3224 lassen!'’
853 3180 1006 3235 Neque
1045 3182 1179 3236 plane
1218 3179 1297 3222 ille
1326 3181 1554 3236 neglexit,
1585 3195 1700 3235 quae
1729 3180 1839 3224 fecit

271 3253 368 3309 ipse
398 3252 445 3295 in
474 3253 658 3296 Faustin
691 3258 874 3309 poetam
904 3266 932 3294 a
959 3252 1239 3294 scenicorum
1267 3252 1501 3307 praefecto
1531 3252 1733 3294 moneri:

331 3324 476 3379 „Gebt
506 3324 576 3365 ihr
603 3324 672 3366 ein
703 3326 850 3376 Smek,
885 3339 932 3366 so
961 3324 1064 3379 gebt
1091 3338 1135 3366 es
1165 3323 1309 3380 gleich
1338 3324 1615 3366 inStzzcken.
1646 3346 1704 3355 -

334 3394 439 3436 Was
466 3395 623 3449 hiffffs,
654 3410 774 3437 wenn
802 3396 873 3437 ihr
902 3395 973 3436 ein
1005 3395 1171 3437 Ganzes
1201 3394 1531 3451 dargebracht?

333 3466 424 3507 Das
458 3466 676 3508 Publicum
705 3466 815 3509 wird
843 3480 888 3509 es
916 3466 1019 3508 euch
1049 3466 1158 3508 doch
1185 3466 1493 3522 zerpfliicken.⁷'
