2144 3854
1180 260 1262 317 28

385 419 693 456 reversurum
738 418 878 453 esse:
926 410 976 454 et
1022 404 1220 469 quidem
1266 405 1401 455 solus
1443 406 1569 457 haec
1616 407 1778 456 omnia
1809 407 2051 472 perficere

384 485 502 547 vult,
536 484 900 548 quiescentibus
933 483 1175 536 Troianis
1239 485 1498 534 Gauden‘te
1530 485 1610 534 his
1645 487 1901 550 magnifice
1932 505 2049 554 pro-

381 565 544 613 missis
580 563 751 623 choro,
784 579 944 628 neque
976 565 1221 615 Achillem
1255 580 1415 629 neque
1448 565 1650 616 Aiacem
1681 565 1814 615 illius
1846 566 2048 619 fortitu-

381 644 482 691 dini
515 658 685 706 parem
721 660 832 694 esse
866 644 1077 705 dicente,
1112 661 1208 693 non
1240 645 1465 693 consistit
1492 645 1541 694 in
1561 646 1656 694 hoc
1680 646 2047 712 magniloquen—

381 722 482 770 tiae
520 721 703 787 gradu,
753 724 842 772 sed
887 725 1094 774 liberata
1135 729 1269 773 terra
1319 722 1644 774 Troianorum
1687 741 1771 784 se,
1829 732 2049 784 assumto

381 801 630 865 Hectore,
677 804 953 853 universam
988 804 1246 853 Graeciam
1277 804 1574 853 domituram
1610 821 1723 855 esse
1757 792 2048 870 pollicetur:

380 882 624 946 superatis
661 883 791 932 enim
825 885 1099 945 occisisque
1132 885 1326 947 optimis
1363 885 1658 949 quibusque,
1694 885 1779 949 qui
1812 886 1862 935 in
1897 885 2050 936 Troia

380 963 663 1027 congregati
695 964 816 1022 sint,
866 963 1062 1012 facilem
1095 962 1205 1012 fore
1237 964 1491 1012 victoriam
1537 965 1816 1017 arbitratur.
1885 965 2048 1029 Quae-

378 1047 517 1091 rente
551 1042 729 1091 deinde
753 1043 987 1103 Hectore,
1021 1045 1071 1092 in
1106 1058 1311 1108 quanam
1344 1044 1592 1093 exercitus
1615 1050 1774 1110 parte,
1808 1046 1857 1095 in
1882 1045 2047 1095 medio

376 1137 439 1172 an
483 1122 534 1171 in
577 1123 805 1171 cornibus
852 1139 906 1172 se
942 1123 1171 1172 collocari
1224 1123 1371 1185 velit,
1417 1123 1573 1173 solum
1608 1140 1663 1174 se
1697 1129 1749 1174 et
1782 1126 1960 1176 cubare
1994 1130 2047 1175 et

377 1218 491 1252 cum
536 1202 762 1251 hostibus
809 1203 1044 1268 congredi
1087 1203 1214 1253 velle
1247 1203 1493 1253 ostendit:
1537 1204 1613 1253 sin
1647 1204 1867 1264 Hector,
1915 1205 2048 1268 quod

375 1282 436 1331 ab
469 1282 788 1331 incendendis
822 1285 1022 1332 navibus
1058 1282 1376 1346 excludatur,
1411 1300 1559 1348 aegre
1593 1284 1752 1346 ferat,
1787 1300 1844 1333 se
1877 1288 2048 1334 contra

374 1361 617 1412 Achillem
651 1363 804 1412 aciem
841 1364 1219 1413 constituturum
1254 1380 1382 1414 esse.
1438 1365 1568 1414 Tum
1603 1364 1667 1414 de
1700 1363 1901 1430 reliquis
1933 1364 2048 1412 viris

374 1442 620 1507 primariis
667 1460 939 1506 quaerenS,
989 1445 1256 1493 secundum
1300 1444 1547 1495 Achillem
1589 1444 1890 1494 fortissimos
1935 1459 2048 1493 esse

375 1523 573 1571 Aiacem
607 1539 665 1571 ac
690 1522 980 1572 DIomedem
1015 1524 1235 1582 docetur,
1271 1525 1483 1572 maxime
1506 1540 1624 1573 vero
1652 1525 1865 1573 omnium
1893 1523 2045 1588 Ulys-

375 1602 444 1651 sis
479 1603 710 1651 astutiam
744 1603 1010 1650 timendam
1044 1618 1181 1662 esse,
1230 1607 1284 1652 ut
1327 1604 1410 1666 qui
1454 1604 1503 1650 in
1537 1605 1708 1652 urbem
1738 1603 1862 1652 clam
1895 1607 2045 1652 noctu

373 1683 622 1746 ingressus
653 1681 924 1729 Palladium
951 1698 1013 1730 ex
1038 1681 1223 1747 templo
1248 1681 1504 1732 Minervae
1532 1680 1811 1744 abstulerit,
1843 1682 2045 1732 iterum-

374 1778 470 1827 que
503 1761 718 1809 mendici
750 1754 970 1810 habitum
1004 1777 1180 1825 gerens
1216 1762 1494 1826 speculator
1527 1763 1574 1810 in
1608 1763 1781 1810 urbem
1809 1762 2045 1812 mediam-

374 1858 469 1906 que
501 1839 832 1890 Troianorum
879 1842 1165 1889 concionem
1211 1842 1425 1902 venerit,
1474 1842 1748 1905 occisisque
1793 1847 2046 1907 portarum

374 1920 691 1980 custodibus,
725 1936 897 1984 magna
932 1920 1084 1969 caede
1119 1920 1326 1981 effecta,
1362 1921 1521 1970 salvus
1554 1921 1790 1980 redierit,
1834 1921 2046 1986 denique

373 2016 574 2066 semper
606 2015 762 2065 prope
797 2000 968 2048 urbem
1004 2000 1065 2049 ad
1100 2016 1231 2048 aram
1257 2000 1622 2065 Thymbraeam
1658 2002 1892 2051 insidians
1927 2017 2044 2050 con-

373 2081 480 2130 silia
501 2079 826 2129 Troianorum
854 2080 1093 2145 exploret.
1144 2080 1236 2128 His
1263 2080 1443 2130 auditis
1468 2081 1666 2131 Rhesus
1701 2080 1864 2130 furem
1899 2085 2046 2146 atque

373 2163 611 2211 latronem
644 2160 801 2209 vivum
837 2175 864 2207 a
900 2176 955 2209 se
995 2164 1219 2225 captum,
1256 2162 1529 2225 adactoque
1561 2177 1652 2226 per
1685 2160 1898 2210 medium
1933 2176 2044 2209 cor-

372 2257 466 2307 pus
512 2242 707 2306 stipite,
755 2242 839 2305 qui
885 2257 977 2305 per
1023 2256 1078 2289 os
1114 2246 1363 2304 emergat,
1412 2257 1576 2290 escam
1611 2240 1890 2292 volucribus
1924 2256 2041 2307 pro-

371 2322 583 2387 positum
618 2321 679 2368 iri
713 2321 966 2386 praedicit.
1027 2319 1155 2370 Tum
1189 2321 1378 2370 Hector
1410 2321 1589 2380 locum,
1624 2322 1675 2369 in
1711 2336 1806 2385 quo
1831 2321 2043 2386 separati

371 2419 398 2449 a
431 2401 634 2465 reliquis
668 2401 873 2462 cubent,
919 2400 1067 2449 sociis
1120 2402 1332 2463 assignat
1379 2399 1624 2463 simulque
1656 2405 1896 2448 tesseram
1930 2417 2039 2449 cum

370 2482 431 2529 iis
467 2481 818 2540 communicat,
870 2480 1070 2528 chorum
1118 2484 1280 2528 autem
1313 2479 1501 2544 vigilias
1537 2495 1683 2543 agere
1717 2486 1768 2529 et
1802 2479 2042 2529 Dolonem

371 2565 700 2610 revertentem
723 2559 939 2624 opperiri
966 2560 1117 2608 iubet.
1150 2560 1244 2608 His
1270 2559 1528 2608 transactis
1554 2559 1753 2608 Rhesus
1782 2566 1834 2610 et
1853 2560 2044 2610 Hector

370 2641 582 2702 abeunt,
619 2656 741 2705 quos
776 2640 994 2702 sequitur
1029 2639 1177 2687 etiam
1211 2639 1421 2699 choruS,
1457 2639 1757 2690 excitaturus
1793 2657 1822 2690 e
1855 2639 2043 2701 somno,

370 2721 456 2786 qui
490 2721 771 2782 succedant,
807 2735 894 2768 eos
928 2719 1128 2780 militeS,
1163 2719 1337 2782 quibus
1373 2723 1544 2782 quarta
1570 2721 1730 2784 vigilia
1752 2719 1938 2783 agenda
1964 2719 2041 2770 sit.

464 2860 466 2863 .
501 2800 713 2864 Egregie
759 2799 857 2849 hoc
898 2804 1011 2848 actu
1054 2799 1245 2848 Hector
1279 2798 1520 2864 gloriosus
1555 2803 1606 2847 et
1640 2799 1977 2864 magniloquus
2012 2817 2042 2849 a

367 2881 537 2931 Rheso
569 2879 858 2944 gloriosiore
890 2882 942 2928 et
974 2878 1447 2945 magniloquentiore
1481 2884 1771 2943 superatur,
1819 2894 1917 2943 quo
1966 2879 2042 2938 fit,

370 2965 427 3010 ut
459 2958 559 3020 ille,
592 2958 964 3023 obstupefactus
999 2960 1223 3007 vastitate
1258 2958 1345 3019 rei,
1382 2956 1526 3006 cedat
1559 2959 1828 3023 provincia,
1863 2959 1912 3008 in
1948 2975 2043 3025 qua

368 3040 578 3106 primam
610 3053 868 3104 personam
903 3054 1050 3102 agere
1082 3042 1320 3102 nequeat,
1363 3042 1441 3098 et,
1488 3036 1550 3085 ad
1600 3038 1919 3088 sobrietatem
1961 3054 2041 3087 re-

366 3135 561 3179 versuS,
594 3119 731 3167 illum
766 3134 960 3183 quoque
993 3134 1021 3165 a
1053 3118 1291 3182 partibus,
1327 3132 1447 3180 quas
1480 3116 1643 3166 victus
1678 3118 1914 3180 deseruit,
1951 3118 2040 3168 de-

366 3201 566 3250 trahere
599 3202 818 3248 conetur.
887 3198 1027 3247 Haec
1074 3198 1268 3263 penitus
1319 3212 1379 3246 ex
1425 3196 1576 3244 animi
1622 3197 1826 3247 humani
1869 3201 2040 3248 natura

366 3280 546 3330 hausta
589 3294 701 3329 esse
747 3278 791 3327 si
824 3278 933 3343 quis
976 3278 1198 3344 ignorat,
1242 3280 1410 3343 potest
1445 3277 1706 3327 occasione
1740 3277 1853 3327 data
1886 3292 2036 3343 expe-

366 3360 578 3409 rimento
613 3357 796 3407 doceri.
858 3356 1033 3423 Neque
1065 3358 1252 3420 dubito,
1288 3357 1405 3422 quin
1433 3356 1702 3422 Euripides
1735 3357 1844 3422 ipse
1875 3356 1926 3405 in
1959 3355 2037 3406 his

366 3438 547 3489 ducum
571 3437 903 3505 exprimendis
927 3437 1142 3488 moribus
1177 3441 1342 3490 certos
1365 3436 1740 3488 Atheniensium
1766 3439 2036 3502 praetores,
