2144 3854
888 273 1006 331 191

105 425 344 476 Monente
374 438 513 490 rege,
545 426 601 472 ut
631 436 739 472 rem
771 418 943 469 ordine
971 418 1162 484 planius
1195 423 1408 482 enarret,
1439 416 1519 468 vix
1551 431 1609 468 se
1644 431 1783 483 men-

106 506 171 556 tis
203 506 274 556 ait
306 508 585 570 compotem
619 516 749 563 esse,
782 499 933 550 tantis
965 499 1107 548 malis
1142 499 1399 549 obrutum:

237 590 327 622 -·
434 611 499 620 —
630 607 694 617 ·-
825 578 941 641 „In
973 579 1101 628 mal
1110 578 1132 625 i
1140 593 1166 625 s

245 663 431 713 Meus
463 662 600 712 etsi
629 666 725 709 est
758 658 1112 724 depositus
1147 658 1430 718 animus,
1466 675 1633 724 quae
1665 659 1786 709 sci·

446 785 450 789 ,
940 738 1038 799 bo,
1088 737 1334 786 exinde
1369 738 1658 789 audies.”

109 822 241 872 Tum
274 822 446 872 fictum
472 817 726 870 oraculum
774 832 1190 877 commemoram,
1239 833 1339 881 quo
1387 819 1626 868 mundum
1672 819 1787 868 Eri-

109 901 306 968 phyles‚
340 902 402 950 ab
444 897 775 964 Alphesiboea
807 897 1095 962 repetitum,
1128 896 1348 962 Delphos
1382 898 1609 962 perferre
1641 906 1788 964 atque

107 981 326 1046 Apollini
357 980 587 1042 dedicare
618 979 843 1027 iubeatur
866 977 948 1039 ἢ,
992 978 1062 1025 sic
1095 977 1372 1042 praefatur,
1408 978 1550 1043 quasi
1583 979 1650 1028 sit
1682 997 1789 1030 rem

105 1061 385 1125 ancipitem,
418 1058 675 1107 difficilem
707 1058 1061 1120 molestamque
1094 1057 1331 1108 dicturus.
1417 1059 1563 1122 Quod
1602 1060 1791 1110 dictum

106 1142 171 1191 ad
201 1139 554 1191 obscuritatem
589 1137 774 1186 oraculi
805 1154 834 1186 a
867 1137 1070 1200 Phegeu
1105 1138 1349 1188 refertur:

241 1218 461 1283 „Quid
494 1219 638 1267 ita?
671 1224 893 1267 tamne
927 1217 1209 1267 obscure
1256 1217 1534 1280 dictum,
1582 1226 1792 1271 tamve

944 1297 1564 1365 inenodabile?”**)

239 1380 336 1431 His
380 1378 621 1444 expositis
666 1378 890 1427 omnibus
934 1379 1170 1444 precibus
1218 1395 1246 1427 a
1290 1378 1493 1445 Phegeo
1541 1382 1668 1448 petit
1706 1382 1793 1432 Al-

111 1470 330 1522 cmaeon,
363 1466 420 1511 ut
444 1460 627 1510 monile
654 1476 766 1510 cum
787 1459 936 1525 peplo
966 1460 1108 1508 reddi
1142 1459 1368 1525 patiatur.
1436 1461 1673 1511 Caussam
1688 1479 1794 1512 ma-

111 1541 275 1592 lorum
306 1540 526 1590 omnium
562 1540 682 1588 dicit
713 1539 993 1604 Apollinem
1027 1555 1169 1600 esse,
1212 1539 1352 1588 cuius
1399 1542 1607 1591 oraculis
1642 1541 1795 1593 Oedi-

110 1637 205 1689 pus
239 1627 290 1670 et
322 1621 413 1669 filii
447 1620 627 1683 Oedipi
658 1635 756 1669 non
788 1623 978 1668 tantum
1021 1619 1121 1684 ipsi
1160 1619 1468 1684 interierint,
1513 1622 1603 1672 sed
1645 1623 1794 1673 etiam

115 1701 179 1753 ad
214 1717 273 1751 se
306 1700 575 1765 perniciem
609 1699 981 1750 transtulerint:

247 1775 306 1840 ὃς
337 1778 600 1830 Οἰδίπουν
632 1778 872 1841 ἀπώλεθ,
914 1776 1171 1839 Οἰδίπους
1203 1777 1254 1830 δ’
1287 1776 1375 1846 ἐμὲ

241 1864 482 1927 χρυσοῦν
516 1857 744 1925 ἐνεγκὼν
778 1857 949 1923 ὅρμον
981 1859 1054 1919 εἰς
1084 1853 1316 1926 ’Ἄργους
1346 1860 1502 1913 πόλιν
1523 1861 1656 1928 *'‘·⁴‘).

113 1945 244 1994 Tum
275 1959 368 2007 per
400 1942 688 1990 affinitatem
723 1957 835 1989 eum
868 1957 1057 2004 perque
1091 1942 1253 2005 priora
1299 1942 1351 1991 in
1398 1959 1453 1993 se
1498 1944 1676 1994 collata
1710 1945 1795 1995 be·-

113 2023 290 2076 neficia
321 2023 630 2071 obtestatur:

245 2095 313 2154 σὺ
347 2100 414 2165 δ’,
452 2093 494 2152 ὦ
525 2097 716 2167 γεραιέ,
750 2098 908 2165 τήνδε
940 2099 1107 2151 παῖδα
1139 2093 1269 2161 δοὺς
1302 2098 1421 2165 ἐμοὶ

249 2181 491 2249 γαμβρὸς
522 2180 721 2248 νομίζει
753 2179 842 2232 καὶ
875 2179 1048 2248 πατὴρ
1084 2182 1259 2249 σωτήρ
1292 2184 1337 2233 τ’
1372 2181 1498 2249 ἐμός
1517 2183 1679 2250 '‘*‘'‘⁴‘).

115 2266 394 2316 Cunctante
426 2281 485 2313 ac
516 2264 876 2328 tergiversante
909 2263 1111 2328 Phegeo
1134 2266 1288 2313 hocce
1318 2264 1486 2314 dicere
1507 2265 1591 2315 ille
1611 2266 1797 2328 potuit:

240 2345 564 2408 „Tantum
614 2350 685 2392 ut
721 2344 1139 2406 frustrando
1187 2346 1492 2407 laetave,
1542 2362 1798 2396 vanans

944 2426 1375 2491 protrahas.”

117 2506 402 2555 Recusante
442 2504 592 2568 igitur
634 2503 876 2552 obstinate
925 2503 1152 2569 Phegeo,
1203 2505 1584 2570 generosissimo
1634 2506 1799 2555 animo

118 2584 467 2651 Alphesiboea,
501 2598 593 2648 pro
628 2584 804 2630 marito
836 2583 904 2632 nil
937 2599 1033 2631 non
1065 2585 1282 2633 tolerare
1314 2585 1501 2644 volens,
1535 2601 1590 2634 se
1616 2586 1800 2634 mundo

119 2672 299 2732 sponte
330 2665 510 2713 cedere
545 2664 774 2712 ostendit.
844 2662 1005 2711 Etiam
1038 2663 1271 2712 invidiam
1306 2664 1508 2712 deorum
1536 2666 1800 2714 timendam

117 2761 231 2795 esse
263 2750 427 2809 putat,
475 2744 518 2792 si
559 2743 774 2793 retinere
822 2743 939 2792 velit
984 2760 1109 2807 quae
1142 2751 1373 2807 tanquam
1410 2759 1497 2791 sua
1532 2743 1800 2811 Delphicus

121 2826 244 2875 deus
276 2826 369 2874 sibi
400 2824 646 2872 vindicet:

185 2979 232 3033 11’)
264 2978 477 3021 Servatur
506 2978 624 3032 apud
651 2978 811 3020 Athen.
837 2978 903 3019 Vl.
929 2993 971 3033 p.
990 2976 1087 3020 232.
1111 2980 1355 3030 oraculum,
1386 2980 1500 3034 quod
1515 2980 1717 3023 insaniae
1739 2981 1799 3024 li-

260 3048 535 3091 berationem
560 3048 816 3090 Alcmaeoni
840 3048 1073 3103 pollicetur
1095 3049 1183 3091 hac
1213 3049 1474 3105 conditione,
1509 3054 1559 3094 ut
1586 3052 1800 3095 mundum

260 3119 462 3174 Delphos
491 3119 705 3174 deportet.

149 3189 230 3242 *ἢ
260 3189 331 3233 Cf.
358 3190 529 3232 Welck.
561 3190 595 3230 Ι.
626 3204 668 3243 p.
698 3187 797 3230 282.

124 3259 235 3314 *ΉἾ
266 3259 334 3302 Cf.
377 3253 769 3303 Schneidewinum
798 3258 992 3300 Coniect.
1031 3258 1127 3301 crit.
1165 3274 1210 3315 p.
1239 3257 1337 3301 104.
1395 3260 1565 3303 Welck.
1596 3276 1640 3316 p.
1672 3259 1797 3304 1590.

266 3328 463 3384 Oedipus
491 3343 571 3384 pro
599 3330 697 3372 filio
727 3343 807 3371 suo
836 3328 1047 3383 Polynice
1078 3329 1339 3373 nominatur.

127 3398 242 3452 ****)
269 3400 433 3455 Vulgo:
464 3402 542 3442 καί
563 3396 616 3450 σ’,
647 3392 682 3442 ὦ
712 3396 879 3457 γεραιέ,
907 3398 991 3455 τήν
1011 3414 1075 3443 τε.
1104 3401 1290 3445 Porsoni
1319 3402 1672 3444 emendationem
1696 3416 1798 3444 cum

264 3468 498 3512 Welckero
529 3469 702 3512 admisi.
