2144 3854
913 293 991 348 73

244 435 304 491 τὸ
339 437 387 490 δ’
422 431 533 490 ὠκὺ
567 440 727 490 τοῦτο
757 433 847 487 καὶ
879 431 939 485 τὸ
974 432 1237 499 λαιψηρὸν
1268 433 1483 499 φρενῶν

246 518 323 582 εἰς
353 517 642 586 συμφορὰν
673 513 852 582 ἔστησε
883 513 1051 566 πολλὰ
1084 510 1150 580 δὴ
1185 513 1414 580 βροτούς
1434 516 1504 585 *).

244 679 349 747 ἤδη
383 677 441 732 δὲ
471 678 680 731 πολλῶν
711 674 918 743 ᾑρέθην
947 674 1124 741 λόγων
1154 671 1335 740 κριτὴς

246 758 336 813 καὶ
368 760 514 812 πόλλ’
548 754 900 824 ἁμιλληθέντα
933 755 1217 823 μαρτύρων
1249 751 1354 806 ὕπο

244 833 482 892 τάναντί’
515 836 686 905 ἔγνων
717 841 1000 904 συμφορᾶς
1034 841 1153 902 μιᾶς
1184 833 1342 900 ποίρα.

243 919 390 988 κάγὼ
422 919 519 985 μὲν
551 917 707 980 οὕτω,
740 920 921 986 χῶςτις
953 917 1054 969 ἔστ’
1089 913 1224 982 ἀνὴρ
1261 915 1443 982 σοφός,

243 999 514 1068 λογίζομαι
543 999 783 1067 τάληθές,
820 999 891 1060 εἷς
924 994 1118 1064 ἀνδρὸς
1151 996 1318 1062 φύσιν
1398 1035 1404 1043 .

242 1083 472 1146 σκοπῶν,
505 1081 710 1134 δίαιταν
742 1080 907 1148 ἥνπερ
941 1077 1308 1145 ἐμπορεύεται·

244 1162 382 1224 δςτις
413 1155 471 1214 δ’
506 1161 705 1229 ὁμιλῶν
737 1161 917 1230 ἥδεται
950 1163 1134 1220 κακοῖς
1167 1157 1321 1226 ἀνήρ,

246 1242 512 1296 οὐπώποτ’
545 1243 808 1311 ἠρώτησα,
842 1242 1169 1309 γιγνώσκων,
1206 1238 1287 1291 ὅτι

243 1324 487 1386 τοιοῦτός
519 1322 678 1389 ἐστιν,
714 1318 893 1389 οἷςπερ
927 1322 1105 1391 ἥδεται
1139 1320 1329 1384 ξυνών.

244 1403 334 1458 καὶ
364 1405 499 1473 τῷδε
533 1399 811 1474 δηλώσαιμ’
846 1407 930 1468 ἄν,
966 1403 1011 1455 εί
1043 1402 1261 1468 βούλοιο
1296 1401 1380 1465 σύ,

242 1485 483 1553 τάληθές,
518 1485 590 1548 ὡς
622 1486 785 1554 ἔγωγε
817 1484 1011 1545 καύτὸς
1043 1486 1278 1550 ἄχθομαι
1302 1481 1404 1547 **),

242 1644 339 1698 τὸν
372 1646 468 1698 σὸν
501 1644 558 1697 δὲ
590 1645 756 1698 παῖδα
790 1645 1160 1711 σωφρονοῦντ’
1195 1640 1474 1705 ἐπίσταμαι

245 1728 490 1794 χρηστοῖς
520 1728 575 1777 θ’
613 1725 880 1791 ὁμι-λοῦντ’
917 1724 1149 1790 εὐσεβεῖν
1181 1724 1226 1773 τ’
1260 1720 1542 1788 ἠσκηκότα.

245 1809 357 1868 πῶς
389 1800 490 1858 οὖν
523 1805 590 1858 ἂν
623 1803 680 1858 ἐκ
712 1806 925 1858 τοιοῦδε
958 1805 1220 1871 σχήματος
1251 1800 1412 1862 κακὸς

241 1886 431 1954 γένοιτ’
465 1889 559 1947 α”ν;
595 1886 770 1947 οὐδεὶς
799 1885 960 1938 τοῦτό
993 1888 1045 1953 μ’
1083 1884 1149 1936 ἂν
1181 1882 1335 1935 πίθοι
1365 1880 1491 1933 ποτέ
1514 1878 1642 1947 ***).

243 1968 338 2017 Hi·
374 1970 446 2017 sic
480 1969 631 2027 actis,
674 1968 898 2017 Phoenix
929 1969 992 2017 ad
1037 1966 1333 2032 supplicium
1381 1965 1597 2030 rapitur,
1643 1963 1795 2012 choro

113 2048 438 2099 adolescentis
473 2048 801 2100 calamitatem
834 2048 1149 2114 deplorante,
1198 2045 1391 2112 pellicis
1435 2044 1671 2095 malitiam
1705 2044 1794 2093 de-

113 2134 330 2180 testante
345 2146 359 2178 z

244 2237 309 2247 —
342 2206 701 2275 ἄμνήστευτος
733 2206 891 2275 γυνή.

184 2336 227 2392 *)
254 2336 440 2394 Fragm.
480 2336 585 2380 dub.
623 2334 693 2379 20.
737 2350 782 2391 Ρ.
819 2333 918 2378 442.
953 2334 1119 2378 Matth.
1161 2339 1206 2379 et
1240 2333 1406 2393 fragm.
1434 2335 1521 2379 inc.
1551 2335 1593 2379 8.
1622 2351 1666 2392 Ρ.
1696 2336 1796 2381 366.

251 2407 362 2450 ibid.

172 2476 232 2532 ’‘)
260 2476 470 2520 Servavit
496 2477 611 2518 haec
639 2474 880 2531 Euripidis,
911 2489 1042 2531 quem
1072 2470 1263 2525 ου’δενός
1290 2467 1431 2531 ἧττον
1459 2475 1608 2532 σοφὸν
1636 2481 1798 2533 appel-

251 2548 331 2602 lat,
358 2547 565 2590 Aeschin.
590 2561 628 2587 c.
646 2546 878 2592 Timarch.
899 2562 943 2601 Ρ.
966 2546 1039 2600 21,
1067 2545 1138 2588 32.
1158 2545 1317 2602 (152),
1345 2547 1553 2603 idemque
1575 2548 1797 2604 interpre-

254 2621 372 2660 tatus
401 2621 491 2660 est:
532 2613 620 2672 ἤδη
661 2617 840 2659 πολλῶν
877 2612 1156 2673 πραγμάτων
1185 2617 1297 2673 φησὶ
1325 2619 1599 2674 γεγενῆσθαι
1627 2619 1797 2676 κριτής,

252 2687 332 2731 καὶ
359 2684 444 2737 τὰς
472 2687 638 2744 κρίσεις
666 2681 751 2730 οῦκ
782 2683 832 2729 ἐκ
860 2686 953 2729 τῶν
966 2683 1226 2743 μαρτύρων,
1254 2684 1349 2730 ἄλλ’
1370 2686 1419 2730 ἐκ
1437 2690 1530 2732 τῶν
1556 2687 1798 2746 ἐπιτηδευ-

254 2756 414 2814 μάτων
453 2756 531 2800 καὶ
566 2756 659 2800 τῶν
702 2753 888 2812 ὁμιλιῶν
916 2770 1030 2812 φησι
1057 2758 1310 2808 ποιεῖσθαι,
1338 2756 1481 2803 ἐκεῖσε
1510 2755 1798 2817 ἀποβλέπων,

252 2828 351 2879 πῶς
379 2823 464 2871 τὸν
492 2825 603 2871 καθ’
630 2824 806 2884 ἡμέραν
833 2828 935 2885 βίον
963 2827 1014 2886 ζῇ
1044 2823 1068 2870 ὁ
1098 2825 1365 2884 κρινόμενος
1391 2828 1468 2873 καὶ
1498 2827 1660 2874 ὅντινα
1688 2829 1800 2890 τρό-

251 2913 343 2966 πον
372 2899 538 2942 διοικεῖ
562 2896 648 2954 τὴν
676 2895 845 2942 ἑαυτοῦ
874 2899 1047 2952 οἰκίαν,
1095 2897 1156 2948 (ὃς
1182 2900 1507 2956 παραπλησίως
1549 2899 1694 2946 αὐτὸν
1722 2902 1803 2947 καὶ

251 2966 311 3013 τὰ
340 2969 423 3025 τῆς
449 2966 623 3019 πόλεως
654 2965 975 3024 διοικήσοντα,
1000 2966 1079 3011 καὶ
1106 2967 1198 3012 τίσι
1224 2969 1373 3027 χαίρει
1401 2971 1661 3027 πλησιάζων
1680 2985 1690 2996 ·
1723 2973 1802 3018 καὶ

253 3038 477 3082 τελευτῶν
518 3036 603 3083 oin
641 3036 842 3095 ὤκνησεν
879 3035 1217 3094 ἀποφήνασθαι
1244 3041 1459 3085 τοιοῦτον
1489 3039 1635 3087 αὐτὸν
1666 3042 1801 3097 εἶναι,

253 3106 410 3166 οἴςπερ
438 3103 602 3165 ἥδεται
630 3109 793 3163 ξυνών.
851 3111 1106 3153 Postremus
1134 3112 1243 3153 duos
1259 3127 1414 3155 versus
1437 3128 1491 3155 ex
1509 3115 1706 3159 Stobaeo
1728 3132 1801 3160 re-

253 3179 475 3236 cepinms,
520 3179 594 3235 qui
637 3181 798 3224 eadem
832 3181 973 3223 verba
1001 3182 1312 3238 transscripsit.
1371 3186 1610 3229 Praeterea
1639 3188 1714 3230 hic
1730 3190 1799 3231 lo-

253 3264 330 3291 cus
358 3250 614 3293 rhetoribus
635 3252 838 3294 omnibus
864 3250 1240 3295 familiarissimus
1268 3253 1367 3307 fuit,
1396 3269 1583 3310 quorum
1601 3259 1802 3302 testimo-

250 3319 328 3362 nia
358 3322 634 3378 collegerunt
661 3322 835 3365 Welck.
864 3337 909 3378 Ρ.
939 3319 1036 3364 805.
1066 3327 1154 3367 not.
1182 3322 1224 3366 5.
1251 3328 1295 3366 et
1322 3326 1485 3370 Matth.
1516 3343 1560 3383 Ρ.
1590 3327 1689 3372 291.

144 3389 424 3445 ***)Matt11.
462 3390 627 3447 fragm.
665 3391 803 3447 ΗίΡΡ.
842 3393 877 3434 1.
919 3407 963 3447 Ρ.
1001 3392 1098 3437 190.
1141 3393 1210 3437 Cf.
1239 3395 1407 3453 Bergk.
1450 3411 1524 3454 ap.
1554 3398 1726 3441 Welck.
1756 3415 1800 3455 Ρ.

252 3457 398 3516 1598„
448 3461 571 3504 cuius
598 3462 751 3518 recepi
797 3462 1152 3509 emendationem
1189 3464 1442 3524 σχήματος,
1491 3483 1629 3524 quum
1660 3471 1801 3527 vulgo

260 3529 529 3575 scriberetur
562 3529 783 3588 σώματος.
