2176 3874
938 294 1062 353 497

155 443 289 496 mani
321 457 455 494 mors
498 446 549 491 et
585 442 830 492 cruciatus
862 443 925 510 ob
963 443 1134 492 oculos
1159 446 1426 507 ponuntur.
1472 441 1571 492 Sed
1598 443 1728 492 enim
1743 443 1841 492 hoc

155 525 316 591 magis
343 538 515 572 omnes
540 522 619 571 his
636 523 907 582 doloribuS,
934 527 1161 585 tanquam
1183 523 1415 588 propriiS‚
1443 539 1713 585 movemur,
1743 539 1842 587 quo

154 606 312 655 minus
326 610 534 670 propter
549 604 799 669 propriam
814 602 943 651 illius
958 618 1133 650 noxam
1153 603 1447 667 supplicium
1462 605 1604 664 sumi,
1629 620 1723 668 quo
1737 620 1842 652 ma·
1862 647 1865 650 .

154 685 232 749 gis
243 684 305 732 ab
321 684 538 732 universi
561 685 755 747 generis
780 683 979 732 humani
1003 682 1132 731 vitiis
1148 683 1274 731 mala
1299 684 1349 731 in
1373 683 1510 731 illum
1535 684 1842 733 redundasse

153 763 491 827 intelligimus,
562 763 647 812 Sic
695 764 846 826 igitur
881 778 938 810 se
972 777 1054 810 res
1088 762 1272 811 habet:
1321 779 1419 812 non
1465 764 1717 814 hominum
1751 779 1843 813 nos

153 844 374 905 miseret,
411 845 502 893 sed
538 845 687 893 sortis
720 844 978 901 humanae,
1020 858 1144 905 quae
1180 843 1405 891 omnibus
1442 843 1713 892 communis
1749 847 1843 905 est,

154 923 235 972 eui
269 939 441 973 omnes
474 940 563 973 nos
600 923 833 973 obnoxios
869 937 983 969 esse
1017 921 1352 987 intelligimus.
1423 922 1629 987 Propter
1654 923 1845 988 patriae

153 1003 453 1063 discrimen,
502 1009 708 1069 propter
741 1001 916 1051 civium
953 1017 1205 1060 errorem,
1239 1007 1446 1067 propter
1478 1004 1720 1052 maiorum
1756 1003 1844 1052 de-

153 1082 304 1145 licta,
349 1090 558 1149 propter
596 1083 984 1148 propinquorum
1033 1082 1222 1130 scelera
1255 1082 1441 1131 multos
1489 1083 1539 1130 in
1572 1083 1845 1146 tragoediis

153 1162 386 1212 insontes*
409 1162 612 1211 interire
645 1163 898 1223 videmus,
947 1178 1155 1226 quorum
1203 1178 1312 1211 sors
1358 1162 1500 1211 valde
1545 1163 1844 1213 miserabilis

154 1248 258 1292 est:
291 1248 488 1291 manant
525 1242 653 1290 enim
690 1248 742 1290 et
777 1242 1118 1291 diffunduntur
1147 1242 1366 1306 piacula3
1401 1243 1659 1291 universae
1692 1258 1845 1308 saepe

154 1323 378 1372 civitates
409 1322 554 1371 unius
589 1322 805 1370 hominis
841 1322 1033 1371 scelere
1068 1322 1394 1371 labefactatae
1428 1308 1678 1383 corruunt,
1712 1327 1763 1370 et
1794 1323 1846 1372 in

153 1402 495 1468 proximorum
534 1418 730 1466 quoque
757 1402 921 1466 capita
938 1403 1106 1451 ruinae
1139 1402 1375 1451 incidunt.
1443 1401 1620 1466 Neque
1644 1403 1846 1467 propria

153 1482 301 1547 culpa
333 1498 392 1530 an
428 1481 586 1530 aliena
620 1482 796 1546 aliquis
831 1482 1054 1543 laboret,
1091 1483 1297 1531 multum
1332 1482 1574 1543 interest,
1610 1484 1843 1546 quoniam

159 1561 222 1610 ad
257 1562 543 1627 gravissima
579 1561 770 1607 scelera
806 1563 1159 1609 committenda
1192 1562 1420 1626 plerique
1445 1562 1585 1612 inviti
1608 1563 1846 1628 insciique

153 1640 477 1703 abripiuntur.

286 1719 332 1768 A
357 1719 640 1768 notionibus
676 1719 969 1783 quibusdam
1004 1719 1166 1768 animo
1200 1720 1475 1786 conceptis,
1510 1737 1631 1786 quas
1666 1728 1843 1773 vocant

152 1799 324 1860 ideas,
356 1798 454 1847 vim
489 1800 816 1849 miserationis
852 1801 1123 1850 movendae
1155 1801 1397 1866 imprimis
1443 1801 1664 1864 pendere
1710 1804 1846 1852 aiunt

152 1879 473 1928 recentiores.
543 1879 669 1929 Nam
705 1881 748 1928 si
783 1896 886 1939 eoS,
925 1882 1008 1944 qui
1042 1881 1194 1930 talem
1228 1897 1395 1930 rerum
1431 1881 1690 1930 meliorum
1726 1899 1842 1947 spe-

153 1960 282 2009 ciem
319 1965 603 2023 sequantur,
638 1966 845 2024 propter
877 1961 974 2009 hoc
1000 1961 1219 2009 studium
1245 1961 1549 2009 intereuntes
1574 1962 1843 2022 videamuS‚

151 2044 258 2089 tum
291 2040 507 2088 maxime
539 2041 587 2088 in
615 2040 793 2088 animis
818 2041 1185 2089 miserationem
1217 2057 1328 2089 cum
1362 2041 1688 2090 admiratione
1711 2042 1845 2107 gigni

154 2119 402 2184 simulque
434 2119 659 2169 dolorem
693 2121 869 2182 leniri,
907 2121 1040 2184 quod
1074 2122 1353 2169 intereunte
1387 2121 1585 2169 homine
1619 2137 1714 2171 non
1750 2139 1846 2172 una

108 2220 114 2225 ²
150 2200 383 2249 interisse
418 2216 494 2260 ea,
530 2216 656 2264 quae
689 2199 929 2260 voluerit,
965 2206 1212 2265 putemus.
1284 2201 1361 2249 Ex
1396 2202 1570 2265 quibus
1604 2218 1846 2265 quaerere

151 2280 321 2339 lubet,
373 2279 604 2342 quidnam
652 2296 818 2328 rerum
867 2280 1152 2329 sublimium
1203 2281 1450 2345 Astyanax
1500 2289 1702 2330 secutus
1763 2283 1842 2343 sit,

152 2363 360 2424 propter
394 2358 524 2422 quod
559 2359 623 2407 de
656 2359 911 2407 moenibus
947 2360 1074 2408 arcis
1107 2361 1300 2424 patriae
1340 2361 1500 2409 infans
1545 2362 1843 2425 praecipita-

151 2443 320 2499 retur,
366 2438 597 2501 quidnam
643 2437 862 2487 volentes
908 2439 1110 2503 plurimi
1161 2455 1252 2504 pro
1298 2440 1512 2488 victimis
1548 2442 1842 2490 avertendo-

152 2534 267 2568 rum
303 2518 636 2566 communium
668 2518 1003 2583 periculorum
1039 2534 1212 2567 caussa
1254 2519 1393 2568 inviti
1439 2520 1679 2569 immolati
1726 2520 1841 2572 sint.

153 2599 233 2649 An
265 2599 391 2647 haec
425 2614 520 2647 non
553 2597 748 2658 misera,
786 2598 874 2647 sed
908 2598 1056 2647 foeda
1094 2615 1208 2647 esse
1242 2598 1496 2672 defensuri
1534 2600 1687 2648 sunt?
1732 2598 1842 2648 Ma-

156 2693 378 2745 gnopere
411 2694 528 2727 vero
563 2678 687 2727 haec
721 2678 905 2727 misera
939 2682 1054 2727 sunt
1087 2684 1368 2744 propterea,
1405 2679 1536 2742 quod
1570 2679 1648 2728 vel
1684 2679 1843 2728 aliena

153 2758 297 2807 ruina
329 2757 404 2806 illi
449 2757 609 2806 obruti
654 2758 734 2806 vel
782 2775 875 2822 pro
911 2759 1158 2806 communi
1195 2758 1355 2808 salute
1395 2763 1605 2807 mortem
1646 2760 1841 2824 oppeti-

154 2842 347 2890 verunt.
435 2837 666 2901 Alioquin
710 2838 890 2886 foedae
938 2844 1109 2887 essent
1153 2839 1299 2886 etiam
1347 2838 1556 2898 caedes»,
1618 2854 1743 2902 quae
1791 2840 1843 2889 in

154 2917 356 2984 proeliis
389 2917 540 2978 fiunt,
589 2918 639 2966 in
686 2917 864 2980 quibus
914 2919 1274 2982 persequendis
1320 2918 1542 2966 studiose
1589 2917 1841 2968 Homerus

155 2999 459 3047 immoratur.
526 2995 638 3045 Non
674 3001 752 3044 est
789 2995 988 3046 foedum
1010 3033 1024 3054 ,
1059 2998 1190 3061 quod
1226 2999 1355 3046 oculi
1388 2997 1626 3046 Phoenici
1659 2998 1841 3048 insonti

155 3082 409 3138 eruuntur,
444 3091 542 3126 non
574 3076 795 3137 foedum,
831 3077 964 3140 quod
991 3094 1195 3126 uxorem
1224 3077 1468 3126 Othellius
1492 3079 1841 3142 probissimam

155 3157 394 3219 suffocat3
445 3157 535 3206 sed
569 3157 741 3205 miseri
775 3165 888 3205 sunt
923 3157 990 3218 ii,
1025 3158 1108 3221 qui
1143 3158 1204 3206 ad
1239 3159 1522 3207 carissimos
1557 3159 1839 3224 perdendos

154 3237 336 3286 mentis
372 3253 540 3287 errore
587 3237 923 3301 abripiuntur,
971 3239 1140 3286 miseri
1173 3239 1235 3300 ii,
1271 3240 1355 3302 qui
1389 3239 1570 3287 innoxii
1612 3243 1838 3302 pereunt.

155 3315 380 3380 Denique
414 3316 563 3366 foeda
597 3323 712 3366 sunt
747 3334 805 3366 ea
838 3317 968 3378 sola,
1019 3333 1145 3381 quae
1177 3319 1443 3368 temeraria
1476 3318 1679 3366 libidine
1724 3333 1840 3381 per-

155 3399 420 3461 petrantur
451 3402 536 3447 aut
568 3413 697 3461 quae
723 3397 1025 3447 calamitates
1052 3399 1188 3448 nullo
1210 3399 1454 3464 probabili
1479 3398 1683 3447 deorum
1719 3411 1838 3446 con-

157 3473 269 3526 silio
302 3481 494 3527 temere
526 3493 585 3528 ac
617 3477 825 3529 fortuito
859 3476 1105 3528 accidunt.
1172 3477 1284 3528 Non
1319 3478 1444 3545 fugit
1473 3479 1569 3528 hoc
1592 3477 1839 3527 Aristote-

1449 3559 1513 3606 32
