2176 3874
909 298 1031 354 433

131 453 233 498 stra
255 451 513 513 caperent3
538 444 795 495 frondibus
811 443 951 493 humi
973 442 1100 492 fusis
1120 442 1305 493 lectum
1323 444 1520 506 stravit3
1549 447 1805 509 craterem,

131 528 216 593 qui
249 527 400 577 denas
436 530 637 590 caperet
670 524 949 588 amphoras,
983 522 1114 572 lacte
1134 523 1368 588 implevit,
1403 540 1494 574 nec
1527 541 1624 575 non
1656 527 1806 576 etiam

132 607 364 672 cyathum
413 606 622 670 promsit
666 603 1048 669 amplissimum3
1106 602 1324 653 lebetem
1372 604 1423 655 in
1468 605 1582 670 igne
1625 606 1807 671 posuit,

131 702 296 747 verua,
331 700 446 734 vasa
480 684 785 750 sanguinaria
817 687 870 732 et
899 697 1127 731 securem
1161 684 1426 747 expedivit.
1492 685 1589 734 His
1625 685 1807 750 paratis

131 765 258 816 duos
293 764 443 826 viros,
477 765 563 828 qui
593 762 898 828 pinguissimi
932 767 1120 820 essent,
1155 763 1408 827 corripuit,
1443 779 1650 826 quorum
1683 763 1806 813 alte-

129 861 243 895 rum
275 844 426 894 lebeti
459 844 686 905 immisit,
731 842 939 891 alterum
985 841 1114 890 antri
1149 842 1372 891 cautibus
1404 843 1568 903 illisit,
1612 858 1670 892 ac
1703 842 1805 892 dis-

128 939 279 990 perso
324 924 530 974 cerebro
577 937 746 972 carnes
788 922 968 985 partim
1013 921 1066 969 in
1121 921 1334 970 verubus
1382 922 1566 970 assavit
1623 922 1807 986 partim

131 1004 267 1054 coxit
310 1003 570 1054 inlebete.
638 1002 770 1051 Inter
817 1001 945 1050 haec
988 1000 1134 1049 sociis
1169 1000 1365 1066 Ulyssis
1411 1002 1461 1050 in
1506 1005 1679 1065 petrae
1724 1016 1806 1050 re-

132 1084 356 1134 cessibus
391 1081 807 1142 delitescentibus,
837 1081 947 1145 ipse
982 1079 1190 1144 Cyclopi
1223 1080 1541 1140 ministravit3
1579 1085 1692 1145 post
1714 1081 1805 1128 im-

130 1178 301 1213 manes
347 1162 517 1228 epulas
574 1162 737 1210 vinum
781 1160 829 1209 ei
874 1160 1105 1225 praebuit
1159 1160 1406 1224 aliumque
1460 1175 1610 1225 super
1657 1159 1806 1208 alium

132 1243 374 1308 scyphum
424 1241 674 1305 implendo
717 1241 907 1289 viscera
941 1240 1149 1289 monstri
1181 1239 1513 1289 inflammavit.
1580 1238 1683 1288 lam
1715 1239 1806 1303 igi-

131 1328 213 1372 tur
242 1321 534 1371 recumbens
560 1320 691 1370 canit
716 1320 983 1378 incondita,
1018 1319 1322 1384 plorantibus
1346 1319 1511 1379 soeiiS,
1544 1321 1807 1369 resonante

132 1406 295 1452 antro.
360 1399 559 1450 Interim
594 1400 807 1464 Ulysses
851 1408 903 1448 et
949 1415 1058 1448 cum
1095 1398 1295 1460 Sileno,
1339 1398 1558 1462 quamvis
1605 1403 1806 1462 appoto,

132 1481 334 1532 consilia
365 1481 737 1529 communicavit
783 1484 834 1527 et
884 1479 1038 1528 tacite
1072 1493 1302 1542 egressus
1336 1482 1530 1541 satyros
1562 1477 1807 1538 hortatur,

131 1566 190 1612 ut
218 1562 270 1611 in
312 1559 603 1610 ulciscendo
645 1558 835 1608 scelere
882 1558 1044 1622 ipsum
1090 1558 1371 1607 adiuvantes
1413 1556 1694 1605 libertatem
1744 1571 1805 1605 ex

131 1641 371 1691 servitute
393 1639 741 1705 adipiscantur.
810 1639 938 1688 Esse
961 1645 1126 1687 autem
1150 1637 1414 1702 Cyclopem
1435 1635 1648 1701 primum
1667 1651 1805 1684 aver-

131 1720 352 1781 tendum,
385 1735 448 1768 ne
482 1718 543 1767 ad
577 1718 759 1768 fratres
785 1734 840 1767 se
860 1718 1179 1766 comissatum
1206 1716 1458 1776 conferat3
1492 1715 1687 1776 deinde,
1723 1715 1806 1763 ubi

131 1801 243 1850 vino
276 1799 434 1849 victus
470 1814 738 1862 somnoque
763 1799 895 1847 intus
918 1812 1185 1862 oppressus
1209 1795 1381 1856 fuerit,
1413 1795 1600 1844 lumine
1628 1794 1804 1844 orban-

134 1880 251 1930 dum
270 1878 487 1944 stipitem
503 1878 828 1927 acuminatum
841 1882 990 1941 atque
1005 1876 1321 1925 ardentemin
1344 1875 1539 1924 oculum
1561 1873 1805 1940 adigendo

134 1975 193 2009 ac
209 1959 438 2009 terebrae
459 1958 616 2008 instar
631 1957 887 2005 versando.
921 1956 1062 2006 Haec
1084 1956 1239 2019 satyri
1259 1955 1398 2014 laeti,
1422 1960 1475 2004 ut
1500 1970 1590 2020 par
1617 1957 1709 2015 est,
1730 1957 1805 2001 at-

134 2055 231 2103 que
251 2039 518 2103 gestientes
542 2037 904 2100 amplectuntur
929 2051 1228 2101 operamque
1257 2051 1396 2084 suam
1416 2035 1642 2083 alacriter
1662 2032 1807 2097 polli-

134 2123 328 2170 centur.
380 2117 593 2168 Auditur
616 2117 750 2165 intus
782 2119 954 2165 cantus
975 2115 1232 2179 Cyclopis;
1255 2129 1370 2162 mox
1399 2113 1510 2178 ipse
1531 2113 1702 2177 prodit
1723 2127 1807 2160 co-

135 2199 424 2256 missatum,
468 2196 605 2246 navis
648 2197 804 2245 instar
838 2195 1093 2244 onerariae
1125 2194 1188 2243 ad
1224 2210 1414 2243 summa
1446 2193 1631 2242 ventris
1663 2191 1806 2240 tabu-

135 2279 235 2329 lata
268 2278 509 2342 repletus,
542 2277 778 2335 titubanS,
813 2273 1068 2338 stupidum
1083 2277 1228 2322 tuens
1256 2273 1438 2322 oculis:
1474 2287 1620 2336 quem
1656 2269 1808 2335 satyri

135 2352 292 2423 pede's
335 2372 666 2420 numerosque
711 2353 942 2404 carminis
984 2352 1269 2416 praeeundo
1312 2352 1374 2400 ad
1409 2350 1703 2400 cantandum
1736 2348 1808 2398 al-

137 2436 366 2487 ternatim
399 2441 665 2502 provocant
696 2440 750 2483 et
782 2433 963 2482 festiva
994 2431 1255 2480 verborum
1277 2430 1595 2496 ambiguitate
1628 2430 1808 2488 rident,

137 2533 251 2567 cum
285 2531 397 2565 eum
430 2514 688 2565 amabilem
722 2515 782 2563 ab
816 2513 973 2562 amica
1007 2512 1099 2560 sub
1133 2511 1329 2560 roscido
1347 2516 1487 2559 antro
1522 2508 1709 2558 facibus
1733 2512 1807 2555 at-

137 2612 235 2661 que
270 2596 460 2645 coronis
496 2594 672 2658 capitis
707 2592 1219 2643 admodumiucunde
1251 2594 1510 2655 exceptum
1551 2588 1613 2636 iri
1657 2601 1809 2652 prae-

137 2675 319 2727 dicant.
385 2674 525 2724 Haec
558 2674 743 2739 excipit
778 2689 925 2722 scena
957 2672 1284 2736 lepidissima,
1318 2671 1504 2734 largam
1538 2669 1601 2716 ad
1642 2665 1807 2716 riden-

138 2757 257 2806 dum
290 2754 546 2804 materiam
578 2754 847 2818 praebente
881 2757 986 2801 tum
1022 2751 1252 2815 Cyclopis
1288 2749 1545 2799 temulenti
1579 2744 1808 2795 vecordia

139 2840 192 2884 et
215 2834 367 2884 Sileni
401 2833 630 2899 cupidine
663 2833 763 2882 vini
795 2836 942 2895 atque
974 2820 1254 2887 furacitate,
1287 2834 1393 2878 tum
1426 2828 1573 2876 huius
1607 2824 1809 2874 affecta-

138 2915 271 2964 tione
303 2914 524 2974 decoris,
574 2929 670 2976 qua
704 2912 996 2976 elegantium
1044 2910 1349 2959 convivarum
1382 2922 1546 2957 mores
1578 2906 1811 2965 imitatur,

140 2998 192 3044 et
225 2992 474 3058 Cyclopis,
509 2992 623 3040 dum
659 2992 959 3057 pocillatoris
995 2991 1071 3040 sui
1092 2989 1369 3056 praeceptis
1394 2989 1456 3037 ad
1483 2985 1810 3037 urbanitatem

139 3073 446 3134 informatur,
479 3073 865 3137 importunitate.
932 3071 1065 3120 lnter
1112 3070 1236 3118 haec
1269 3085 1416 3132 quum
1450 3067 1694 3117 adductus
1729 3079 1810 3113 es-

141 3158 222 3202 set
255 3151 497 3218 Cyclops,
543 3158 597 3201 ut
629 3151 779 3201 missa
814 3150 1160 3200 comissatione
1204 3149 1341 3198 humi
1373 3149 1665 3197 recumbens
1700 3148 1811 3192 ante

142 3232 424 3298 speluncam
458 3237 679 3297 potaret,
727 3248 874 3296 quum
918 3229 1141 3279 ultimum
1175 3230 1390 3279 omnium
1423 3228 1660 3291 Ulyssem
1695 3241 1723 3272 a
1757 3238 1814 3271 se

142 3312 431 3361 devoratum
465 3311 525 3360 iri
557 3312 883 3374 promisisset,
920 3325 1068 3374 quum
1099 3324 1300 3358 securus
1333 3308 1563 3373 poculum
1599 3306 1810 3353 alterum

142 3394 259 3456 post
291 3390 500 3440 alterum
534 3391 769 3440 siccasset
792 3391 988 3440 dicens:
1022 3389 1152 3450 „etsi
1186 3389 1280 3438 sim
1312 3389 1496 3448 ebriuS‚
1530 3390 1698 3434 tamen
1730 3396 1812 3429 me

142 3469 276 3520 haud
321 3469 575 3535 quisquam
620 3471 889 3535 attigerit,”
937 3484 1086 3534 quum
1136 3474 1453 3520 contemnens
1487 3463 1670 3516 Bacchi
1715 3460 1812 3509 vim

1419 3552 1484 3599 28
