2144 3854
938 318 1020 374 69

139 462 403 512 Alcestidis
417 500 432 524 ,
474 462 739 533 Pelopiaep,
769 460 1028 521 Medusae,
1063 463 1310 526 lsodooes,
1346 469 1658 534 Hippothoes
1689 472 1814 523 hau-

138 542 278 604 serit,
310 544 549 593 incertum
572 547 670 608 est,v
716 540 1036 613 ,Tragoediae
1057 544 1188 592 enim
1212 546 1492 597 institutum
1517 554 1675 600 mutas
1699 567 1815 617 per-

139 638 290 672 sonas*
316 623 524 688 produci
556 612 850 688 posffilfflnt·
915 624 993 672 Ad
1028 623 1295 674 Pausaniae
1340 629 1667 679 narrationem
1698 646 1815 696 pro-

138 702 270 752 xime
306 703 546 752 accedunt
577 709 702 766 quae
720 700 937 750 Ovidius
960 703 1084 753 Met.
1114 702 1230 765 Vll,
1284 709 1384 756 29⁷
1411 723 1548 771 seqq.
1573 712 1815 774 exposuit,

138 783 221 845 qui
254 787 416 831 tamen
448 781 684 846 quaedam
717 781 866 831 etiam
901 782 961 831 ab
996 782 1237 848 Euripide
1269 790 1436 851 potest
1470 787 1815 854 Sophocleque

137 877 388 911 sumelsse.
447 914 449 917 ,

266 941 517 1006 Euripidis
549 938 674 1006 opus
720 947 901 1005 quanta
933 942 1227 992 inventionis
1262 946 1586 1009 praestantia,
1634 953 1815 1011 quanta

135 1023 386 1075 oculorum
435 1020 764 1070 delectatione
806 1023 1176 1087 animorumque
1222 1027 1551 1074 commotione
1597 1028 1813 1077 retinere

132 1103 352 1169 potuerit
383 1105 709 1167 spectatores,
741 1101 890 1151 facile
924 1103 1071 1152 etiam
1108 1120 1169 1153 ex
1200 1105 1277 1153 his
1310 1105 1532 1168 indiciis,
1567 1123 1692 1171 quae
1727 1123 1814 1156 ex-

132 1188 282 1241 stant,
314 1181 617 1246 intelligitur.
1751 1232 1754 1235 ,

262 1262 467 1313 Auctori
513 1261 697 1311 Christi
744 1262 973 1328 patientis
1026 1264 1271 1328 cognitam
1319 1263 1480 1314 fuisse
1511 1266 1639 1315 hanc
1674 1265 1814 1316 fabu-

131 1344 230 1394 lam
263 1358 326 1392 ex
357 1342 435 1391 his
471 1341 576 1390 eius
611 1342 835 1391 versibus
871 1343 1050 1407 colligo
1085 1342 1468 1408 (933—938.):

260 1419 438 1489 λέβητι
469 1420 673 1489 χρυσέῳ
709 1421 766 1472 δὲ
799 1421 1011 1473 πέπτων
1044 1439 1136 1488 μοι
1170 1421 1348 1488 δέμας,

264 1508 410 1569 σοφῇ
444 1501 746 1571 προμηθείᾳ
777 1520 841 1568 με
875 1502 1048 1570 ξενίσῃ
1083 1502 1265 1566 ξένως·

261 1583 463 1649 λυγρὸν
493 1582 596 1648 γὰρ
630 1582 734 1634 ἀπὸ
769 1587 934 1651 γῆρας
966 1584 1181 1648 εὐφυῶς
1214 1582 1363 1646 ξέσας

264 1663 711 1728 ἀνθρωπολοιγοῦ
745 1666 1079 1728 παμπαλαιᾶς
1111 1682 1204 1730 μοι
1236 1663 1422 1730 λύπης,

263 1748 467 1810 κοῦρον
501 1742 659 1809 φίλον
689 1743 902 1810 θήσειεν
932 1744 1178 1811 ἦβόωντοέ
1209 1757 1300 1809 με·

264 1825 337 1886 ὥς
367 1828 471 1876 νῦν
503 1823 751 1875 κάκιστον
781 1828 950 1892 γῆρας
981 1824 1216 1886 ἅπαντας
1248 1825 1437 1891 τρύχει.

133 1907 278 1957 Unde
310 1906 450 1972 plura
482 1911 660 1970 poetae
692 1906 900 1956 disiecta
935 1909 1153 1958 membra
1195 1907 1246 1956 in
1280 1906 1365 1954 illo
1399 1908 1628 1954 centone
1658 1906 1813 1954 latere

130 1987 397 2038 verisimile
430 1991 523 2037 est.

635 2211 703 2265 Β.
788 2209 1304 2266 Phoenix.

263 2363 617 2425 Argumentum
652 2364 814 2409 exstat
837 2359 967 2425 apud
993 2360 1347 2426 Apollodorum
1371 2357 1455 2421 111,
1485 2358 1565 2419 13,
1589 2360 1651 2406 8:
1687 2355 1812 2406 Φοῖ-

134 2441 213 2503 νιξ
246 2440 276 2492 ὅ
301 2433 628 2504 Ἀμύντορος
659 2437 765 2489 ὑπὸ
799 2444 898 2490 τοῦ
922 2437 1118 2505 πατρὸς
1141 2436 1444 2503 ἐτυφλώθη,
1478 2441 1810 2498 καταψευσα-

134 2520 292 2588 μένης
333 2519 551 2586 φθορὰν
603 2518 778 2579 Φθίας
810 2523 903 2587 τῆς
935 2523 1032 2571 τοῦ
1064 2519 1261 2583 πατρὸς
1293 2516 1629 2577 παλλακίδος.
1698 2518 1812 2582 Πη-

133 2596 253 2662 λεὺς
286 2597 342 2652 δὲ
377 2599 541 2650 αὐτὸν
574 2598 708 2662 πρὸς
741 2600 981 2663 Χείρωνα
1012 2599 1250 2663 κομίσας,
1284 2598 1374 2650 ὑπ’
1410 2595 1617 2650 ἐκείνου
1651 2600 1813 2661 θερα-

129 2680 398 2735 πευθέντα
428 2679 522 2740 τὰς
554 2681 718 2742 ὄψεις,
755 2678 981 2745 βασιλέα.
1001 2677 1281 2745 κατέστησε
1308 2677 1594 2739 Δολόπων,
1638 2679 1814 2728 Paullo

129 2765 404 2816 accuratius
450 2763 513 2810 de
559 2762 731 2810 eadem
777 2778 835 2809 re
884 2761 1119 2809 docemur
1171 2761 1524 2825 epigrammate
1566 2760 1814 2823 Cyziceno

130 2841 277 2896 tertio
313 2844 403 2903 (cf.
439 2843 626 2892 Iacobs,
661 2841 859 2890 Anthol.
909 2839 969 2888 Τ.
1008 2840 1092 2888 ΙΙΙ.
1127 2846 1254 2906 part.
1289 2841 1372 2890 111.
1406 2856 1456 2904 p.
1492 2841 1590 2888 620
1624 2838 1811 2903 seqq.):

132 2926 163 2978 ὁ
194 2923 367 2989 τρίτος
400 2919 499 2989 ἔχει
530 2919 906 2986 τυφλούμενον
942 2918 1168 2970 Φοίνικα
1200 2918 1306 2970 ὑπὸ
1339 2915 1538 2983 πατρὸς
1562 2913 1812 2985 Ἀμύντο-

132 3024 228 3072 ρος
260 3003 350 3058 καὶ
382 3002 698 3055 κωλύουσαν
738 2995 1047 3066 Ἀλκιμέδην
1079 3000 1174 3051 τὸν
1208 2999 1404 3052 οἰκεῖον
1437 2999 1633 3066 ἄνδρα·

263 3081 535 3149 Ἀλκιμέδη
569 3081 828 3145 ξύνευνον
860 3080 1155 3147 Ἀμύντορα
1186 3080 1376 3142 παιδὸς
1408 3078 1582 3146 ἐρύκει

388 3164 639 3223 Φοίνικος
670 3161 754 3229 ἠδ’
791 3161 957 3214 ἐθέλει
987 3165 1189 3212 παῦσαι
1218 3162 1377 3229 χόλον
1411 3159 1654 3227 γενέτου·

266 3245 376 3298 ὅττι
406 3262 501 3308 περ
536 3246 726 3311 ἤχθετο
761 3242 917 3309 πατρὶ
950 3242 1254 3309 σαόφρονος
1283 3242 1456 3295 εἵνεκα
1488 3242 1703 3308 ματρός,

378 3325 696 3386 παλλακίδος
729 3324 924 3392 δούλης
956 3321 1144 3390 λέκτρα
1173 3322 1518 3393 προςιεμένῳ·

267 3409 440 3467 κεῖνος
474 3406 522 3458 δ’
558 3400 626 3457 αὖ
662 3405 859 3468 δολίοις
891 3404 1281 3471 ψυθυρίσμασιν
1312 3406 1505 3472 ἤχθετο
1538 3402 1738 3470 κούρῳ,

389 3480 482 3553 ἦγε
516 3486 564 3538 δ’
599 3484 653 3547 ἐς
684 3478 1001 3554 ὀφθαλμοὺς
1032 3484 1281 3552 λαμπάδα
1312 3483 1628 3538 παιδολέτιν.
