2176 3874
1140 292 1266 348 486

369 453 543 496 tenore
575 447 725 505 atque
758 438 1035 488 animorum
1067 444 1264 488 tumore
1298 438 1571 488 ulciscendi
1594 440 1852 490 consilium
1882 441 2054 497 initur.

369 525 513 574 Iubet
546 536 698 571 senex
731 518 973 582 templum
1004 518 1252 583 Apollinis
1287 519 1529 587 comburi,
1561 520 1702 569 iubet
1725 518 1947 570 Xuthum
1979 523 2055 572 in-

367 602 562 653 terfici:
609 615 812 664 quorum
849 614 1000 661 quum
1034 599 1159 647 illud
1192 605 1384 662 metus,
1430 599 1529 648 hoc
1561 599 1722 663 pietas
1755 600 2059 662 dissuadeat,

369 685 419 732 in
451 681 583 729 Ionis
633 679 785 728 caede
821 678 1012 727 Creusa
1057 680 1346 743 acquiescit.
1414 679 1584 729 Habet
1633 681 1949 731 haereditate
1994 682 2057 730 ab

371 761 697 811 Erichthonio
745 759 951 807 traditas
998 760 1214 823 geminas
1266 764 1431 825 guttas
1494 760 1745 826 sanguinis
1792 761 2058 825 GorgoniS,

370 858 578 906 quarum
612 840 767 888 altera
795 839 1010 901 letifera,
1045 840 1200 887 altera
1234 840 1464 890 salutaris
1500 844 1595 900 est,
1630 856 1816 905 easque
1844 842 2059 891 vasculis

369 921 535 970 aureis
569 919 783 968 inclusas
821 920 869 967 in
903 936 1076 969 manus
1112 936 1260 985 carpo
1295 925 1472 985 gestat.
1539 920 1731 970 Harum
1763 920 1915 986 igitur
1930 936 2059 982 eam,

369 1017 496 1065 quae
530 1015 593 1048 ex
625 999 731 1048 viro
766 999 1052 1067 Gorgomnn
1088 1000 1315 1062 stillavit,
1363 1000 1651 1067 paedagogo
1693 1002 1848 1051 tradit
1878 1001 2060 1066 poculo

368 1079 698 1130 adolescentis
757 1079 1162 1128 immiscendam:
1224 1082 1391 1145 placet
1455 1081 1586 1130 enim
1646 1081 1788 1130 illum
1841 1082 2061 1132 interfici

370 1165 531 1220 antea,
568 1175 712 1223 quam
747 1160 971 1209 Athenas
1006 1159 1209 1208 venerit.
1228 1166 1311 1209 aut
1343 1160 1539 1209 Xuthus
1567 1161 1807 1210 Creusam
1839 1161 1906 1212 de
1939 1177 2059 1212 con-

370 1241 479 1290 silio
514 1256 605 1289 suo
641 1239 868 1288 edoctam
903 1255 1016 1288 esse
1050 1241 1354 1303 cognoverit.
1420 1241 1516 1289 His
1550 1241 1870 1305 compositis,
1906 1256 2061 1292 senex

370 1320 433 1368 ad
467 1318 826 1383 perficiendam
859 1335 967 1367 rem
1002 1335 1058 1368 se
1093 1320 1407 1385 epulantibus
1439 1321 1716 1383 immiscet,
1770 1321 1962 1371 Creusa
1994 1322 2060 1372 ad

367 1415 643 1464 proxenum
675 1398 822 1458 redit,
857 1399 999 1448 cuius
1038 1400 1197 1449 utitur
1229 1400 1463 1465 hospitio.

502 1479 602 1527 Hic
636 1484 776 1528 actus
813 1480 1042 1528 omnibus
1078 1481 1181 1530 suis
1216 1482 1435 1529 numeris
1471 1485 1524 1530 et
1541 1480 2059 1546 partibuspraestan-

367 1558 595 1608 tissimus
631 1564 735 1620 est,
786 1564 836 1607 et
869 1559 992 1608 illud
1039 1561 1284 1626 imprimis
1319 1560 1467 1610 laude
1513 1561 1746 1624 dignum,
1789 1560 1923 1624 quod
1956 1566 2060 1611 tam

367 1639 600 1704 gravibus
638 1639 823 1688 caussis
858 1639 919 1687 ad
955 1641 1119 1689 scelus
1165 1641 1569 1691 committendum
1614 1641 1800 1690 femina
1846 1640 2063 1706 impelli-

367 1723 481 1779 tur,
533 1725 588 1767 ut
623 1719 835 1781 quilibet
865 1734 952 1780 se,
996 1721 1040 1768 si
1076 1723 1253 1770 eodem
1288 1722 1398 1770 loco
1433 1725 1598 1781 esset,
1642 1720 1776 1768 idem
1823 1732 2059 1770 ausurum

369 1814 485 1847 esse
519 1798 778 1861 intelligat.
806 1860 808 1862 ‚
847 1797 1064 1848 Miseret
1097 1802 1228 1848 enim
1257 1801 1453 1865 puellae
1477 1787 1733 1864 simplicis,
1765 1801 1890 1849 dum
1911 1801 2063 1851 flores

368 1878 520 1944 legit,
565 1878 617 1926 in
662 1883 856 1927 antrum
904 1884 1098 1928 tractae
1146 1897 1204 1928 ac
1237 1897 1331 1945 per
1376 1881 1472 1928 vim
1522 1885 1809 1944 stupratae3
1854 1881 2064 1932 miseret

369 1959 564 2018 matris,
601 1974 729 2023 quae
765 1958 868 2006 sola
896 1959 946 2006 in
971 1963 1114 2007 antro
1138 1966 1337 2024 partum
1361 1960 1482 2008 eniti
1518 1966 1571 2009 et
1595 1959 1836 2009 infantem
1861 1962 2062 2025 vagien-

367 2041 472 2086 tem
507 2054 781 2101 manusque
814 2038 1106 2087 tendentem
1139 2039 1263 2086 feris
1287 2039 1565 2087 laniandum
1586 2040 2063 2103 relinquech'oacta

370 2118 463 2177 sit;
497 2118 705 2166 miseret
738 2118 922 2177 uxoris,
959 2133 1086 2180 quae
1119 2122 1327 2182 propter
1360 2119 1673 2167 sterilitatem
1710 2126 1970 2183 spernatur
2002 2137 2063 2170 ac

369 2196 521 2245 domo
555 2203 764 2261 paterna
790 2198 850 2245 ab
871 2197 1070 2244 advenis
1102 2198 1360 2261 servisque
1379 2203 1620 2258 exuatur3
1655 2197 1860 2246 miseret
1883 2199 2062 2264 inopis,

370 2291 498 2340 quae
532 2277 710 2340 opibus
745 2281 797 2325 et
829 2277 1020 2324 honore
1054 2277 1312 2326 florentem
1356 2278 1524 2326 videat
1567 2292 1708 2335 eum,
1755 2278 1897 2326 cuius
1944 2294 2064 2328 con-

370 2355 577 2404 tumelia
611 2356 934 2421 pessumdata
979 2357 1047 2404 sit
1092 2358 1330 2420 cuiusque
1374 2357 1586 2423 perfidia
1627 2356 1804 2405 hostes
1847 2373 2066 2422 augean-

370 2439 472 2492 tur,
508 2436 619 2500 ipsa
652 2437 971 2485 destituatur.
1041 2437 1216 2495 Adde,
1262 2438 1396 2502 quod
1430 2436 1604 2486 eadem
1638 2436 1823 2485 femina
1856 2438 2064 2501 virtute,

369 2515 566 2577 generis
590 2516 870 2575 nobilitate,
906 2517 1147 2565 maiorum
1175 2517 1351 2582 gloria,
1386 2517 1638 2566 consortio
1661 2516 1867 2565 deorum
1889 2533 2065 2583 super-

370 2594 474 2655 bit,
510 2596 643 2658 quod
679 2612 706 2644 a
740 2597 941 2646 famulis
977 2598 1424 2646 vehementissimis
1456 2596 1882 2661 ferocissimisque
1913 2603 2065 2663 atque

370 2674 459 2734 iis,
506 2676 592 2738 qui
640 2692 779 2725 suam
826 2693 934 2726 rem
967 2694 1115 2741 agere
1147 2678 1246 2726 sibi
1290 2678 1576 2739 videantur,
1621 2693 1772 2742 quum
1814 2678 2065 2728 dominam

371 2753 660 2817 defendant,
693 2757 957 2818 incitatum
990 2758 1136 2817 adde,
1174 2756 1308 2822 quod
1340 2757 1518 2806 ulcisci
1541 2761 1594 2806 et
1614 2773 1860 2824 occupare
1891 2759 2064 2809 hostes

512 2997 872 3027 commorans
900 2989 1063 3028 tutus
1091 2986 1159 3028 ab
1191 2984 1434 3028 iniuriis
1472 2982 1716 3027 fuerat-’⁷
1771 2970 1899 3046 Quae
1927 2999 2063 3042 quum

511 3069 602 3097 uno
629 3068 767 3097 versu
797 3055 1118 3110 comprehendi
1145 3070 1233 3098 non
1258 3058 1450 3111 possent,
1480 3053 1674 3096 dissecta
1686 3057 1786 3096 sunt
1799 3054 1918 3097 senis
1929 3069 2065 3111 prae-

511 3125 770 3181 occupantis
797 3125 1179 3180 interpellatione:
1211 3159 1238 3182 ‚‚
1249 3140 1295 3168 m
1310 3139 1449 3168 amm
1461 3139 1518 3168 as
1530 3157 1543 3176 ‚
1573 3139 1602 3179 p
1614 3128 1709 3166 uto
1723 3156 1736 3176 ,
1767 3137 1796 3166 a
1809 3137 1839 3165 u
1850 3128 1869 3167 t
1895 3127 1954 3168 ul
1965 3139 2065 3169 nus

513 3199 612 3239 tua
624 3210 646 3236 s
676 3209 743 3250 ap
757 3200 848 3250 pet
861 3201 985 3238 ente
999 3211 1045 3238 m
1057 3196 1110 3238 2⁷⁷
1175 3198 1381 3240 Laudem
1420 3195 1655 3238 meruisset
1692 3193 1748 3236 G.
1787 3195 2063 3239 Herman-

514 3281 544 3308 n
553 3280 584 3307 u
598 3279 621 3307 s
634 3302 644 3320 ‚
675 3265 714 3307 si
742 3266 859 3307 haec
887 3270 1009 3308 recte
1030 3267 1330 3324 interpretari,
1359 3280 1495 3322 quam
1514 3265 1788 3320 vituperare,
1817 3267 2062 3310 maluisset.

515 3338 659 3392 Atque
688 3337 965 3378 emendanda
993 3351 1167 3393 quoque
1194 3338 1387 3382 fuerunt.
1441 3335 1695 3391 Scripserat
1721 3335 1855 3393 enim,
1884 3340 1934 3381 ut
1961 3337 2063 3393 opi-

513 3421 610 3460 nor,
638 3406 882 3462 Euripides
910 3405 998 3448 sic:

600 3475 777 3531 μαστὸν
806 3475 991 3522 διώκειν
1019 3475 1059 3533 γ’
1087 3475 1119 3535 ἢ
1148 3477 1265 3538 πρὸς
1293 3475 1511 3534 ἀγκάλαις
1538 3479 1716 3528 πεσεῖνς
1744 3498 1802 3510 -—
