2144 3854
1092 270 1214 327 266

323 425 538 475 omnium
572 425 620 473 in
653 425 953 471 contemtum
987 418 1241 483 Euripidis
1274 417 1457 467 factum
1492 422 1546 467 et
1578 434 1668 484 pro
1695 418 1855 470 laudis
1893 439 1983 488 po-

322 506 418 553 tius
453 519 595 566 quam
628 502 859 550 infamiae
891 499 1185 549 testimoniis
1219 499 1334 547 talia
1382 498 1608 548 habenda
1647 516 1761 566 esse
1791 501 1986 565 pridem

321 583 626 631 intellectum
663 587 741 630 est
773 598 802 629 a
834 581 1246 646 prudentioribus,
1278 578 1410 628 velut
1442 579 1704 629 Welckero
1738 597 1786 645 p.
1821 580 1985 648 8⁶11*)

320 679 422 726 seq.
447 667 496 710 et
525 662 737 726 Bergkio
763 661 940 726 fragm.
978 661 1230 726 Aristoph.
1257 678 1304 725 p.
1334 662 1396 708 55
1419 657 1518 722 **).
1597 661 1786 726 Aperta
1821 669 1986 713 tamen

317 742 554 790 calumnia
588 758 707 790 usus
742 740 1098 805 Aristophanes
1132 747 1234 801 est,
1284 740 1507 805 Euripidi
1551 741 1741 791 crimini
1770 749 1986 807 vertens,

318 822 450 885 quod
497 820 662 869 fratris
706 826 854 886 atque
888 821 1070 869 sororis
1105 837 1319 870 amorem
1354 823 1672 886 spectandum
1709 824 1988 875 exhibuerit

319 902 471 965 (Nub.
495 903 659 962 13²5„
695 901 818 951 Ran.
849 897 1035 965 1092),
1069 917 1194 965 quae
1227 902 1474 951 accusatio
1508 917 1604 951 non
1636 903 1797 953 minus
1821 904 1986 969 iniqua

319 987 422 1043 est,
477 998 621 1047 quam
657 979 909 1030 Eudociae
942 981 1222 1040 fastidium,
1257 979 1565 1046 παμμίαρον
1598 989 1795 1047 poetam
1821 985 1987 1035 -nomi-

317 1063 477 1113 nantis
512 1061 902 1111 Anaxandridem
928 1061 1060 1119 ideo,
1093 1061 1221 1124 quod
1244 1062 1485 1125 virginum
1521 1078 1714 1113 amores
1737 1068 1790 1113 et
1816 1071 1988 1129 stupra

316 1143 807 1208 repraesentasset·²²=
813 1140 878 1205 ²¹².)
949 1140 1048 1189 Sed
1071 1141 1195 1190 haec
1219 1141 1403 1191 erroris
1430 1143 1684 1193 dumtaxat
1713 1144 1988 1195 accusanda

315 1228 420 1284 est,
453 1222 527 1271 illi
560 1228 722 1270 autem
757 1237 919 1284 neque
952 1225 1204 1286 stuporem
1237 1238 1398 1286 neque
1431 1225 1768 1274 morositatem
1801 1229 1986 1274 tantam

315 1303 473 1351 fuisse
499 1307 705 1361 constat,
748 1306 804 1350 ut
843 1317 938 1350 non
979 1301 1193 1350 malitiae
1229 1301 1541 1352 tribuendum
1584 1320 1698 1354 esse
1732 1309 1984 1371 appareat,

315 1383 360 1432 si
392 1382 618 1447 Euripidi
653 1381 846 1430 crimini
880 1382 1024 1430 vertit
1058 1397 1139 1442 ea,
1189 1382 1295 1430 sine
1329 1383 1504 1446 quibus
1537 1400 1616 1432 ars
1650 1384 1761 1449 ipsa
1795 1384 1988 1449 spirare

315 1479 410 1512 non
443 1467 624 1527 potest.
691 1459 965 1510 Veritatem
1012 1462 1144 1511 enim
1191 1462 1364 1519 abiici,
1415 1463 1456 1510 si
1506 1464 1731 1513 vitiorum
1777 1465 1988 1513 imitatio

315 1543 598 1601 omittatur,
650 1541 846 1605 pianum
893 1546 985 1590 est.
1071 1541 1483 1591 Gravissimorum
1531 1548 1695 1592 autem
1743 1542 1986 1592 scelerum

314 1622 817 1687 repraesentationem
851 1622 896 1669 ei
932 1626 1108 1686 poetae
1142 1622 1469 1671 necessariam
1507 1622 1693 1682 fuisse,
1746 1622 1831 1688 qui
1863 1638 1987 1686 τρα-

313 1701 596 1769 γικώτατος
632 1701 810 1762 fuerit,
863 1717 959 1751 non
1006 1702 1167 1750 minus
1215 1702 1360 1751 facile
1393 1702 1649 1752 intellectu
1683 1707 1776 1753 est.
1843 1703 1989 1766 Quod

313 1785 357 1834 si
389 1782 653 1848 Euripides
687 1782 801 1830 talia
836 1783 908 1831 sic
942 1782 1286 1845 expressisset,
1320 1788 1376 1833 ut
1408 1800 1521 1833 enm
1556 1783 1616 1832 iis
1639 1783 1874 1833 delectari
1899 1799 1989 1849 ap-

310 1869 539 1931 pareret,
586 1862 630 1910 si
673 1864 834 1926 legum
880 1863 1314 1926 institutorumque
1347 1864 1665 1912 severitatem
1698 1863 1990 1930 impugnans

310 1945 394 1993 ina
426 1949 579 2002 recta,
615 1958 747 2003 vera,
783 1942 947 1991 debita
981 1958 1094 1990 esse
1129 1942 1348 2002 doceret,
1382 1944 1491 1991 iure
1516 1945 1788 2007 meritoque
1812 1958 1987 2008 repre—

311 2024 648 2073 henderetur:
698 2023 831 2086 quod
878 2027 1066 2070 tantum
1113 2022 1299 2082 abfuit,
1335 2028 1390 2071 ut
1422 2037 1635 2085 unquam
1669 2022 1880 2083 fecerit,
1930 2027 1990 2072 ut

363 2199 414 2254 ³⁶)
444 2197 622 2252 Operae
661 2194 855 2250 pretium
895 2198 959 2236 est
1001 2194 1140 2236 verba
1179 2194 1267 2237 viri
1304 2195 1612 2238 humanissimi
1639 2195 1986 2238 transscribere:

447 2268 560 2322 „Die
591 2265 796 2322 gemeine
825 2266 1107 2321 Vol-stellung
1135 2266 1260 2321 neigt
1289 2266 1439 2317 dahin‚
1468 2279 1540 2308 wo
1568 2265 1726 2321 irgend
1753 2267 1988 2309 komische

445 2338 606 2381 Poesie
635 2351 690 2378 zu
720 2337 799 2378 der
829 2341 1002 2377 ernsten
1041 2336 1128 2376 und
1168 2336 1480 2392 gefiihlvollen
1517 2335 1564 2378 in
1607 2336 1868 2393 Beziehung
1905 2351 1990 2393 ge—

447 2411 566 2452 stellt
594 2407 662 2461 ist,
696 2411 800 2449 statt
829 2407 907 2447 des
936 2405 1125 2461 Spieles,
1153 2407 1350 2449 welches
1379 2407 1482 2448 dem
1511 2405 1656 2458 Witz,
1685 2407 1765 2449 der
1796 2406 1988 2450 Parodie

446 2480 535 2521 und
567 2480 645 2521 der
673 2477 1039 2532 Sparsmacherei
1069 2477 1148 2519 der
1178 2477 1464 2533 Gegenstand
1493 2477 1583 2519 und
1612 2478 1767 2519 dessen
1790 2475 1988 2520 Ausffih-

446 2564 574 2605 rung,
605 2548 691 2590 wie
721 2550 802 2603 gut
830 2546 894 2588 sie
922 2546 968 2588 in
996 2547 1119 2589 ihrer
1146 2548 1226 2589 Art
1252 2546 1413 2589 immer
1440 2548 1535 2590 sein
1563 2549 1754 2600 miichte‚
1802 2546 1986 2590 dal-bie-

446 2624 531 2673 tet,
577 2618 691 2660 diets
729 2616 806 2658 fiir
849 2616 919 2658 ein
947 2618 1324 2659 wohlverdientes
1353 2617 1664 2660 Durchziehen
1693 2633 1750 2660 zu
1779 2619 1984 2660 nehmen.

445 2692 505 2732 Es
534 2690 590 2731 ist
620 2690 762 2731 daher
789 2688 908 2730 blors
937 2687 1150 2745 zufzillig‚
1188 2689 1245 2729 da
1272 2688 1591 2743 Aristophanes
1621 2689 1735 2731 auch
1767 2688 1811 2730 in
1840 2687 1986 2730 einem

441 2760 782 2803 Meisterstiicke
822 2760 901 2802 der
935 2774 1079 2801 neuen
1115 2758 1332 2801 Komiidie
1384 2760 1466 2801 den
1505 2760 1706 2801 Kokalos
1742 2757 1987 2799 behandelt

425 2832 550 2882 hat,
594 2830 722 2872 einen
751 2831 856 2873 soff
876 2831 954 2872 des
982 2830 1261 2884 Sophokles‚
1299 2829 1398 2870 dass
1441 2828 1564 2869 nicht
1607 2828 1725 2869 auch
1754 2826 1868 2868 diors
1895 2838 1985 2868 von

447 2900 595 2943 einem
622 2900 999 2943 Notenschreiber
1033 2901 1103 2942 als
1129 2898 1442 2942 Durchziehen
1475 2898 1707 2955 irgendwo
1734 2895 1987 2953 aufgefal'ut

445 2970 546 3015 ist.”

335 3042 417 3096 *ἢ
445 3042 727 3083 Errorem
755 3040 1142 3083 inveteratum
1171 3043 1355 3082 naturae
1385 3051 1438 3080 ac
1469 3036 1630 3081 rationi
1652 3034 1800 3091 poesis
1821 3036 1984 3078 adver-

416 3110 532 3153 sari
563 3110 681 3152 dicit.
726 3111 899 3162 „Immo
934 3110 1252 3165 Aristophanes
1281 3109 1482 3151 fabulam
1511 3108 1638 3150 illam
1668 3106 1897 3160 antiquam
1927 3105 1983 3147 de

444 3181 583 3223 Aeolo
611 3179 675 3221 ita
702 3180 912 3223 tractavit
939 3184 1071 3234 atque
1092 3180 1241 3235 lepide
1270 3177 1537 3229 immutavit,
1566 3181 1613 3219 ut
1634 3173 1831 3219 saeculi
1817 3173 1983 3230 imagi-

444 3265 548 3292 nem
587 3250 710 3291 haud
748 3250 983 3292 obscuram
1025 3251 1282 3300 exhiberet3
1325 3254 1369 3291 et
1411 3247 1658 3305 exagitavit
1696 3246 1773 3288 ille
1804 3245 1984 3300 quidem

445 3319 640 3363 maxime
677 3319 856 3361 insanas
896 3320 1103 3362 libidines
1140 3320 1352 3376 illamque
1387 3318 1529 3363 victus
1559 3315 1824 3373 exquisitam
1853 3315 1983 3358 luxu—

446 3391 576 3442 riam,
608 3389 662 3431 de
691 3402 778 3443 qua
806 3390 941 3432 modo
969 3391 1104 3435 dixi.⁹’

311 3460 423 3515 ⁹⁶*ss
451 3461 520 3505 cf.
550 3459 757 3503 Meineke
784 3461 813 3501 l.
845 3461 875 3502 1.
