2176 3874
948 293 1071 351 387

170 442 373 492 doctum
407 455 521 492 esse
554 440 696 502 dico,
740 456 803 490 ex
834 440 1166 504 Aristophane
1198 444 1331 504 peto.
1400 438 1686 505 Respicitur
1719 441 1851 492 enim

169 522 235 572 ad
266 523 403 573 hanc
439 520 660 572 fabulam
694 519 795 570 iam
842 520 892 569 in
924 519 1355 578 Acharnensibus‚
1404 535 1527 585 quos
1563 519 1641 572 01.
1676 523 1767 583 88,
1803 526 1849 573 3.

169 606 308 652 actos
343 617 458 651 esse
490 606 717 662 constat;
764 601 854 650 sed
898 599 949 649 in
982 599 1113 649 Pace
1145 601 1342 650 demum
1381 599 1483 664 (Ol.
1517 603 1600 661 89,
1637 599 1711 666 3.)
1745 606 1851 653 tota

169 683 220 732 in
252 682 409 732 risum
443 681 773 745 detorquetur
793 679 1036 746 planeque
1061 679 1223 728 omnia
1261 681 1435 729 eadem
1460 681 1648 731 ratione
1665 698 1694 731 a
1712 681 1851 748 Try·

168 777 291 827 gaeo
338 761 492 821 fiunt,
542 778 639 826 qua
688 761 822 809 facta
868 764 983 808 sunt
1025 775 1054 807 a
1087 759 1483 823 Bellerophonte.
1554 761 1620 811 Et
1653 763 1852 826 quidem

167 841 256 890 ille
283 840 516 903 rusticae,
552 841 745 905 publica
778 838 1080 888 necessitate
1113 838 1374 900 adductus,
1408 856 1533 889 unus
1567 841 1631 890 de
1664 844 1852 907 multiS,

151 921 253 985 ‘qui
287 920 525 970 malorum
560 921 608 969 vi
643 937 700 970 ac
732 918 1047 969 multitudine
1094 919 1158 968 ad
1205 918 1601 983 desperationem
1648 923 1853 975 adducti

167 1005 364 1061 essent,
411 997 462 1050 in
496 999 687 1049 coelum
732 998 984 1061 evehitur,
1029 1015 1146 1048 num
1179 1014 1356 1049 revera
1402 1000 1471 1049 dii
1503 1001 1573 1049 ibi
1605 1002 1848 1066 habitent,

165 1097 227 1130 an
260 1087 413 1130 vasta·
433 1080 498 1129 sit
531 1080 778 1138 solitudo,
831 1080 1160 1144 quaesiturus·
1225 1079 1452 1129 Eandem
1498 1080 1649 1145 igitur
1680 1098 1848 1133 rerum

166 1160 514 1222 conditionem,
543 1160 755 1209 eundem
776 1166 1058 1224 temporum
1077 1164 1361 1224 respectum
1374 1162 1674 1227 tragoediae,
1700 1179 1850 1227 quam

164 1240 386 1291 comicus
417 1240 718 1301 imitabatur,
749 1240 999 1291 subfuisse
1023 1256 1231 1290 necesse
1264 1246 1357 1291 est.
1425 1243 1578 1307 Atqui
1595 1244 1848 1308 graviores

162 1321 526 1384 desperationis
563 1335 769 1370 caussae
796 1327 998 1386 praeter
1032 1337 1140 1369 eam
1162 1326 1529 1386 tempestatem,
1565 1339 1659 1388 qua
1690 1324 1850 1388 pesti-

162 1400 311 1451 lentia
342 1401 491 1450 Attici
524 1401 848 1461 vexabantur,
884 1406 999 1450 ante
1034 1400 1113 1449 Ol.
1143 1405 1225 1462 88,
1252 1404 1300 1450 3.
1325 1402 1490 1451 nullae
1519 1402 1849 1454 inveniuntur.

161 1481 496 1543 Quamobrem
531 1487 646 1530 ante
679 1481 778 1530 hoc
811 1486 1008 1547 tempus
1042 1481 1455 1546 Bellerophontes
1491 1483 1641 1533 scribi
1673 1484 1849 1549 agique

161 1560 242 1609 vix
276 1561 500 1625 potuisse
533 1561 740 1610 videtur.
809 1561 1034 1627 Denique
1080 1578 1176 1611 non
1222 1548 1463 1611 levissimi
1495 1564 1736 1612 momenti
1770 1567 1850 1614 est

162 1640 447 1701 similitudo,
475 1647 681 1705 propter
693 1657 840 1705 quam
854 1642 1288 1707 Bellerophontem
1314 1658 1426 1690 cum
1438 1642 1714 1708 Hippolyto
1729 1661 1848 1694 con-

162 1719 401 1768 sociatum
418 1719 576 1768 fuisse
593 1720 817 1771 coniicio.
855 1721 1130 1786 Adoptivus
1150 1722 1283 1770 filius
1303 1721 1476 1770 Proeti
1489 1722 1847 1789 Bellerophon-

161 1803 239 1848 tes
275 1806 369 1860 est,
404 1799 711 1864 Hippolytus
727 1798 916 1848 Thesei
950 1801 1166 1864 spurius.
1235 1801 1574 1861 Feminarum,
1612 1820 1640 1851 a
1667 1805 1846 1868 quibus

160 1879 358 1943 perdite
391 1886 630 1939 amantur,
666 1879 851 1929 ultione
879 1885 1092 1944 uterque
1117 1880 1446 1940 interimitur;
1483 1899 1657 1931 caussa
1679 1889 1847 1934 autem

158 1959 442 2008 iracundiae
476 1959 671 2023 utrique
707 1958 921 2008 feminae
955 1961 1080 2008 falsa
1115 1961 1332 2025 suspicio
1368 1969 1471 2021 est,
1509 1979 1620 2010 cum
1657 1963 1847 2015 crimen

159 2039 221 2088 ab
256 2038 657 2087 adolescentibus
691 2039 755 2087 ad
788 2041 990 2088 maritos
1025 2041 1245 2089 delatum
1265 2055 1379 2088 esse
1403 2044 1595 2090 temere
1619 2044 1845 2105 credant3

158 2122 368 2181 utraque
400 2134 497 2167 non
530 2118 697 2167 ferens
733 2119 951 2168 dedecus
987 2120 1156 2168 statim
1186 2136 1242 2168 se
1275 2121 1526 2180 interficit,
1563 2137 1748 2185 poenas
1783 2124 1845 2174 ab

156 2198 235 2259 iis,
270 2213 478 2261 quorum
503 2214 676 2248 caussa
706 2206 931 2263 pereunt,
967 2208 1231 2249 exacturae
1259 2200 1642 2249 crudelissimas·
1690 2201 1733 2250 F
1735 2207 1845 2253 astu

157 2283 211 2328 et
243 2277 503 2328 insolentia
537 2295 687 2344 supra
720 2279 1052 2328 conditionem
1096 2280 1362 2329 humanam
1405 2283 1616 2344 uterque
1655 2282 1844 2333 iuvenis

74 2420 76 2422 ,
159 2357 396 2418 effertur3
432 2366 642 2421 uterque
676 2359 969 2408 daemonum
1003 2360 1181 2408 invidia
1226 2360 1386 2424 perit3
1437 2365 1651 2424 uterque
1683 2378 1712 2411 a
1761 2379 1843 2412 ca-

159 2437 390 2487 stissimis
424 2438 643 2498 deabuS,
677 2454 704 2486 a
740 2437 964 2488 Minerva
996 2439 1151 2498 alter,
1197 2439 1321 2487 alter
1353 2455 1382 2486 a
1416 2439 1598 2501 Diana,
1634 2449 1843 2504 amatur,

159 2534 287 2582 quae
321 2517 542 2581 quamvis
578 2518 830 2566 interitum
855 2534 951 2567 non
980 2524 1194 2578 arceant,
1231 2523 1397 2567 tamen
1426 2534 1586 2583 neque
1609 2523 1844 2571 mercede

159 2613 248 2647 sua
281 2598 511 2646 virtutem
544 2597 723 2662 privari
757 2598 942 2658 sinunt,
961 2604 1029 2656 ,et
1061 2599 1242 2647 adsunt
1277 2598 1629 2657 morientibus,
1667 2616 1842 2650 conso-

158 2677 338 2736 lantur,
373 2677 613 2728 ultionem
647 2677 924 2741 suscipiunt
956 2693 1139 2741 resque
1172 2682 1484 2742 componunt.

257 2758 481 2807 Tertiam
494 2756 714 2806 fabulam
725 2757 1015 2821 Antigonam
1032 2757 1255 2822 adiungo.
1277 2756 1404 2806 Nam
1418 2758 1549 2821 quod
1564 2758 1843 2810 Boeckhius

158 2853 220 2888 ex
255 2839 356 2888 fine
385 2838 772 2888 Phoenissarum
814 2837 949 2886 effici
984 2837 1165 2898 voluit,
1213 2843 1329 2903 post
1373 2838 1500 2887 hanc
1533 2840 1842 2904 tragoediam

157 2917 356 2968 demum
392 2919 712 2984 compositam
747 2917 1036 2981 Antigonam
1084 2924 1137 2966 et
1181 2917 1545 2982 quodammodo
1580 2918 1716 2969 illam
1748 2920 1843 2970 hac

158 2998 484 3049 continuatam
520 3013 660 3059 esse,
710 2997 940 3062 quoniam
974 3012 1099 3060 quae
1132 2997 1181 3046 in
1214 2997 1460 3061 Antigona
1493 3004 1842 3064 repraesenta-

156 3082 327 3127 rentur
360 3078 410 3127 in
433 3077 722 3127 Phoenissis
756 3076 928 3140 primis
965 3078 1102 3141 quasi
1134 3077 1278 3126 lineis
1308 3078 1562 3141 designata
1599 3079 1842 3130 haberen-

157 3163 270 3219 tur,
319 3174 381 3207 ex
414 3173 472 3207 eo
507 3162 798 3224 argumento
834 3157 1134 3206 contrarium
1169 3173 1364 3220 quoque
1398 3165 1547 3222 atque
1579 3158 1657 3220 id,
1707 3160 1842 3224 quod

157 3237 234 3286 vir
283 3253 501 3286 summus
547 3238 734 3298 voluit,
784 3236 920 3285 effici
966 3252 1113 3301 posse
1145 3238 1381 3303 intelligo.
1449 3238 1623 3302 Neque
1673 3244 1840 3288 autem

159 3315 310 3366 facile
342 3317 454 3366 fieri
486 3317 662 3383 potuit,
698 3321 754 3365 ut
787 3322 900 3382 post
933 3316 1227 3366 Phoenissas
1253 3316 1519 3383 Euripides
1554 3317 1704 3366 ullam
1737 3322 1841 3366 tra-

158 3395 385 3460 goediam
419 3413 655 3462 praesens
688 3397 906 3457 doceret,
941 3396 1126 3462 quippe
1152 3413 1300 3462 quum
1328 3397 1492 3462 paullo
1527 3401 1658 3463 post,
1695 3413 1841 3461 quam

156 3475 268 3525 illas
303 3476 580 3539 docuisset,
612 3477 664 3528 in
695 3476 1042 3528 Macedoniam
1075 3476 1253 3528 abierit
1285 3494 1343 3528 ac
1379 3477 1537 3527 tribus
1571 3477 1840 3527 interiectis

1400 3556 1505 3607 25*
