2144 3854
898 245 937 298 9

84 389 231 442 Unde
278 391 524 440 aestimari
569 393 761 456 potest,
816 393 1049 454 quantum
1095 389 1462 440 Atheniensimn
1477 428 1493 453 ‚
1540 393 1594 441 ut
1635 390 1743 440 loca

82 472 164 520 illa
206 486 319 520 cum
350 471 561 521 metalli·
594 471 855 530 tenerent,
894 468 1202 531 interfuerit,
1252 474 1530 535 quantoque
1563 471 1744 527 studio,

84 557 264 615 quanta
297 551 583 616 cupiditate,
617 563 938 613 quaecunque
971 549 1034 598 ad
1066 549 1199 598 illam
1227 548 1466 600 Thraciae
1498 552 1745 616 regionem

83 631 407 697 pertinebant,
442 628 803 694 exquisiverint.
862 627 980 677 Inde
1011 628 1269 694 multiplex
1302 628 1354 678 iu
1378 628 1549 680 Rheso
1584 629 1747 682 fabula

84 710 480 761 commemoratio
513 713 591 758 est
624 709 844 758 locorum
871 708 1122 773 Strymoni
1156 714 1208 758 et
1231 707 1456 773 Pangaeo
1481 711 1635 759 monti
1659 710 1746 760 ad·-

82 791 373 840 iaceutium:
404 805 516 839 nam
551 794 603 838 et
635 793 780 838 natus
810 803 923 838 esse
948 788 1148 838 Rhesus
1173 788 1376 854 fingitur
1401 804 1462 837 cx
1484 788 1747 852 Strymone

84 870 312 934 flumine,
353 885 464 919 cum
497 869 745 918 Homerus
794 884 906 918 eum
939 867 1114 916 Eionei
1147 868 1302 917 filium
1335 868 1494 918 fuisse
1526 869 1748 931 dixisset,

82 957 136 1000 et
177 949 389 1000 nutritus
437 964 549 998 esse
592 952 621 997 a
669 948 900 1014 nymphis
944 947 1181 1014 Pangaeis
1227 952 1279 997 et
1324 964 1528 1012 regnum
1576 953 1749 998 tenere

81 1029 330 1079 Paeonum
363 1044 521 1095 prope
554 1027 765 1078 eundem
792 1032 1007 1077 montem
1033 1027 1372 1078 habitantium.
1433 1029 1582 1091 Quid,
1617 1028 1749 1093 quod

83 1109 228 1158 etiam
261 1109 609 1158 commercium
642 1108 887 1173 quoddam
923 1108 1294 1158 Atheniensium
1328 1125 1439 1158 cum
1473 1107 1749 1159 Thracibus

82 1194 135 1237 et
165 1190 441 1238 communio
475 1204 726 1238 sacrorum
761 1189 1020 1252 utriusque
1053 1190 1214 1253 gentis
1248 1189 1597 1253 antiquissimis
1620 1193 1749 1238 tcm-

77 1269 279 1333 poribns
312 1268 470 1318 fuisse
504 1270 801 1319 ostenditur:
836 1268 1071 1317 Musaeus
1106 1269 1236 1318 enim
1263 1269 1578 1319 Atheniensis
1607 1268 1751 1319 insti-

81 1353 214 1398 tutus
263 1365 375 1399 esse
418 1349 617 1414 fingitur
661 1350 721 1398 ab
769 1349 1001 1412 Orpheo,
1051 1347 1211 1398 Rhesi
1242 1349 1419 1411 fratre,
1467 1354 1518 1397 et
1550 1353 1750 1398 ornatus

78 1435 351 1493 auctusque
383 1430 618 1495 sapientia
652 1446 679 1478 a
706 1429 882 1491 MusiS‚
918 1445 1120 1493 quarum
1146 1445 1241 1478 una
1264 1429 1421 1478 Rhesi
1444 1434 1604 1478 mater
1626 1434 1752 1491 erat,

79 1524 171 1558 nec
202 1523 302 1558 non
331 1509 482 1558 etiam
514 1510 748 1574 mysteria
781 1510 1172 1570 Atheniensium,
1206 1511 1266 1559 ab
1303 1509 1507 1574 Orpheo
1541 1508 1600 1558 ad
1634 1507 1750 1557 Mu-

78 1603 246 1638 saeum
277 1589 475 1650 tradita,
509 1605 619 1638 cum
643 1589 892 1638 Thracum
925 1590 1176 1654 mysteriis
1210 1591 1478 1638 cohaerere
1510 1589 1751 1655 putaban-

80 1673 192 1726 tur,
242 1672 298 1717 ut
342 1667 538 1717 Rhesus
582 1685 807 1732 quoque,
854 1669 938 1732 qui
972 1685 1066 1718 una
1101 1686 1211 1718 cum
1244 1669 1475 1734 Lycurgo
1509 1686 1538 1719 a
1572 1668 1752 1734 mystis

80 1747 335 1796 colebatur
369 1746 436 1810 (v.
464 1750 560 1797 957
584 1747 731 1813 seq),
767 1750 827 1798 ad
862 1750 1140 1799 Atticorum
1175 1749 1358 1799 cultum
1392 1747 1752 1813 quodammodo

77 1827 333 1892 pertinere
349 1827 622 1888 videretur3
650 1829 715 1876 cf.
744 1844 787 1876 v,
808 1830 906 1876 926
922 1844 1084 1893 seqq.:
1117 1828 1289 1880 καίτοι
1317 1827 1470 1879 πόλιν
1496 1826 1598 1894 σὴν
1624 1825 1749 1893 σύγ-

78 1923 231 1972 γονοι
259 1905 620 1972 πρεσβεύομεν
648 1908 871 1958 Μοῦσαι
905 1906 1128 1971 μάλιστα
1160 1908 1539 1975 κάπιχρώμεθα
1572 1906 1749 1975 χθονί,

79 1986 382 2053 μυστηρίων
425 2003 480 2038 τε
522 1988 631 2038 τῶν
672 1986 988 2055 ἀπορρήτων
1034 1988 1212 2056 φανὰς
1269 1989 1458 2053 ἔδειξεν
1502 1988 1750 2056 Ὀρφεύς,

80 2066 395 2129 αὐτανέψιος
425 2073 620 2134 νεκροῦ
653 2069 821 2134 τοῦδ’,
857 2065 922 2120 ὃν
954 2070 1303 2132 κατακτείνεις
1333 2071 1428 2123 σύ’
1462 2069 1754 2122 Μουσαῖόν

79 2167 150 2213 τε,
178 2148 276 2201 σὸν
308 2149 502 2216 σεμνὸν
534 2150 754 2218 πολίτην
785 2149 913 2202 κάπὶ
937 2154 1183 2204 πλεῖστον
1209 2152 1361 2218 ἄνδρ’
1390 2149 1486 2204 ἕνα
1507 2148 1751 2216 ἐλθόντα,

81 2231 284 2298 Φοῖβος
316 2230 571 2298 σύγγονοί
599 2233 645 2283 τ’
679 2231 996 2300 ἠσκήσαμεν.
1058 2235 1197 2284 Haec
1232 2235 1350 2299 quid
1383 2235 1476 2283 sibi
1506 2234 1754 2296 volebant,

78 2318 165 2363 aut
192 2314 462 2379 *cuiusnam
505 2315 580 2363 rei
625 2330 798 2363 caussa
841 2316 1378 2376 commemorabantur,
1427 2314 1523 2362 nisi
1568 2313 1631 2362 ad
1675 2329 1751 2373 ea,

80 2409 206 2456 quae
245 2395 566 2443 cummaxime
600 2395 930 2444 Athenienses
960 2396 1186 2461 agebant,
1218 2394 1590 2460 respiciebant?
1622 2394 1753 2444 Ante

77 2473 326 2522 infelicem
370 2478 532 2523 autem
576 2475 899 2539 expeditionis
934 2476 1119 2524 exitum
1157 2481 1208 2525 et
1242 2481 1504 2538 antequam
1539 2473 1753 2522 deletam

80 2567 192 2600 esse
224 2552 427 2601 alteram
459 2553 594 2602 illam
628 2554 868 2603 coloniam
900 2557 1234 2613 nuntiaretur,
1271 2555 1493 2604 Rhesum
1535 2552 1752 2603 fabulam

79 2636 239 2680 actam
272 2646 479 2681 necesse
513 2637 593 2680 est
623 2637 915 2697 propterea,
963 2636 1095 2697 quod
1127 2641 1243 2699 post
1276 2639 1527 2698 acceptam
1562 2633 1754 2682 cladem

54 2705 176 2782 vnon
201 2711 361 2760 solum
384 2712 586 2773 inutilis,
613 2712 701 2761 sed
720 2713 867 2761 etiam
881 2713 1052 2762 odiosa
1066 2714 1244 2763 fnisset
1255 2713 1476 2762 locorum
1488 2712 1686 2763 illorum
1700 2719 1754 2762 et

77 2805 328 2839 sacrorum
357 2793 769 2842 commemoratio.
820 2792 985 2855 Quare
1014 2810 1164 2858 quum
1186 2793 1363 2842 eodem
1383 2797 1626 2858 tempore,
1655 2808 1752 2857 quo

78 2870 510 2921 conscribebantur
543 2873 729 2933 coloni,
761 2873 888 2922 hanc
920 2872 1134 2922 fabulam
1166 2874 1214 2922 in
1249 2873 1447 2922 theatro
1482 2877 1749 2938 spectatam

81 2965 194 2999 esse
238 2950 507 3000 verisimile
554 2952 649 3012 sit,
695 2957 748 3002 et
796 2952 1131 3015 duodeviginti
1174 2969 1325 3001 annos
1358 2957 1523 3001 natum
1558 2951 1620 3001 ad
1648 2958 1751 3002 tra-

79 3030 283 3094 goedias
305 3031 588 3081 scribendas
603 3031 894 3099 Euripidem
919 3049 974 3081 se
1003 3033 1271 3101 contulisse
1286 3032 1436 3083 Gellii
1460 3032 1562 3081 sive
1580 3031 1750 3082 Theo-

35 3101 52 3118 ’
78 3111 249 3174 pompi
283 3111 568 3162 testimonio
604 3118 813 3173 constet,
850 3111 929 3164 Ol.
960 3116 1041 3175 78,
1067 3117 1113 3162 3.
1153 3115 1258 3162 sive
1291 3113 1458 3161 hieme
1490 3112 1603 3161 anui
1637 3114 1750 3162 465.

80 3188 291 3252 Lysania
324 3191 562 3240 archonte
594 3191 818 3242 Rhesum
853 3198 1017 3241 actum
1052 3209 1165 3242 esse
1199 3193 1421 3241 coniicio.

202 3269 427 3318 Alterum
461 3270 629 3320 drama
662 3273 839 3321 aetatis
871 3288 996 3321 anno
1030 3273 1260 3322 vicesimo
1295 3273 1462 3336 quinto
1495 3271 1574 3320 vel
1608 3275 1749 3320 sexto

28 3344 47 3367 ‘
79 3345 276 3397 doctum
324 3350 385 3399 ab
430 3350 671 3416 Euripide
728 3367 841 3400 csse
889 3352 1188 3402 credendum
1234 3357 1311 3402 est
1358 3356 1568 3416 propter
1610 3349 1752 3400 testi-

79 3426 270 3489 monia,
327 3444 453 3492 quae
508 3433 993 3482 commemoravimus
1048 3448 1209 3498 supra.
1307 3431 1352 3481 ls
1402 3431 1557 3480 fuerit
1599 3444 1752 3480 annus
