2144 3854
1134 284 1217 342 5⁰

333 450 476 500 quam
510 435 559 482 in
593 435 815 481 mortuae
849 445 992 479 manu
1026 468 1041 492 ,
1078 448 1190 482 cum
1229 435 1548 496 componeret
1581 447 1780 496 corpus,
1813 450 1841 483 a
1867 449 1923 484 se
1949 435 2023 484 in-

334 521 528 565 ventam
565 528 677 560 esse
711 510 916 572 diceret,
949 510 1151 561 Theseo
1187 513 1350 561 attulit
1378 509 1449 577 *).
1517 511 1628 561 Non
1662 513 1799 562 veuit
1827 513 2023 580 Hippo-

334 596 466 659 lytus
499 594 610 657 ipse
642 591 692 640 in
727 598 1050 657 conspectum
1084 594 1268 657 patris,
1324 594 1413 641 sed
1458 609 1549 657 pro
1583 609 1644 642 eo
1680 593 1882 644 satelles
1917 595 2023 643 sive

335 674 522 723 amicus
556 688 781 721 caussam
818 672 972 721 dixit:

471 753 663 818 Θησεῦ,
700 753 943 817 παραινῶ
978 761 1064 802 σοι
1098 751 1158 802 τὸ
1193 753 1428 818 λῷστον·
1465 750 1511 802 εἰ
1546 755 1782 819 φρονεῖς,

469 831 685 898 γυναικὶ
717 831 909 883 πείθου
943 831 1075 899 μηδὲ
1109 831 1317 900 τάληθῆ
1353 832 1547 884 κλύων.

466 993 658 1061 χρόνος
692 993 921 1059 διέρπων
953 992 1102 1044 πάντ’
1138 992 1420 1059 ἀληθεύειν
1454 995 1610 1058 φιλεῖ.

339 1076 503 1127 Huius
538 1077 761 1125 oratione
796 1076 1080 1142 scrupulum
1116 1075 1318 1125 Theseo
1360 1077 1593 1125 iniectum
1645 1091 1758 1126 esse
1793 1076 1917 1126 haec
1952 1081 2027 1125 te-

339 1163 561 1208 stantur:

472 1239 595 1303 φεῢ,
632 1238 763 1301 φεῦ·
799 1234 859 1284 τὸ
894 1230 965 1300 μὴ
999 1232 1063 1286 τὰ
1096 1235 1357 1302 πράγματ’
1393 1234 1706 1301 ἀνθρώποις
1738 1234 1871 1301 ἔχειν

475 1315 682 1384 φωνήν,
719 1308 781 1366 ἵν’
817 1308 956 1381 ἦσαν
989 1314 1155 1382 μηδὲν
1191 1316 1243 1368 οἱ
1275 1314 1441 1368 δεινοὶ
1474 1315 1658 1382 λέγειν.

472 1403 577 1450 νῦν
612 1396 658 1448 δ’
696 1396 929 1462 εὐρόοισι
962 1398 1185 1463 στόμασι
1216 1394 1580 1464 τάληθέστατα

468 1477 800 1540 κλέπτουσιν,
835 1475 960 1539 ὥςτε
993 1476 1065 1545 μὴ
1101 1478 1280 1530 δοκεῖν
1314 1481 1348 1530 ἃ
1382 1478 1481 1546 χρὴ
1518 1479 1711 1531 δοκεῖν.

343 1562 554 1612 Sustulit
596 1566 760 1608 autem
788 1555 1163 1609 'dubitationem
1213 1577 1335 1609 anus
1382 1562 1590 1610 iurando
1640 1565 1691 1608 et
1740 1557 1801 1607 ad
1835 1556 2032 1621 quidvis

342 1641 627 1709 patiendum
664 1655 747 1697 se,
811 1639 855 1686 si
889 1639 1054 1702 fallat,
1103 1647 1322 1705 paratam
1361 1657 1473 1689 esse
1507 1640 1743 1699 dicendo,
1792 1637 1854 1686 ad
1902 1635 2034 1701 quod

342 1720 678 1789 profitendum
713 1736 741 1767 a
775 1718 978 1768 Theseo
1012 1720 1124 1785 ipso
1159 1727 1460 1785 provocatur
1493 1721 1571 1769 his
1605 1720 1794 1769 verbis:

477 1799 527 1851 τί
562 1799 629 1858 δ’,
664 1797 733 1865 ἢν
780 1798 936 1859 ψύδει
983 1816 1046 1864 με
1082 1799 1354 1865 διαβάλῃς,
1387 1803 1584 1851 παθεῖν
1618 1810 1676 1850 σε
1710 1797 1823 1857 δεῖ,-
1844 1795 1924 1861 **)

346 1883 488 1946 Quae
520 1881 877 1945 sequebantur,
920 1881 1094 1929 eadem
1139 1882 1358 1941 ratione,
1405 1886 1552 1945 atque
1598 1881 1730 1945 apud
1777 1879 2036 1939 Senecam,

346 1969 459 2013 acta
493 1977 605 2010 esse
639 1961 876 2009 coniicio:
913 1960 1302 2009 exsecrationem
1339 1962 1492 2025 patris
1523 1962 1672 2010 finem
1697 1956 1856 2011 fuisse
1887 1959 2036 2008 huius

348 2043 627 2109 epitaseos3
658 2040 950 2103 interposito
986 2040 1164 2088 deinde
1199 2041 1335 2088 chori
1371 2041 1590 2089 carmine
1614 2042 1779 2090 statim
1814 2040 2036 2090 nuntium

347 2123 605 2172 Troezene
637 2122 916 2169 venientem
953 2119 1016 2168 de
1045 2121 1249 2169 interitu
1271 2121 1534 2186 Hippolyti
1558 2121 1864 2186 exposuisse.
1896 2119 2037 2169 Hanc

347 2203 675 2254 narrationem
709 2203 769 2249 ab
806 2216 882 2260 ea,
919 2216 1043 2264 quae
1076 2201 1343 2264 posteriori
1370 2201 1642 2266 Hippolyto
1666 2202 1810 2262 inest,
1845 2201 2036 2250 discre-

349 2299 497 2350 passe
546 2297 607 2330 ex
640 2280 918 2345 fragmento
952 2295 1049 2328 uno
1082 2280 1286 2345 intelligi
1320 2286 1514 2344 potest:

481 2389 548 2399 ·-—
579 2359 713 2425 πρὸς
745 2358 923 2410 ἵππων
957 2351 1124 2419 εὐθὺς
1156 2358 1393 2425 ὁρμήσας
1427 2359 1624 2410 στάσιν.

351 2443 464 2493 Non
497 2442 655 2491 solum
688 2441 748 2489 ad
769 2442 906 2489 littus
933 2442 1081 2489 maris
1117 2457 1172 2489 se
1196 2442 1484 2499 contulisse,
1521 2441 1609 2489 sed
1644 2458 1817 2491 navem
1842 2450 2049 2507 quoque

353 2523 704 2574 conscendisse
755 2521 1081 2586 Hippolytum
1141 2537 1204 2570 ex
1249 2522 1474 2570 Erotiani
1518 2521 1750 2572 lemmate
1797 2523 2040 2572 coniicere

353 2604 495 2653 licet:
531 2600 765 2666 Λιόπῳ
800 2605 872 2665 τῷ
904 2602 998 2667 τῆς
1029 2597 1159 2666 νηὸς
1192 2598 1493 2666 ἐπιμελητῇ,
1526 2599 1671 2666 παρὰ
1702 2599 1764 2652 τὸ
1799 2601 2040 2654 διοπτεύ-

410 2745 454 2800 *)
482 2744 761 2788 Philemonis
800 2745 887 2786 lex.
924 2758 969 2786 v.
1009 2743 1185 2801 βίβλοςε
1243 2743 1303 2788 Οὶ
1342 2742 1394 2788 δὲ
1421 2742 1612 2788 παλαιοὶ
1647 2743 1725 2788 καὶ
1775 2742 1825 2788 ἐν
1851 2744 1912 2802 τῇ
1938 2744 2041 2789 κατ’

493 2811 755 2873 Εὐριπίδην
790 2815 989 2872 Φαίδρα,
1025 2812 1170 2858 ἔνθα
1197 2811 1388 2869 μνήμη
1418 2812 1655 2869 πεύκης
1667 2819 1883 2871 κεῖται,
1923 2816 2042 2871 φασὶ

490 2883 667 2942 πεύκην
697 2884 904 2942 ῥηθῆναι
931 2881 1018 2940 τὴν
1047 2881 1095 2929 ἐν
1123 2884 1180 2942 τῇ
1219 2883 1333 2941 χειρὶ
1369 2886 1451 2939 τῆς
1482 2886 1684 2942 Φαίδρας
1723 2884 1908 2941 δέλτον,
1951 2884 2041 2943 τὴν

491 2955 614 2998 κατὰ
641 2955 727 2999 τοῦ
753 2951 1041 3007 Ἱππολύτου,
1073 2971 1135 3006 ως
1162 2955 1345 3010 ξυλίνην
1373 2946 1517 2999 οὖσαν
1545 2955 1624 3000 καὶ
1651 2956 1762 3007 ἴσως
1784 2955 1833 3000 ἐκ
1855 2954 2042 3013 πεύκης.

495 3025 621 3069 Adde
649 3025 855 3068 Eustath.
887 3025 946 3067 ad
971 3026 1023 3068 Il.
1058 3028 1093 3079 ζ.
1118 3042 1163 3082 p.
1191 3025 1290 3069 633.

578 3094 677 3138 Non
706 3109 839 3151 posse
868 3096 986 3138 haec
1015 3096 1070 3138 de
1099 3095 1336 3152 posteriori
1361 3095 1610 3153 Hippolyto
1639 3096 1760 3139 dicta
1799 3110 1923 3149 esse,
1962 3097 2043 3140 ubi

491 3177 580 3208 non
619 3163 780 3220 πεύκη,
822 3166 901 3207 sed
939 3165 1094 3217 δέλτος
1133 3165 1182 3211 ἐκ
1210 3164 1340 3224 χερὸς
1379 3162 1609 3224 ἠρτημένη
1652 3171 2041 3224 commemoretur,

476 3235 716 3290 ⁸intellexit
752 3235 1045 3289 Welckerus;
1095 3239 1214 3293 quod
1262 3241 1413 3280 autem
1454 3238 1575 3281 idem
1618 3251 1647 3281 a
1684 3237 1896 3282 Phaedra
1932 3237 2042 3280 viva

488 3306 735 3361 epistolam
763 3307 943 3349 Theseo
973 3313 1226 3363 porrectam
1255 3322 1351 3350 esse
1378 3309 1642 3365 suspicatur,
1669 3308 1868 3363 ineptum
1897 3312 1978 3350 est.

401 3383 467 3438 **)
496 3382 641 3440 Vulgo
680 3383 829 3441 λυθῇς
855 3398 911 3440 με
941 3384 1195 3442 διαβαλεῖς,
1230 3386 1309 3429 sed
1337 3387 1501 3429 Heath.
1534 3386 1643 3430 citat
1672 3385 1826 3441 ψευδῆ
1850 3398 1907 3440 με
1934 3385 2042 3429 δια-

448 3454 666 3512 βαλεῖς.
733 3454 949 3498 Servatur
995 3455 1084 3499 hoc
1126 3457 1292 3515 fragm.
1347 3457 1469 3512 apud
1508 3456 1771 3499 Erotianum
1811 3468 1915 3497 cum
1951 3455 2041 3497 hoc

494 3525 727 3569 lemmate.
770 3522 1104 3583 διεβλήθησαν,
1130 3528 1553 3585 παρελογίσθησαν,
1583 3542 1646 3577 ως
1676 3525 1754 3570 και
1783 3521 2042 3583 Εὐριπίδης

502 3591 551 3637 ἓν
577 3592 828 3653 Ιππολύτφ
857 3596 1014 3652 φησίν.
