2176 3874
939 272 1063 330 379

155 421 218 472 ab
263 421 472 472 heroum
519 435 732 487 persona
765 419 978 471 alienum
1024 425 1190 481 esset,
1237 419 1500 482 tribuisse3
1542 420 1835 488 Euripidem

154 503 438 565 hominum,
485 518 631 566 quam
663 503 904 563 heroum,
938 515 1101 549 mores
1135 500 1322 550 imitari
1357 501 1591 551 maluisse
1625 509 1677 552 et
1722 518 1838 567 pas·

156 584 250 633 sim
284 570 553 650 personas,
598 583 775 647 quibus
811 583 1017 631 heroum
1054 581 1249 630 nomina
1283 582 1631 647 imposuisset,
1675 582 1839 632 humi-

155 664 271 713 liter
302 661 574 726 timideque
617 668 818 727 agentes
851 661 1120 724 induxisse,
1163 661 1299 710 velut
1334 662 1631 712 Menelaum.
1699 663 1837 712 Idem

156 759 186 792 a
221 743 459 807 Dionysio
493 748 547 791 et
579 743 763 808 passim
797 758 825 790 a
859 741 1191 807 grammaticis
1227 748 1445 791 notatum
1483 750 1585 803 est,
1633 759 1840 807 quorum

156 823 242 872 ille
274 823 325 871 in
353 828 450 871 vet.
477 824 649 887 script.
678 839 808 872 cens.
840 840 880 871 c.
912 822 972 881 11,
1005 823 1082 869 ll.
1118 821 1451 887 „Sophocle8‚
1484 825 1654 888 inquit,
1690 825 1739 872 in
1765 824 1841 872 af-

155 902 374 952 fectibus
407 903 627 962 excellit,
662 919 862 952 servans
897 918 1222 967 personarum
1257 902 1569 966 dignitatem:
1605 921 1712 953 nam
1740 904 1844 954 Eu-

156 983 345 1048 ripides
377 983 579 1046 quidem
613 989 765 1032 totam
801 985 1056 1032 veritatem
1093 989 1143 1031 et
1176 984 1450 1048 praesentis
1485 985 1614 1032 vitae
1637 1001 1846 1033 consue-

157 1064 379 1113 tudinem
413 1065 635 1129 probavit
670 1061 960 1130 (Εὐριπίδῃ
983 1061 1080 1127 μὲν
1105 1065 1243 1128 γοῦν
1276 1063 1336 1114 τὸ
1370 1061 1497 1115 ὅλον
1531 1062 1727 1130 ἀληθὲς
1759 1061 1850 1115 καὶ

158 1139 405 1210 προςεχὲς
448 1144 524 1213 τῷ
567 1143 667 1211 βίῳ
713 1150 785 1211 τῷ
830 1148 937 1196 νῦν
969 1146 1182 1211 ἤρεσενς
1230 1147 1375 1210 vulgo
1412 1145 1708 1212 Εὐριπίδης
1752 1144 1848 1212 μέν

158 1226 210 1291 γ’
237 1224 304 1276 οὐ
335 1223 396 1276 τὸ
430 1223 559 1276 ὅλον
590 1227 744 1291 κτλ),
779 1228 910 1276 unde
945 1227 1096 1276 decor
1130 1243 1241 1276 eum
1278 1234 1330 1276 et
1362 1227 1572 1293 dignitas
1607 1224 1690 1290 (τὸ
1723 1224 1848 1292 πρέ-

159 1321 269 1359 πον
300 1303 393 1358 καὶ
423 1305 669 1371 κόσμιον)
704 1324 855 1372 saepe
890 1309 1186 1371 effugerunt.
1258 1308 1424 1373 ltaque
1459 1324 1553 1356 non
1576 1325 1847 1372 generosos

161 1395 212 1438 et
257 1390 592 1454 magnanimos
642 1406 968 1454 personarum
1017 1405 1182 1438 mores
1228 1389 1564 1455 affectusque,
1613 1391 1849 1454 quemad-

162 1470 366 1519 modum
413 1470 718 1535 Sophocles,
777 1470 998 1531 effinxit,
1055 1471 1145 1519 sed
1193 1471 1234 1518 si
1281 1470 1400 1533 quid
1459 1476 1537 1518 est
1592 1470 1848 1532 illiberale,

162 1550 314 1600 molle
346 1565 404 1599 ac
439 1556 615 1608 tenue,
662 1551 884 1600 studiose
920 1551 987 1598 *ab
1035 1567 1094 1599 eo
1141 1566 1432 1614 expressum
1474 1566 1590 1599 esse
1630 1551 1850 1600 videas.”

162 1629 333 1680 Minus
365 1630 615 1679 subtiliter
647 1631 730 1680 bic
764 1633 828 1681 de
862 1633 1085 1679 omnibus
1121 1631 1371 1695 Euripidis
1407 1632 1629 1695 personis
1672 1631 1851 1680 effatus

165 1714 246 1759 est
293 1710 424 1774 quod
469 1710 533 1759 de
579 1713 751 1776 paucis
799 1713 969 1760 dicere
1012 1712 1173 1760 licuitz
1218 1727 1279 1760 an
1324 1711 1505 1759 oblitus
1553 1717 1659 1760 erat
1701 1711 1853 1776 Poly-

164 1792 359 1840 xenae‘3
383 1791 472 1852 ⁸de
516 1791 658 1839 cuius
706 1808 917 1856 persona
953 1791 1105 1842 schol.
1141 1791 1202 1839 ad
1236 1807 1281 1838 v.
1319 1794 1430 1840 3:39.
1466 1791 1561 1839 boc
1594 1788 1854 1843 verissime

166 1872 385 1920 monuit:
432 1867 670 1921 ἐνταῦθα
705 1869 963 1937 ἐφύλαξεν
998 1869 1300 1937 Εὐριπίδης
1331 1869 1392 1922 τὸ
1425 1868 1660 1938 ἡρωϊκὸν
1690 1864 1852 1938 ἦθος·

165 1949 234 2002 οὐ
266 1948 370 2017 γὰρ
404 1953 685 2015 ταπεινῶς,
731 1951 863 2003 ἀλλὰ
906 1952 1035 2018 μετὰ
1067 1949 1363 2018 παῤῥησίας
1409 1951 1508 2019 τὴν
1544 1952 1857 2020 Πολυξένην

165 2028 336 2098 λέγειν
370 2031 678 2100 εἰςήνεγκεν.
759 2034 947 2084 Verum
984 2052 1079 2085 non
1129 2034 1439 2083 heroicos
1475 2051 1638 2083 mores
1674 2036 1855 2100 appel-

165 2113 271 2164 lare
305 2115 509 2176 debuit,
544 2115 631 2164 sed
667 2115 1196 2179 philosophicos.
1268 2114 1521 2163 Sic'enim
1558 2131 1612 2164 se
1647 2132 1730 2164 res
1766 2117 1855 2164 ha·

167 2194 277 2244 bet:
325 2196 547 2246 eruditos
592 2195 822 2244 homines
869 2212 961 2261 pro
995 2194 1348 2255 bellatoribus,
1394 2195 1718 2261 philosophos
1764 2212 1855 2260 pro

71 2342 74 2348 Α
165 2275 419 2334 heroibus,
454 2277 727 2325 mundanos
760 2292 851 2340 pro
887 2278 1080 2340 graecis
1108 2276 1366 2324 substituit
1401 2282 1566 2340 poeta,
1601 2277 1686 2339 qui
1714 2276 1857 2340 longe

167 2361 311 2416 aute,
362 2372 507 2420 quam
555 2356 819 2412 Socrates,
868 2357 952 2419 qui
991 2356 1104 2404 fons
1149 2361 1202 2404 et
1249 2360 1399 2420 caput
1447 2357 1856 2420 philosophorum

167 2436 474 2501 appellatur,
520 2435 759 2484 docendis
810 2435 1207 2485 adolescentibus
1240 2451 1441 2501 operam
1478 2436 1640 2497 daret,
1693 2437 1855 2501 pbilo-

170 2516 427 2582 sophiam,
474 2521 528 2563 ut
561 2515 631 2564 ait
666 2514 873 2575 Cicero,
927 2515 991 2565 de
1026 2516 1165 2564 coelo
1199 2516 1453 2565 devocavit
1486 2522 1538 2564 et
1569 2517 1619 2564 in
1654 2518 1856 2566 urbibus

170 2597 428 2646 collocavit
460 2602 514 2645 et
544 2595 594 2643 in
630 2596 803 2644 domos
837 2595 1137 2656 introduxit,
1182 2596 1321 2645 cuius
1369 2597 1583 2659 denique
1629 2596 1854 2645 carmini-

171 2677 262 2726 bus
298 2676 453 2725 multo
489 2676 633 2724 citius
669 2677 938 2739 latiusque,
974 2693 1118 2742 quam
1153 2676 1442 2724 disserendo
1476 2678 1658 2740 potuit,
1693 2676 1857 2740 philo-

171 2757 379 2822 sophia,
431 2773 558 2821 quae
603 2757 667 2805 de
713 2757 812 2805 vita
849 2763 900 2805 et
933 2757 1182 2818 moribus,
1231 2756 1294 2805 de
1326 2757 1476 2806 rebus
1512 2756 1653 2806 bonis
1687 2755 1857 2804 malis-

170 2850 270 2902 que
312 2838 533 2903 quaerit,
583 2836 829 2900 divulgata
873 2841 966 2889 est.
1060 2836 1159 2885 Sed
1210 2837 1271 2885 ad
1318 2836 1636 2887 Aristotelem
1682 2836 1855 2888 reden.

170 2920 359 2983 Aperte
393 2919 543 2984 igitur
576 2919 659 2967 hic
686 2918 918 2966 meliores
953 2918 1030 2966 vel
1066 2916 1395 2976 σπουδαίους
1428 2933 1590 2965 mores
1627 2917 1855 2982 proprios

168 2999 454 3065 tragoediae
489 3015 602 3048 esse
637 3000 758 3047 dixit
793 3015 833 3046 c.
869 3002 919 3048 2.
955 2997 1005 3063 ἓ.
1041 3001 1118 3061 4.,
1165 3000 1296 3048 undc
1341 3014 1483 3047 veros
1532 3003 1583 3047 et
1633 2997 1856 3060 vulgares

170 3095 268 3128 non
314 3079 515 3128 eosdem
570 3080 671 3128 dici
730 3087 951 3145 apparet.
1034 3079 1292 3142 Quomodo
1353 3085 1518 3128 autem
1575 3078 1854 3137 differrent,

171 3160 399 3224 exemplo
432 3160 678 3226 pictorum
714 3160 977 3225 explicavit
1010 3177 1052 3210 c.
1089 3163 1165 3210 15.
1201 3159 1251 3226 §-
1283 3164 1342 3210 8:
1378 3159 1654 3222 „Quoniam
1689 3165 1853 3207 autem

170 3239 381 3290 imitatio
426 3244 506 3289 est
548 3241 798 3305 tragoedia
832 3242 1421 3305 praestantiorum,
1465 3239 1599 3288 idem
1652 3254 1742 3287 nos
1777 3238 1853 3288 fa-

174 3336 293 3369 cere
326 3326 553 3384 oportet,
600 3321 731 3384 quod
766 3322 878 3370 boni
910 3322 1171 3385 imaginum
1216 3321 1452 3387 pictores.
1531 3319 1725 3369 Etenim
1761 3318 1853 3379 illi,

172 3399 440 3449 reddentes
483 3403 731 3466 propriam
781 3402 1018 3466 cuiusque
1067 3401 1302 3466 formam,
1347 3417 1497 3466 quum
1542 3399 1730 3448 similes
1766 3413 1853 3447 ex-

6 3514 18 3529 .
77 3490 82 3495 ’
172 3479 400 3541 hibeant‚
454 3485 622 3531 tamen
675 3482 949 3546 pulcriores
1007 3483 1229 3549 pingunt.
1320 3481 1406 3532 Sic
1452 3480 1598 3532 etiam
1653 3483 1851 3544 poetam
