2144 3854
1167 283 1247 340 32

374 430 424 480 in
458 445 654 479 scenam
687 426 965 486 adducitur,
995 426 1259 477 ferocitate
1292 442 1347 478 se
1381 434 1434 478 et
1459 431 1760 481 contumacia
1782 435 1946 482 tutans
1971 430 2040 498 *).
2123 463 2128 467 ·

374 510 443 560 Et
475 510 688 575 primum
724 508 918 572 quidem
953 506 1144 574 signum
1179 508 1345 558 dicere
1377 509 1569 571 iussus,
1611 511 1750 574 quasi
1781 526 1923 562 suum
1957 512 2042 575 sit,

373 579 678 654 interrogare
722 603 820 637 non
862 587 1182 653 interrogari,
1222 588 1461 652 indignari
1504 606 1559 638 se
1594 589 1792 640 simulat
1824 597 1876 641 et
1908 607 2041 642 mor-

374 672 478 716 tem
525 668 734 717 minatur
774 669 1075 733 urgentibuS.
1163 665 1292 716 Tum
1339 670 1499 718 acrius
1547 669 1839 721 instantibus
1892 671 2043 721 etiam

372 746 532 796 Rhesi
575 747 806 810 caedem,
868 754 1095 811 tauquam
1140 748 1505 812 proditoribus,
1567 751 1833 814 exprobrat
1886 766 2042 815 seque

370 825 506 876 illam
538 827 754 876 ulturum
789 843 902 876 esse
935 829 1148 875 minatur
1167 823 1264 892 **).
1331 829 1439 877 Hac
1474 829 1770 878 confidentia
1804 830 2038 895 obstupe-

370 906 517 956 factis
562 907 817 967 hostibus,
867 912 974 956 tum
1020 908 1217 955 demum
1263 912 1502 956 tesseram
1549 908 1707 959 denuo
1751 909 2040 973 urgentibus

369 987 556 1036 indicat
597 987 858 1049 statimque
901 986 1032 1035 edita
1075 1003 1134 1036 ea
1177 987 1453 1036 dimittitur.
1530 987 1730 1036 Interim
1775 988 2041 1038 Diomedes

370 1082 485 1116 cum
509 1066 678 1131 spoliis
703 1083 731 1115 e
755 1067 975 1116 manibus
1000 1066 1192 1131 effugit,
1219 1067 1357 1115 cuius
1382 1067 1603 1130 vestigiis
1629 1067 1822 1118 amissis
1846 1068 2039 1133 vigiles,

369 1146 517 1196 simul
550 1146 820 1196 exercitum
856 1146 1065 1196 tumultu
1098 1150 1339 1195 nocturno
1378 1147 1670 1211 perturbare
1704 1147 1945 1209 nolentes,
1980 1148 2039 1196 ab

368 1226 702 1291 investigando
725 1226 913 1275 latrone
936 1227 1199 1277 desistunt.
1248 1226 1559 1290 Relinquitur
1584 1227 1749 1290 igitur,
1776 1232 1848 1290 ut,
1873 1227 2039 1277 cuius-

366 1323 479 1356 nam
512 1306 725 1355 hominis
758 1305 960 1354 audacia
990 1310 1175 1355 tantum
1211 1306 1401 1355 facinus
1436 1307 1620 1371 patrari
1653 1308 1894 1372 potuerit,
1924 1322 2040 1356 con-

366 1387 555 1436 iectura
587 1385 829 1434 divinent:
865 1390 915 1434 et
947 1391 1084 1435 recte
1117 1386 1166 1435 in
1200 1386 1469 1448 neminem,
1506 1387 1601 1434 nisi
1632 1387 1886 1450 Ulyssem,
1918 1385 2041 1436 illud

367 1465 630 1516 convenire
663 1465 968 1530 intelligunt,
1018 1465 1306 1514 memoriam
1340 1470 1626 1530 repetentes
1671 1465 1860 1514 fraudis
1905 1466 2038 1530 prio-

367 1547 464 1606 ris,
500 1560 651 1610 quum
686 1544 911 1607 squalore
945 1545 1277 1605 deformatus,
1311 1546 1482 1610 pannis
1519 1545 1695 1594 laceris
1729 1545 1919 1595 obsitus
1954 1560 2039 1594 oc-

366 1625 652 1687 cultumque
691 1639 869 1688 gerens
917 1623 1160 1690 gladium,
1218 1625 1395 1689 stipem
1442 1625 1693 1689 flagitans,
1741 1625 2037 1673 maledicens

365 1703 567 1764 Atridis,
603 1719 694 1767 per
718 1701 1043 1752 Troianorum
1078 1704 1323 1752 civitatem
1358 1704 1647 1753 ambularet.
1715 1702 2040 1753 Admirationi

365 1784 646 1847 adiungitur
681 1783 821 1832 dolor
855 1789 1142 1848 metusque,
1194 1800 1256 1832 ne
1303 1800 1390 1832 sua
1437 1785 1578 1849 culpa
1625 1787 1772 1848 atque
1814 1782 2040 1833 socordia

366 1862 553 1913 factum
587 1878 717 1920 esse,
751 1869 805 1911 ut
838 1863 1053 1912 latrones
1086 1864 1137 1912 in
1172 1869 1329 1912 castra
1361 1863 1683 1929 penetrarint‚
1716 1862 1908 1912 Hector
1941 1863 2039 1912 cri-

365 1943 637 1992 minaturus
673 1943 754 1992 sit.
816 1943 926 1992 Hoc
960 1944 1173 1992 carmine
1207 1949 1417 2001 cantato,
1453 1943 1618 2006 auriga
1647 1942 1804 1992 Rhesi
1842 1943 2038 1992 saucius

365 2022 612 2071 flebilibus
648 2039 759 2071 cum
793 2023 1021 2072 lamentis
1053 2024 1102 2071 in
1138 2039 1332 2072 scenam
1367 2023 1554 2087 prodit,
1590 2022 1860 2072 Hectorem
1885 2037 2035 2088 quae-

365 2118 499 2165 rens,
533 2104 612 2152 cui
643 2103 837 2151 tristem
870 2110 1165 2168 turpemque
1187 2103 1345 2152 Rhesi
1378 2108 1431 2152 et
1463 2103 1851 2153 commilitonum:
1881 2101 2036 2155 iuter·-

364 2181 486 2231 itum
520 2183 834 2232 nuntiaturus
870 2188 958 2234 est.

430 2296 473 2350 *)
501 2296 645 2338 Iidem
670 2296 862 2349 milites,
892 2296 971 2352 qui
998 2301 1128 2340 antea
1154 2297 1283 2340 chori
1311 2311 1493 2340 munere
1521 2296 1662 2339 functi
1686 2300 1812 2351 sunt,
1850 2297 1898 2340 in
1938 2310 2037 2339 sce-

503 2380 609 2409 nam
645 2368 857 2410 redeunt:
896 2381 1002 2410 nam
1039 2369 1204 2424 Lycios
1243 2369 1301 2410 ad
1339 2368 1464 2410 vices
1496 2366 1761 2424 vigiliarum
1783 2368 2038 2410 servandas

501 2437 697 2480 excitare
713 2440 926 2490 volentes,
955 2439 1215 2491 latronibus,
1236 2437 1372 2492 quiin
1390 2442 1534 2480 castra
1554 2438 1856 2494 penetrabant,
1880 2437 2037 2494 procul

502 2507 771 2562 conspectis,
801 2508 1019 2562 prohibiti
1043 2512 1157 2550 sunt.
1456 2509 1460 2511 ’

405 2576 470 2630 “)
499 2577 794 2620 Scribendum
823 2582 890 2620 est
916 2578 1147 2621 levissima
1173 2578 1438 2621 mutatione:

583 2639 616 2702 ἤ
646 2646 701 2692 σύ
735 2646 792 2703 δὴ
821 2646 980 2705 Ῥῆσον
1009 2648 1228 2699 κατέκτας
1239 2666 1253 2702 ,·
1286 2646 1399 2692 ἀλλὰ
1427 2647 1511 2693 τὸν
1537 2645 1785 2693 κτενοῦντά
1817 2648 1856 2691 σ’
1885 2644 1973 2692 m'ae'!

502 2722 659 2760 certe
710 2722 766 2762 tu
808 2719 1034 2774 quidem
1082 2720 1195 2763 iam
1234 2719 1491 2762 Rhesum
1533 2717 1934 2762 interfecisti?
1978 2722 2032 2761 at

497 2803 603 2831 non
641 2789 975 2832 interficies
1015 2804 1161 2843 eum,
1210 2790 1308 2844 qui
1356 2793 1409 2831 te
1455 2788 1885 2831 interfecturus
1925 2791 2034 2840 est,

501 2859 534 2902 i.
563 2874 602 2903 e.
639 2863 686 2902 at
723 2874 796 2902 me
838 2860 1089 2903 interficere
1128 2874 1214 2901 non
1248 2859 1437 2914 poteris,
1477 2858 1605 2901 citius
1635 2858 1749 2899 enim
1779 2857 1876 2912 ipse
1905 2872 1934 2900 a
1959 2871 2033 2900 me

499 2929 755 2971 interfectus
778 2930 881 2975 eris.
922 2930 1094 2972 Deinde
1122 2943 1226 2985 pars
1256 2931 1397 2972 altera
1426 2928 1552 2970 chori
1579 2928 1672 2970 iam
1701 2927 1888 2983 quiescit
1915 2928 2035 2984 (ἴσχε

499 3000 594 3049 πᾶς
619 2999 725 3054 τις),
753 3001 833 3041 sed
860 3002 1004 3043 altera
1032 3015 1170 3055 usque
1199 3000 1330 3042 instat
1357 2996 1436 3054 (ου’
1463 2997 1545 3053 μὲν
1574 2991 1698 3053 οὖν).
1739 2998 1909 3041 Miram
1936 3012 2034 3040 rem

501 3070 689 3112 Vaterus
716 3074 956 3124 praeeunte
983 3070 1247 3127 Musgravio
1277 3069 1571 3126 excogitavit,
1600 3069 1809 3125 Ulyssem
1835 3081 1884 3111 se
1905 3069 2034 3111 Rhe-

500 3154 601 3183 sum
637 3154 734 3182 esse
766 3140 1047 3184 simulantem
1089 3141 1272 3183 dixisse:
1318 3153 1455 3183 cave
1493 3139 1746 3181 Rhesum
1783 3138 2034 3182 interfe-

501 3210 662 3253 ceris
692 3208 1004 3268 (κατέκταεέ),
1036 3216 1081 3255 et
1108 3209 1385 3267 respondisse
1405 3209 1648 3251 Troianos:
1677 3208 1898 3269 interfe
1910 3210 2032 3251 ctu-

499 3293 596 3323 rus
625 3280 852 3336 quidem
880 3285 935 3324 te
965 3296 1106 3334 sum,
1145 3283 1242 3323 sed
1271 3280 1616 3330 occisurum,
1657 3279 1773 3335 quod
1801 3280 1932 3334 quale
1959 3277 2032 3329 sit,

503 3365 578 3393 me
606 3364 694 3392 nou
722 3351 899 3407 assequi
925 3352 1085 3395 fateor.
1134 3352 1232 3395 Non
1256 3350 1398 3407 potuit
1422 3363 1469 3392 se
1498 3350 1683 3406 Ulysses
1704 3350 1907 3391 Rhesum
1936 3361 2033 3391 esse

440 3428 443 3430 ’
506 3420 703 3477 fingere,
729 3421 832 3476 quin
860 3422 1009 3465 statim
1034 3421 1207 3465 fraudis
1233 3421 1566 3464 convinceretur
1593 3421 1650 3463 ab
1679 3419 1750 3471 iis,
1779 3417 1857 3474 qui
1876 3415 2032 3473 'paullo

507 3494 607 3534 ante
635 3491 842 3538 Rhesum
868 3493 1016 3550 ipsum
1042 3496 1326 3550 praesentem
1352 3490 1491 3535 oculis
1518 3489 1608 3534 suis
1634 3488 1782 3534 intuiti
1808 3491 1947 3533 erant.
