2176 3874
940 278 1061 338 451

156 430 347 497 (Thuc.
381 430 453 494 11,
500 433 581 479 84.
617 428 761 481 Diod.
806 427 908 480 Sic.
942 427 1033 476 ΧΠ
1053 464 1070 489 ,
1102 425 1209 491 48.)
1259 426 1466 492 Delphis
1511 426 1844 480 Athenienses

158 512 480 562 aedificarunt
514 526 575 560 ex
609 508 795 575 praeda
829 514 978 572 atque
1013 514 1305 557 ornaverant
1340 505 1509 571 (Faus,
1536 507 1600 570 X,
1636 511 1716 570 11,
1749 512 1842 576 5.).

155 591 340 641 Utrum
385 590 572 640 Rhium
623 590 716 650 sit,
774 587 895 637 nihil
939 588 1175 647 interest;
1234 587 1568 652 Molycricum
1614 590 1847 657 iutelligit

157 670 442 720 Dodwellus
490 670 663 722 Annal.
711 666 940 730 Thucyd.
990 683 1039 731 p.
1075 670 1187 718 657.
1261 668 1407 729 Quod
1457 669 1500 716 si
1545 685 1715 720 verum
1751 677 1846 734 est,

158 750 244 800 lon
278 755 387 799 acta
422 750 519 800 erit
550 766 651 799 non
683 747 894 798 multum
929 750 1043 810 post
1076 746 1155 797 01.
1191 751 1273 809 87,
1290 750 1358 808 4.,
1394 753 1444 797 et
1476 748 1576 798 hoc
1609 767 1706 801 non
1742 752 1845 802 dis-

156 830 317 879 simile
350 831 471 890 veri,
506 829 796 895 praesertim
831 841 978 888 quum
1013 842 1058 874 v.
1088 828 1231 875 1592.
1265 832 1465 891 praeter
1499 831 1844 882 necessitatem

156 910 548 976 promontorium
573 909 754 957 Rhium
788 912 1225 955 commemoratum
1261 907 1343 965 sit,
1379 908 1563 972 quippe
1597 915 1653 959 ut
1675 911 1846 962 fausto

155 995 395 1053 gratoque
413 990 608 1038 nomine
622 986 950 1037 Athenienses
975 986 1362 1036 delectarentur.
1432 987 1698 1039 Praeterea
1720 992 1846 1042 ima-

154 1069 293 1133 gines
342 1073 457 1118 sunt
499 1073 632 1117 totae
675 1066 875 1116 Atticae
910 1067 1178 1132 Atticoque
1223 1067 1427 1116 donario
1469 1069 1682 1118 maxime
1726 1087 1844 1121 con-

155 1149 385 1211 veniunt,
421 1148 526 1198 sive
561 1164 646 1197 eas
680 1147 732 1195 in
766 1147 931 1196 tabula
964 1148 1239 1213 descriptas
1274 1148 1380 1197 sive
1412 1148 1598 1198 aulaeis
1630 1150 1845 1202 intextas

154 1235 335 1294 putes,
376 1228 510 1292 quod
554 1227 868 1293 potissimum
904 1227 1067 1293 placet
1098 1228 1382 1293 Boettigero
1417 1229 1482 1278 de
1516 1229 1613 1279 fur.
1647 1247 1844 1295 person.

154 1326 206 1375 p.
226 1310 325 1369 14.‚
359 1323 452 1357 nec
485 1308 608 1357 mihi
642 1304 836 1357 aliter.’'
904 1308 1114 1358 Accedit
1147 1309 1296 1357 tertia
1331 1309 1571 1373 temporis
1596 1307 1843 1375 significa-

154 1390 226 1439 tio
251 1404 314 1437 ex
338 1404 486 1437 versu
509 1388 741 1437 dramatis
769 1390 934 1448 1584„
969 1404 1066 1452 quo
1101 1389 1260 1451 lones,
1298 1390 1381 1454 qui
1409 1389 1574 1437 Asiam
1608 1391 1844 1454 incolunt,

154 1483 220 1518 ex
252 1467 370 1517 lone
414 1468 606 1516 oriundi
641 1474 694 1517 et
737 1468 981 1531 sanguinis
1018 1469 1390 1534 propinquitate
1423 1484 1536 1518 cum
1569 1458 1844 1523 Athenien-

86 1604 89 1605 γ
155 1549 292 1599 sibus
338 1548 522 1608 iuncti,
570 1548 782 1597 civitatis
826 1548 1008 1598 horum
1051 1549 1203 1598 robur
1237 1554 1290 1599 et
1334 1549 1698 1601 incrementum
1730 1566 1845 1601 esse

154 1629 525 1695 praedicantur:

285 1735 353 1745 —
487 1735 549 1743 —
685 1706 715 1757 ὃ
749 1706 998 1767 σθένος
1030 1712 1107 1773 τῇ
1142 1709 1246 1774 ’μῆ
1281 1705 1492 1773 χθονὶ

287 1784 585 1839 δίδωσιν
605 1799 617 1813 ·
652 1785 990 1854 ἀντίπορθμα
1024 1787 1073 1839 δ’
1106 1786 1348 1855 ἠπείροιν
1381 1787 1541 1841 δυοῖν

285 1865 441 1919 πεδία
474 1867 903 1935 κατοικήσουσιν,
930 1863 1173 1930 Ἀσιάδος
1205 1886 1260 1920 τε
1293 1871 1391 1938 γῆς

285 1947 576 2013 Εὐρωπίας
607 1965 679 2002 τε.

155 2031 308 2096 Atqui
342 2031 639 2095 Olympiade
673 2034 769 2092 88,
805 2032 850 2080 1.
895 2030 1243 2094 gravissimum
1287 2031 1566 2096 periculum
1601 2035 1735 2093 erat,
1781 2048 1845 2083 ne

153 2111 344 2170 Lesbii,
379 2111 466 2175 qui
499 2111 560 2159 ab
588 2110 971 2160 Atheniensibus
1005 2112 1068 2159 ad
1095 2110 1482 2176 Peloponnesios
1517 2110 1845 2175 desciverant,

152 2192 483 2243 defectionem
518 2191 694 2240 Ionum
739 2196 792 2240 et
828 2190 1164 2251 Graecorum,
1211 2191 1297 2254 qui
1331 2191 1503 2240 Asiam
1548 2191 1844 2253 incolebant,

153 2273 372 2322 omnium
417 2271 690 2320 traherent.
758 2270 914 2319 Simul
958 2271 1111 2336 igitur
1153 2272 1248 2319 hoa
1291 2271 1707 2330 necessitudiniS,
1749 2289 1847 2336 qua

154 2368 270 2402 cum
294 2344 482 2401 Atticis
505 2351 753 2400 coniuncti
783 2354 968 2410 essent,
1006 2352 1272 2399 admonere
1299 2351 1453 2400 voluit
1486 2357 1637 2416 poeta
1670 2351 1844 2402 simul-

155 2447 254 2496 que
288 2431 422 2480 cives
456 2431 519 2479 ad
554 2430 869 2494 occupandos
905 2435 1108 2478 strenue
1131 2430 1303 2478 hostes
1323 2430 1591 2479 adhortari.
1658 2432 1844 2493 Quam-

155 2512 333 2560 obrem
364 2511 494 2560 hanc
527 2509 746 2559 fabulam
781 2510 911 2558 circa
947 2509 1026 2559 01.
1062 2513 1144 2570 88,
1178 2512 1228 2561 2.
1263 2513 1424 2557 actam
1459 2525 1573 2558 esse
1605 2512 1844 2560 mediam-

155 2607 254 2656 que
300 2590 432 2640 inter
476 2589 807 2654 Hippolytum
856 2590 1068 2645 alterum
1114 2588 1218 2654 (01.
1252 2592 1345 2650 87,
1379 2589 1454 2652 4.)
1500 2595 1553 2638 et
1584 2578 1843 2640 Hecubam

155 2670 262 2737 (01.
295 2673 387 2732 88,
432 2671 505 2735 4.)
551 2669 709 2719 fuisse
754 2670 979 2718 coniicio.
1063 2668 1190 2718 Nam
1235 2671 1382 2718 etiam
1432 2668 1493 2717 ad
1537 2670 1845 2735 perficienda

154 2767 323 2815 opera,
358 2750 538 2815 quibus
574 2749 798 2815 porticu·
829 2749 1062 2798 decorata
1091 2756 1184 2811 est,
1219 2764 1381 2798 annuo
1403 2749 1659 2799 minimum
1688 2752 1844 2815 spatio

154 2846 280 2896 opus
315 2830 428 2879 fuit.

283 2911 461 2960 Eidem
496 2909 787 2973 tetralogiae
821 2914 874 2957 ut
902 2908 1105 2957 Inonem
1139 2909 1436 2966 adscribam,
1471 2913 1523 2958 et
1554 2908 1682 2958 ratio
1716 2914 1843 2959 tem-

155 3006 329 3056 porum
366 2997 418 3039 et
451 2996 626 3040 natura
669 2989 944 3055 argumenti
994 2993 1175 3038 movet.
1243 2989 1459 3038 Ridetur
1508 2989 1637 3037 enim
1671 2988 1759 3036 Ino
1795 2990 1845 3037 in

155 3070 504 3136 Aristophanis
530 3069 964 3129 Acharnensibus‚
1001 3085 1147 3132 quam
1181 3068 1399 3117 fabulam
1435 3068 1514 3118 Ol.
1548 3072 1630 3127 88,
1668 3071 1716 3118 3.
1754 3068 1843 3117 do-

155 3155 285 3200 ctam
321 3167 434 3201 esse
458 3157 676 3212 constat3
710 3167 803 3200 nec
838 3148 993 3198 multo
1027 3155 1142 3198 ante
1175 3149 1302 3198 hanc
1335 3149 1419 3197 illa
1453 3149 1502 3198 in
1535 3150 1733 3197 theatro
1766 3149 1846 3212 agi

154 3231 378 3294 potuisse
411 3232 624 3282 videtur.
693 3231 817 3280 Nam
845 3244 941 3293 quo
966 3234 1192 3294 tempore
1213 3229 1396 3280 Medea
1418 3228 1674 3294 Euripidis
1698 3229 1846 3276 docta

155 3314 234 3358 est
267 3309 370 3373 (Ol.
408 3315 502 3370 87,
551 3310 658 3374 1.),
694 3310 907 3360 nondum
943 3309 1144 3359 Inonem
1188 3310 1250 3359 ab
1299 3310 1475 3359 eodem
1523 3308 1845 3373 compositam

154 3388 312 3438 fuisse
343 3390 397 3439 hi
430 3406 600 3441 versus
648 3390 947 3451 ostendunt,
993 3389 1142 3455 plane
1174 3390 1419 3440 diversam
1454 3389 1517 3438 ab
1550 3389 1697 3438 huius
1731 3386 1845 3436 dra-

154 3469 300 3519 matis
334 3476 622 3535 argumento
656 3476 878 3522 naturam
914 3469 1113 3520 fabulae
1145 3472 1499 3536 respicientes:

1400 3551 1510 3598 29
