2144 3854
1125 286 1247 344 228

353 455 546 506 quoque
578 440 692 502 post
723 438 932 483 mortem
966 426 1284 499 superstitem
1330 445 1470 492 esse,
1519 445 1679 495 neque
1709 446 1805 496 pro
1835 434 2024 483 tumulo

351 522 457 568 eius
491 516 770 581 sepulcrum
804 513 1105 563 habendum
1118 529 1262 571 esse,
1314 512 1404 561 sed
1445 526 1537 576 pro
1578 527 1689 573 ara,
1745 527 1916 577 quam,
1970 519 2026 560 ut

350 597 484 646 beati
517 595 745 655 numinis,
777 594 990 642 viatores
1022 596 1264 658 perpetuo
1298 591 1578 640 veneraturi
1611 592 1728 642 sint.

478 674 768 724 Postremus
817 678 986 733 actus,
1027 672 1113 736 qui
1159 673 1499 722 reductionem
1546 672 1700 722 habet
1743 670 2024 730 Alcestidis,

350 753 733 820 prudentissimo
764 756 944 817 poetae
977 752 1180 800 consilio
1215 753 1286 800 sic
1314 752 1567 800 institutus
1601 758 1706 813 est,
1749 757 1807 800 ut
1839 751 2024 801 Adme-

349 842 430 885 tus
463 835 639 897 insigni
664 849 856 882 morum
895 831 1172 896 ingeniique
1207 832 1434 897 exemplo
1467 831 1660 880 edendo
1694 832 1848 896 magis
1876 831 2024 880 etiam

324 931 495 978 *quam
529 919 671 962 antea
703 914 879 977 dignus
914 913 1153 972 videatur,
1189 928 1278 976 pro
1304 928 1399 976 quo
1429 918 1479 960 et
1497 927 1620 960 uxor
1641 916 1853 961 mortem
1887 911 2024 960 obie-

348 994 417 1043 rit
450 999 501 1043 et
533 994 717 1042 amicus
753 992 1026 1057 periculum
1061 993 1418 1040 atrocissimum
1454 991 1746 1056 susceperit.
1814 991 1861 1040 ls
1892 989 2025 1039 enim

349 1072 463 1122 esse
496 1073 840 1138 cognoscitur,
891 1072 975 1134 qui
1008 1071 1153 1136 plane
1186 1072 1338 1134 nihil,
1384 1073 1516 1135 quod
1567 1071 1715 1120 modo
1761 1071 2023 1120 honestum

348 1154 430 1214 sit,
483 1152 653 1201 amicis
688 1167 868 1215 negare
900 1151 1062 1216 possit
1105 1156 1157 1199 et
1189 1152 1413 1202 omnibus
1446 1153 1497 1201 in
1530 1153 1677 1201 rebus
1712 1167 1856 1199 suum
1889 1165 2024 1199 com-

347 1233 548 1282 modum
581 1232 847 1280 amicorum
882 1230 1150 1279 commodis
1185 1236 1467 1296 postponat.
1534 1232 1658 1280 Nam
1684 1231 1814 1295 quod
1837 1231 1887 1279 in
1914 1230 2025 1295 ipso

347 1311 726 1362 funere'uxoris
760 1311 1044 1360 carissimae
1075 1310 1304 1360 faciendo
1337 1328 1536 1376 operam
1573 1310 1711 1360 dedit
1741 1310 1926 1374 hospiti
1947 1309 2024 1358 lu-

346 1395 578 1454 ctumque
612 1390 808 1451 celavit,
843 1407 1050 1455 parvum
1085 1398 1178 1453 est,
1215 1392 1264 1440 si'
1292 1398 1606 1456 comparetur
1629 1406 1740 1439 cum
1769 1389 2024 1453 obsequio,

345 1486 445 1534 quo
482 1470 674 1535 roganti
706 1471 866 1519 amico
901 1470 1247 1519 satisfacturus
1276 1476 1369 1534 est,
1402 1471 1730 1537 peregrinam,
1766 1485 1912 1534 quam
1931 1485 2025 1533 pu·

345 1555 437 1609 tat,
471 1549 748 1607 mulierem,
793 1556 845 1599 et
868 1549 1056 1599 doloris
1077 1551 1153 1598 sui
1180 1551 1548 1599 incitamentum
1570 1549 1941 1610 acerbissimum
1975 1552 2026 1597 et

344 1629 574 1678 infamiae
592 1629 900 1693 invidiaeque
925 1629 1113 1679 fontem
1145 1630 1466 1687 uberrimum,
1495 1633 1546 1678 et
1573 1630 1712 1679 cuius
1740 1633 1923 1678 tactum
1947 1627 2025 1676 in-

346 1714 453 1758 star
463 1709 712 1775 Gorgonis
736 1709 954 1766 horreat,
990 1711 1041 1758 in
1061 1709 1262 1757 domum
1292 1708 1592 1773 recipiendo.
1659 1708 1789 1758 Tum
1812 1708 2024 1758 facultas

345 1788 505 1838 eidem
553 1790 700 1837 datur
748 1788 1071 1837 confirmandi
1115 1787 1247 1851 quod
1291 1789 1612 1838 moribundae
1654 1788 1907 1853 pollicitus
1948 1792 2025 1837 est

343 1867 506 1924 uxori,
542 1883 598 1915 se
632 1869 815 1915 nullam
849 1868 1061 1931 amplius
1097 1867 1355 1916 mulierem
1389 1872 1636 1916 tacturum
1669 1884 1783 1917 esse
1803 1867 1926 1916 etin
1951 1866 2023 1914 lu-

344 1946 504 2011 genda
535 1946 742 2009 coniuge
767 1946 1009 2008 reliquum
1043 1947 1170 1994 vitae
1204 1951 1399 2010 tempus
1435 1950 1838 2006 consumtumm‚
1859 1950 2022 2010 *atque

344 2041 405 2075 ea
437 2028 699 2089 praesente
732 2024 982 2073 Alcestide
1017 2023 1115 2073 dici
1148 2026 1326 2090 agique
1357 2019 1642 2089 gaudemus,
1711 2025 1887 2089 Neque
1930 2025 2021 2073 mi-

343 2121 437 2154 nus
470 2103 704 2152 Herculis
738 2103 846 2152 vice
878 2103 1151 2162 laetamur,
1196 2105 1479 2154 reducentis
1514 2121 1648 2166 eam,
1698 2121 1796 2168 qua
1841 2104 2022 2152 amissa
2096 2111 2098 2114 “

342 2182 557 2231 felicitas
592 2182 822 2247 salusque
856 2184 997 2232 amici
1029 2185 1078 2232 in
1112 2190 1405 2249 perpetuum
1441 2186 1682 2233 exstincta
1716 2198 1831 2232 esse
1859 2183 2019 2232 videa-

342 2267 443 2324 tur,
477 2266 529 2311 et
561 2263 729 2328 ignaro
762 2263 814 2311 in
848 2279 1018 2312 manus
1051 2264 1288 2313 tradentis
1323 2265 1503 2313 virtute
1535 2269 1588 2313 et
1619 2262 1792 2314 labore
1825 2278 1916 2312 suo
1938 2280 2018 2313 re-

343 2346 644 2405 cuperatam,
679 2358 822 2405 quam
858 2343 956 2391 ulla
988 2344 1035 2391 vi
1058 2350 1144 2392 aut
1168 2349 1275 2392 arte
1301 2343 1499 2392 restitui
1523 2359 1674 2408 posse
1695 2342 1781 2395 ille
1807 2343 2016 2408 negarit.

344 2419 516 2470 Solum
547 2422 729 2470 laboris
750 2423 1022 2486 praemium
1049 2427 1127 2472 est
1153 2423 1359 2472 Herculi
1394 2423 1564 2472 videre
1599 2423 1836 2471 laetitiam
1861 2424 2017 2484 amici,

342 2500 505 2549 subito
550 2517 612 2550 ex
657 2503 904 2550 moestitia
949 2508 1127 2551 natam.
1193 2503 1303 2565 Quo
1351 2503 1636 2568 spectaculo
1681 2518 1778 2567 quo
1810 2502 2020 2567 pleniori

339 2579 550 2642 fruatur,
585 2581 883 2630 ludificando
915 2587 1058 2632 antea
1090 2583 1391 2632 moestitiam
1417 2588 1579 2648 auget,
1615 2599 1762 2647 quum
1793 2583 2016 2647 peregri-

342 2673 455 2708 nam
496 2660 706 2724 aliquam
751 2661 1030 2721 mulierem,
1065 2679 1208 2726 quam
1243 2664 1511 2727 praemium
1545 2662 1781 2711 victoriae
1814 2678 1876 2711 ex
1908 2677 2016 2711 cer-

341 2740 522 2788 tamine
552 2741 751 2804 publico
785 2758 813 2790 a
848 2758 903 2791 se
930 2749 1233 2808 reportatam
1267 2759 1379 2791 esse
1411 2741 1577 2805 fingit,
1620 2741 1671 2790 in
1705 2742 1903 2790 domum
1936 2756 2016 2790 re·

341 2818 515 2880 cipere
547 2836 633 2881 ac,
685 2821 843 2869 donec
876 2822 987 2886 ipse
1020 2838 1081 2871 ex
1115 2821 1392 2870 Thracibus
1426 2836 1652 2870 reversus
1687 2820 1770 2881 sit,
1819 2835 2016 2870 servare

340 2896 532 2946 iubeat:
569 2899 706 2948 cuius
740 2901 956 2950 mulieris
992 2903 1211 2967 speciem
1242 2901 1564 2963 habitumque
1590 2900 1784 2948 'velatae
1816 2899 2014 2949 intuens

341 2974 600 3039 Admetus,
634 2994 784 3041 quum
819 2981 1078 3045 coniugem
1110 2998 1248 3031 suam
1282 2996 1485 3030 cernere
1511 2980 1603 3027 sibi
1624 2981 1877 3040 videatur,
1911 2982 2013 3027 tam

340 3054 443 3103 acri
475 3056 738 3106 defunctae
772 3060 1020 3109 desiderio
1054 3066 1413 3118 commovetur,
1463 3065 1520 3109 ut
1552 3064 1830 3123 temperare
1862 3058 2015 3107 lacri-

340 3134 450 3193 mis,
485 3136 648 3185 subito
685 3142 1140 3205 prorumpentibus,
1188 3141 1386 3190 minime
1419 3139 1591 3203 possit.
1660 3138 1732 3186 lbi
1765 3137 2012 3186 Hercules
2051 3183 2053 3186 Α

342 3219 480 3276 optat
514 3215 605 3262 sibi
650 3215 933 3265 facultatem
983 3235 1095 3270 esse
1141 3220 1442 3269 Alcestidem
1477 3234 1536 3266 ex
1570 3217 1741 3266 inseris
1774 3218 1824 3264 in
1850 3216 2012 3264 lucem

340 3292 611 3342 reducendi
654 3297 1048 3362 restituendique
1090 3301 1262 3348 amico.
1329 3298 1549 3361 Negante
1581 3298 1791 3346 Admeto
1818 3297 1867 3345 id
1901 3294 2011 3345 fieri

342 3386 520 3434 posse,
567 3374 843 3423 consolatur
890 3393 1033 3436 eum,
1083 3379 1293 3443 denique
1326 3393 1506 3427 novum
1540 3376 1900 3425 matrimonium
1933 3375 2008 3422 in-

343 3451 503 3500 eundo
541 3453 697 3502 dolori
740 3455 875 3503 iubet
921 3457 1120 3506 mederi.
1204 3459 1326 3508 Eam
1371 3472 1486 3507 vero
1539 3471 1707 3507 vocem
1754 3470 1900 3519 quum
1935 3454 2009 3503 in-
