2144 3854
922 265 1043 324 123

135 414 348 482 figurata
379 413 602 463 oratione
634 411 858 479 exponit:
893 410 1090 472 „Etiam
1114 410 1433 477 Euripides‚''
1468 412 1653 478 inquit,
1686 430 1818 480 „per

133 500 295 546 totum
327 494 500 546 drama
530 494 740 559 figurata
772 491 989 541 oratione
1023 491 1193 550 utitur,
1231 491 1565 559 Menalippam
1599 492 1708 543 dico
1735 510 1817 544 sa-

134 576 370 641 pientem,
406 590 532 639 quae
563 574 660 622 hoc
693 571 980 636 cognomine
1011 569 1288 635 appellatur
1318 572 1450 631 ideo,
1486 574 1616 637 quod
1653 575 1818 640 philo-

134 655 390 720 sophatur,
425 659 570 716 atque
603 653 754 700 etiam
787 656 944 699 matre
976 650 1275 716 philosopha
1308 658 1420 700 nata
1453 650 1566 702 esse
1600 655 1817 719 fingitur,

134 750 232 799 quo
266 733 461 783 facilius
497 732 710 780 eruditio
745 731 852 780 eius
896 730 1147 796 probetur.
1217 729 1408 795 Duplex
1453 738 1616 781 autem
1662 734 1819 798 figura

132 819 229 874 est,
261 812 419 862 altera
450 811 610 877 ipsius
643 817 836 877 poetae,
871 811 1026 860 altera
1060 810 1188 871 eiuS,
1223 826 1369 874 quam
1402 812 1608 872 inducit,
1643 830 1818 878 perso-

131 909 241 944 nae.
309 893 623 956 Anaxagorae
657 893 784 941 enim
818 891 1014 940 auditor
1045 889 1144 940 fuit
1178 890 1460 956 Euripides,
1497 892 1637 940 cuius
1663 893 1821 957 placi-

131 978 238 1024 tum
272 973 368 1022 fuit
399 973 521 1021 hoc:
557 973 863 1036 promiscuas
896 971 1055 1020 fuisse
1086 986 1168 1019 res
1201 986 1372 1020 omnes
1391 1009 1406 1031 ‚
1439 978 1701 1036 antequam
1736 990 1820 1022 ac·

131 1053 343 1104 cedente
389 1059 557 1102 mente
601 1057 1030 1117 componerentur.
1124 1050 1308 1099 Postea
1362 1051 1569 1100 Socrate
1624 1068 1821 1116 quoque

129 1133 446 1183 familiariter
494 1149 614 1182 usus
661 1138 743 1181 est
788 1138 837 1181 et
881 1133 943 1180 ad
978 1130 1373 1196 probabilitatem
1406 1132 1544 1180 flexit
1576 1133 1821 1183 rationem

25 1247 32 1250 -
131 1212 527 1280 philosophandi.
595 1212 697 1262 Sed
731 1213 947 1279 priorem
983 1227 1180 1276 quoque
1211 1213 1551 1277 disciplinam,
1597 1218 1653 1261 ut
1697 1215 1821 1263 mihi

129 1294 331 1359 quidem
366 1293 579 1355 videtur,
615 1293 810 1357 dignam
841 1292 1030 1353 habuit,
1066 1309 1211 1357 quam
1245 1293 1568 1359 pnffiteretur
1601 1293 1822 1343 celebra-

128 1380 307 1439 retque
340 1374 392 1423 in
425 1373 622 1436 fabulis,
655 1374 820 1437 itaque
852 1373 1086 1438 placitum
1119 1374 1441 1438 Anaxagorae
1460 1373 1512 1421 in
1538 1372 1823 1444 Menalippa

131 1455 387 1519 exposuit,
432 1455 570 1503 cuius
618 1454 849 1503 orationis
899 1454 1195 1519 principium
1239 1458 1429 1519 gratam
1467 1452 1682 1504 doctoris
1714 1471 1821 1505 me-

132 1535 340 1584 moriam
374 1535 608 1595 ostendit,
642 1534 838 1583 dicente
869 1533 1175 1597 Menalippa:

264 1613 365 1664 οὐκ
398 1610 521 1679 ἐμὸς
553 1611 584 1664 ὁ
618 1616 812 1678 μῦθος,
847 1611 956 1663 ἀλλ’
993 1610 1121 1679 ἐμῆς
1152 1610 1350 1677 μητρὸς
1381 1612 1528 1678 πάροι
1559 1615 1668 1664 κτλ.

132 1693 202 1743 Et
234 1694 361 1744 haec
395 1695 595 1758 quidem
628 1701 806 1769 poetae
839 1694 1038 1759 propria
1072 1700 1150 1742 est
1181 1693 1355 1759 figura,
1390 1694 1707 1760 Menalippae
1735 1712 1817 1744 au-

130 1779 234 1824 tem
266 1775 395 1823 haec
429 1781 523 1824 est.
589 1775 739 1823 Patre
772 1773 986 1822 infantes
1018 1778 1248 1836 tanquam
1282 1779 1513 1838 portenta
1537 1775 1822 1824 interficere

131 1853 348 1914 volente,
382 1854 479 1914 illa,
515 1870 715 1903 servare
750 1853 953 1902 studens
989 1854 1218 1918 parvulos
1255 1870 1315 1902 ex
1350 1871 1405 1902 se
1439 1860 1598 1914 natos,
1634 1855 1821 1904 nullum

129 1934 406 1999 prodigium
441 1950 554 1983 esse
586 1932 839 1982 defendit:
872 1932 1039 1995 itaque
1071 1932 1282 1998 figurata
1313 1938 1456 1982 utens
1491 1934 1824 1985 admonitione

131 2029 272 2062 suam
305 2014 464 2078 ipsius
493 2028 716 2062 caussam
750 2013 864 2077 agit.
934 2011 1018 2060 Sic
1051 2013 1331 2062 uuiversum
1366 2013 1533 2062 drama
1558 2015 1822 2079 figuratum

130 2099 236 2154 est,
285 2093 531 2158 simulque
561 2108 652 2142 nos
688 2093 836 2141 docet
868 2091 1134 2156 Euripides
1168 2092 1354 2142 debere
1389 2110 1520 2154 eum,
1554 2095 1639 2159 qui
1666 2095 1824 2160 figura

130 2179 316 2235 utatur,
349 2173 486 2222 salva
518 2173 675 2237 figura
708 2171 935 2236 proxime
969 2173 1147 2222 abesse
1179 2176 1239 2223 ab
1276 2190 1333 2222 ea
1354 2174 1614 2224 solvenda:
1649 2191 1822 2240 perse-

131 2260 244 2304 cuta
279 2254 410 2304 euim
446 2268 615 2302 omnes
650 2251 876 2302 servandi
908 2268 1106 2302 caussas
1139 2258 1393 2318 postremo
1428 2255 1571 2304 dicit:

463 2330 509 2383 εἰ
541 2328 599 2383 δὲ
625 2327 902 2396 Υπαρθένος-ς
934 2333 1064 2391 κτλ.,

130 2420 188 2465 ut
213 2430 352 2464 suam
373 2414 530 2479 ipsius
555 2430 779 2462 caussam
802 2413 979 2478 prodat
1003 2414 1215 2478 figurata
1239 2418 1385 2464 utens
1406 2414 1822 2468 deliberatione.’'

261 2493 536 2545 Verissime
572 2493 833 2557 Dionysius
878 2494 970 2542 sub
1019 2492 1334 2559 Menalippae
1378 2511 1589 2560 persona
1622 2496 1823 2562 Euripi-

131 2576 271 2636 dem,
317 2574 408 2622 sub
444 2573 689 2638 Hipponis
725 2573 1060 2637 Anaxagoram
1093 2573 1251 2622 latere
1284 2576 1491 2626 monuit.
1558 2577 1720 2640 Atque
1754 2577 1825 2625 il-

130 2655 224 2704 lius
259 2669 357 2704 uon
388 2653 547 2703 solum
581 2652 837 2711 doctrina,
884 2651 975 2703 sed
1020 2653 1167 2701 etiam
1203 2654 1399 2702 dicendi
1435 2653 1644 2704 facultas
1679 2656 1826 2720 plena

130 2735 468 2796 artificiorum,
505 2733 726 2798 quamvis
760 2749 788 2781 a
821 2737 983 2782 matre
1014 2732 1178 2781 diviua
1212 2740 1414 2798 accepta
1450 2750 1563 2784 esse
1595 2735 1824 2799 fingatur,

131 2820 298 2864 tamen
331 2830 504 2879 parum
540 2819 742 2862 naturae
777 2811 976 2877 virginis
1029 2814 1291 2862 convenire
1322 2813 1517 2863 videtur
1551 2820 1602 2864 et
1628 2816 1825 2880 vitupe-

131 2901 239 2945 rata
273 2900 352 2944 est
401 2896 462 2943 ab
496 2894 771 2943 Aristotele
805 2899 941 2958 poet.
979 2909 1023 2944 c.
1061 2895 1140 2946 15.
1178 2891 1299 2959 (τοῦ
1333 2891 1390 2943 δὲ
1426 2892 1700 2958 ἀπρεποῦς
1734 2892 1824 2947 καὶ

130 2971 203 3041 μὴ
239 2971 592 3040 ἁρμόττοντος
641 2972 974 3039 παράδειγμα
1016 2970 1052 3039 ἦ
1103 2976 1196 3042 τῆς
1242 2974 1594 3042 Μελανίππης
1628 2975 1823 3046 ῥῆσις).

132 3056 435 3121 Saepissime
485 3060 656 3105 noster
708 3072 844 3104 suam
895 3070 1155 3119 personam
1191 3073 1302 3106 cum
1348 3059 1559 3108 scenicis
1595 3061 1824 3126 personis

130 3135 385 3186 miscendo
435 3137 525 3185 has
587 3135 867 3194 doctiores,
923 3135 1122 3184 virtutis
1161 3138 1486 3201 amantiores,
1551 3140 1823 3205 perfectio-

131 3232 247 3274 reS,
310 3232 455 3281 quam
509 3232 599 3281 par
650 3222 756 3265 erat
798 3214 878 3264 vel
931 3217 1158 3266 veritatis
1213 3220 1338 3268 ratio
1389 3221 1493 3284 pati
1542 3221 1823 3282 videbatur,

134 3295 328 3345 effinxit
381 3300 436 3346 et
483 3296 534 3345 in
565 3297 660 3345 hac
696 3296 801 3345 sola
833 3312 891 3345 re
924 3301 1103 3361 poetae
1135 3298 1303 3348 officia
1337 3300 1504 3350 studio
1537 3300 1824 3366 philosophi

133 3375 434 3441 postposuit.
499 3375 576 3424 Eo
610 3376 822 3426 redeunt
853 3392 1177 3443 quaecunque
1207 3380 1505 3432 Aristoteles
1537 3382 1589 3432 in
1618 3379 1823 3449 Euripi-

135 3454 215 3504 dis
248 3455 449 3520 scriptis
482 3456 820 3522 reprehendit.
