2144 3854
1121 304 1199 360 14

334 456 556 518 putamus
583 451 799 500 Graecos
834 450 983 499 duces
1017 450 1068 499 in
1097 449 1420 499 Troianorum
1454 451 1618 501 media
1650 458 1810 502 castra
1842 459 1988 504 noctu

333 537 537 597 repente
560 531 788 579 inductos
812 546 939 592 esse,
973 545 1069 579 non
1093 530 1276 578 monito
1302 530 1512 593 theatro,
1539 531 1767 595 quidnam
1789 539 1988 599 agentes

331 612 591 670 venissent,
627 626 829 674 quanam
861 614 966 658 arte
994 625 1053 658 eo
1078 615 1438 674 penetrassent,
1471 626 1678 674 quonam
1703 611 1781 660 vel
1803 613 1990 677 privato

331 690 408 738 vel
456 691 650 754 publico
702 690 904 738 consilio
961 688 1179 738 laborem
1212 690 1563 754 >periculosum
1615 693 1991 757 suscepissent?

332 768 708 835 Praecipitatum
740 785 852 818 esse
877 769 1085 817 duorum
1112 770 1326 818 virorum
1348 770 1529 820 virtute
1556 771 1809 833 HectoriS,
1842 788 1989 836 quem

330 850 603 898 tremebant
647 849 842 911 omneS,
891 848 1073 896 fastum
1121 852 1174 896 et
1216 849 1701 913 magniloquentiam,
1751 852 1989 902 sublatam

331 944 444 978 esse
467 929 639 989 Rhesi,
674 945 818 993 quem
851 933 984 977 teste
1007 927 1230 976 Minerva
1263 944 1325 976 ne
1358 928 1572 978 Achilles
1607 931 1804 994 quidem
1831 947 1991 996 neque

330 1008 470 1069 Aiax,
505 1010 762 1073 quominus
796 1013 954 1057 castra
987 1006 1176 1056 navalia
1210 1013 1479 1068 everteret,
1512 1009 1803 1072 prohibituri
1837 1016 1992 1072 erant,

331 1102 528 1152 operam
564 1094 616 1138 et
648 1093 974 1149 momentum,
1008 1087 1071 1136 ad
1104 1087 1296 1135 irritum
1334 1088 1574 1136 cecidisse
1608 1089 1807 1139 Dolonis
1841 1090 1990 1140 auda-

330 1182 437 1215 cem
472 1168 677 1232 perinde
710 1173 855 1233 atque
888 1167 1110 1216 dolosum
1148 1174 1405 1225 conatum,
1457 1167 1662 1217 fractam
1696 1185 1808 1218 esse
1838 1171 1992 1219 totius

330 1246 584 1322 exercitu*
606 1248 806 1296 victoris
840 1248 1139 1297 alacritatem
1172 1251 1318 1311 atque
1339 1247 1587 1308 fiduciam,
1622 1252 1804 1297 tantam
1827 1265 1992 1299 rerum

331 1327 756 1376 commutationem
798 1327 977 1376 factam
1024 1343 1133 1375 cum
1176 1328 1439 1376 ostendere
1485 1333 1629 1394 poeta
1670 1328 1847 1392 vellet,
1891 1333 1991 1380 tam

330 1405 668 1466 defunctorie,
710 1412 811 1455 tam
845 1406 1032 1468 obiter,
1076 1414 1180 1455 tam
1215 1408 1449 1467 obscure,
1492 1414 1591 1456 tam
1626 1408 1833 1474 abrupte
1863 1408 1993 1458 viro-

329 1500 468 1547 rum,
515 1500 723 1548 quorum
758 1502 909 1551 opera
942 1491 996 1535 et
1029 1487 1229 1536 consilio
1261 1487 1344 1534 illa
1376 1487 1553 1536 effecta
1585 1493 1728 1548 sunt,
1775 1491 1994 1538 mentem

329 1564 724 1628 voluntatemque
751 1566 949 1614 theatro
974 1566 1237 1614 exhibitam
1275 1581 1386 1614 esse
1418 1567 1527 1630 quis
1562 1566 1765 1616 credat?
1798 1565 1994 1616 Omissa

331 1658 444 1692 esse
488 1644 675 1705 omnia,
720 1645 769 1692 in
809 1646 984 1708 quibus
1031 1660 1273 1693 summum
1306 1660 1470 1693 rerum
1504 1647 1715 1710 positum
1748 1650 1857 1695 erat
1887 1659 1995 1705 mo-

329 1727 574 1784 mentum,
609 1724 887 1773 universum
921 1724 1066 1789 plane
1099 1725 1352 1789 prologum
1387 1726 1628 1774 abiectum
1652 1741 1788 1787 esse,
1825 1740 1996 1774 carere

329 1803 497 1851 drama
531 1820 623 1853 una
658 1820 718 1852 ex
751 1803 973 1867 partibus
1007 1805 1098 1861 iis,
1142 1805 1315 1867 quibus
1349 1805 1486 1868 quasi
1518 1805 1753 1854 membris
1785 1805 1991 1866 nullum,

330 1882 447 1944 quin
481 1898 572 1946 pro
603 1882 754 1932 debili
783 1897 1051 1946 mancoque
1075 1884 1354 1943 haberetur,
1390 1900 1559 1933 carere
1587 1888 1798 1948 poterat,
1832 1900 1993 1950 neque

329 1961 593 2026 quidquam
627 1963 816 2023 inesse,
853 1962 983 2026 quod
1016 1963 1066 2012 in
1097 1963 1259 2011 locum
1291 1964 1468 2028 partiS‚
1506 1979 1630 2027 quae
1663 1963 1991 2023 desideratur,

331 2041 650 2091 substitutum
685 2057 798 2091 esse
831 2042 997 2091 dicere
1028 2043 1207 2108 possis,
1242 2043 1449 2092 hoccine
1473 2044 1713 2094 eiusmodi
1736 2048 1829 2106 est,
1861 2046 1994 2110 quod

327 2136 503 2170 secure
537 2121 843 2187 negligatur?

457 2202 665 2251 Accedit
697 2202 759 2250 ad
792 2202 1066 2266 argumenti
1100 2202 1394 2267 scriptorem
1428 2202 1554 2251 alter
1585 2205 1726 2254 testis
1768 2219 1865 2254 non
1901 2205 1991 2254 mi-

330 2297 421 2331 nus
454 2283 639 2346 gravia,
674 2282 751 2330 vel
786 2282 932 2331 etiam
965 2282 1287 2346 locupletior,
1322 2282 1514 2342 Attius,
1550 2284 1686 2332 cuius
1717 2282 1992 2349 Nyctegre-

330 2363 454 2411 siam
497 2363 562 2411 de
593 2361 844 2426 Euripidis
889 2361 1056 2410 Rheso
1103 2377 1387 2426 expressam
1435 2361 1592 2411 fuisse
1636 2363 1849 2412 ostendit
1890 2362 1991 2414 Va-

329 2448 490 2502 terus,
526 2441 656 2489 idem
693 2442 900 2500 erravit,
933 2449 1124 2506 partem
1158 2441 1390 2489 dramatis
1423 2442 1623 2506 proprio
1657 2444 1796 2506 quasi
1824 2442 1992 2493 Marte

329 2523 391 2570 ab
425 2522 561 2572 Attio
594 2521 837 2571 inventam
871 2526 1019 2584 atque
1055 2521 1347 2585 exemplari,
1383 2521 1513 2584 quod
1546 2521 1852 2586 imitaretur,
1902 2523 1992 2572 ad-

327 2603 504 2651 iectam
552 2617 664 2650 esse
712 2601 971 2651 arbitranS.
1038 2601 1147 2650 Non
1191 2602 1315 2650 haec
1362 2601 1461 2650 fuit
1503 2600 1696 2650 illorum
1731 2607 1991 2666 poetarum

328 2667 454 2731 ratio
499 2681 752 2741 imitandi,
799 2687 855 2730 ut
898 2681 1215 2730 immutarent
1257 2697 1341 2742 ea,
1389 2696 1512 2744 quae
1546 2696 1642 2729 non
1673 2686 1760 2730 aut
1790 2681 1989 2731 institu-

329 2768 490 2810 torum
535 2776 823 2823 morumque
867 2761 1152 2810 diversitate
1197 2765 1280 2809 aut
1324 2760 1520 2825 linguae
1577 2764 1750 2809 natura
1797 2763 1992 2810 mutare

327 2842 649 2902 iubebantur,
685 2855 846 2903 neque
877 2841 1061 2902 Attius,
1097 2857 1208 2890 cum
1243 2839 1572 2904 duodeviginti
1593 2837 1848 2903 Euripidis
1878 2840 1991 2890 dra-

327 2925 490 2982 mata,
515 2925 749 2984 quantum
785 2920 1013 2986 equidem
1048 2935 1348 2987 cognoscere
1379 2933 1611 2984 possum,
1645 2918 1794 2967 latina
1825 2918 1990 2969 reddi-

325 3000 507 3058 disset,
541 3000 717 3049 horum
749 3001 902 3050 ullum
938 3002 1008 3049 sic
1041 2999 1340 3061 immutavit,
1372 3003 1428 3048 ut
1459 2998 1538 3046 vel
1571 2997 1794 3047 demeret
1823 3003 1990 3063 partes

326 3080 541 3144 integras
573 3079 650 3128 vel
681 3080 919 3129 adiiceret
951 3096 1099 3129 novas
1116 3116 1131 3140 ,
1167 3079 1254 3129 sed
1288 3095 1478 3130 summa
1511 3078 1695 3142 ubique
1726 3077 1989 3128 imitatoris

327 3175 440 3208 cum
475 3162 677 3209 auctore
710 3161 1004 3225 conspiratio
1045 3160 1448 3226 deprehenditur.
1515 3158 1676 3207 Huius
1719 3157 1867 3222 igitur
1910 3156 1990 3206 fa-

326 3238 490 3289 bulam
524 3254 624 3289 uno
656 3244 771 3289 actu
805 3239 1050 3302 ditiorem,
1084 3256 1228 3305 quam
1265 3239 1508 3288 Graecum
1544 3236 1810 3308 exemplar,
1845 3235 1989 3300 quale

327 3333 458 3369 nunc
476 3319 723 3389 habetur,
769 3319 927 3369 fuisse
969 3320 1211 3370 intellexit
1243 3317 1486 3369 Vaterus:
1538 3316 1815 3367 continebat
1859 3314 1990 3364 enim

327 3400 537 3464 primum
569 3399 877 3464 prooemium
904 3401 1295 3464 Agamemnonis,
1333 3415 1432 3464 quo
1465 3411 1684 3447 caussam
1717 3408 1989 3444 convocan-

326 3479 500 3529 dorum
533 3478 712 3530 ducum
745 3483 891 3530 nocte
921 3479 1216 3546 intempesta
1248 3480 1550 3545 exponebat,
1591 3473 1770 3526 deinde
1809 3473 1988 3523 ducum
