<?xml version="1.0" encoding="UTF-8"?>
<!DOCTYPE html PUBLIC "-//W3C//DTD XHTML 1.0 Transitional//EN"
    "http://www.w3.org/TR/xhtml1/DTD/xhtml1-transitional.dtd">
<html xmlns="http://www.w3.org/1999/xhtml" xml:lang="en" lang="en">
 <head>
  <title>
</title>
<meta http-equiv="Content-Type" content="text/html;charset=utf-8" />
  <meta name='ocr-system' content='tesseract 3.04.00' />
  <meta name='ocr-capabilities' content='ocr_page ocr_carea ocr_par ocr_line ocrx_word'/>
</head>
<body>
  <div class='ocr_page' id='page_1' title='image "./euripidesrestitu01hartuoft_0204.png"; bbox 0 0 2144 3854; ppageno 0'>
   <div class='ocr_carea' id='block_1_1' title="bbox 1109 261 1229 318">
    <p class='ocr_par' dir='ltr' id='par_1_1' title="bbox 1109 261 1229 318">
     <span class='ocr_line' id='line_1_1' title="bbox 1109 261 1229 318; baseline 0 0"><span class='ocrx_word' id='word_1_1' title='bbox 1109 261 1229 318; x_wconf 82' lang='lat'><strong>186</strong></span> 
     </span>
    </p>
   </div>
   <div class='ocr_carea' id='block_1_2' title="bbox 333 407 2004 554">
    <p class='ocr_par' dir='ltr' id='par_1_2' title="bbox 333 407 2004 554">
     <span class='ocr_line' id='line_1_2' title="bbox 333 407 2004 479; baseline -0.001 -16"><span class='ocrx_word' id='word_1_2' title='bbox 333 413 458 479; x_wconf 88' lang='lat' dir='ltr'><strong>spici</strong></span> <span class='ocrx_word' id='word_1_3' title='bbox 489 424 634 462; x_wconf 89' lang='lat' dir='ltr'><strong>nemo</strong></span> <span class='ocrx_word' id='word_1_4' title='bbox 665 408 829 459; x_wconf 88' lang='lat' dir='ltr'><strong>docet.</strong></span> <span class='ocrx_word' id='word_1_5' title='bbox 895 407 1058 458; x_wconf 89' lang='lat' dir='ltr'><strong>Multo</strong></span> <span class='ocrx_word' id='word_1_6' title='bbox 1090 423 1209 458; x_wconf 88' lang='lat' dir='ltr'><strong>vero</strong></span> <span class='ocrx_word' id='word_1_7' title='bbox 1254 408 1445 469; x_wconf 87' lang='lat' dir='ltr'><strong>minus,</strong></span> <span class='ocrx_word' id='word_1_8' title='bbox 1492 423 1638 473; x_wconf 84' lang='lat' dir='ltr'><strong>quam</strong></span> <span class='ocrx_word' id='word_1_9' title='bbox 1655 409 1832 476; x_wconf 57' lang='lat' dir='ltr'><strong>juec,</strong></span> <span class='ocrx_word' id='word_1_10' title='bbox 1876 427 2004 476; x_wconf 86' lang='lat' dir='ltr'><strong>quae</strong></span> 
     </span>
     <span class='ocr_line' id='line_1_3' title="bbox 334 487 2000 554; baseline -0.002 -13"><span class='ocrx_word' id='word_1_11' title='bbox 334 493 563 547; x_wconf 76' lang='lat' dir='ltr'><strong>diximus,</strong></span> <span class='ocrx_word' id='word_1_12' title='bbox 598 490 757 537; x_wconf 89' lang='lat' dir='ltr'><strong>locum</strong></span> <span class='ocrx_word' id='word_1_13' title='bbox 793 488 1073 539; x_wconf 86' lang='lat' dir='ltr'><strong>habuerunt</strong></span> <span class='ocrx_word' id='word_1_14' title='bbox 1106 505 1181 550; x_wconf 89' lang='lat' dir='ltr'><strong>ea,</strong></span> <span class='ocrx_word' id='word_1_15' title='bbox 1218 503 1342 552; x_wconf 87' lang='lat' dir='ltr'><strong>quae</strong></span> <span class='ocrx_word' id='word_1_16' title='bbox 1377 488 1532 540; x_wconf 88' lang='lat' dir='ltr'><strong>schol.</strong></span> <span class='ocrx_word' id='word_1_17' title='bbox 1570 487 1724 554; x_wconf 86' lang='lat' dir='ltr'><strong>Soph.</strong></span> <span class='ocrx_word' id='word_1_18' title='bbox 1751 490 1828 542; x_wconf 88' lang='lat' dir='ltr'><strong>Ai.</strong></span> <span class='ocrx_word' id='word_1_19' title='bbox 1857 492 2000 548; x_wconf 69' lang='lat'><strong>1269.</strong></span> 
     </span>
    </p>
   </div>
   <div class='ocr_carea' id='block_1_3' title="bbox 247 568 2001 634">
    <p class='ocr_par' dir='ltr' id='par_1_3' title="bbox 247 568 2001 634">
     <span class='ocr_line' id='line_1_4' title="bbox 247 568 2001 634; baseline -0.001 -13"><span class='ocrx_word' id='word_1_20' title='bbox 247 619 249 621; x_wconf 80' lang='grc'>,</span> <span class='ocrx_word' id='word_1_21' title='bbox 331 571 507 630; x_wconf 78' lang='lat' dir='ltr'><strong>refert,</strong></span> <span class='ocrx_word' id='word_1_22' title='bbox 541 569 785 632; x_wconf 88' lang='lat' dir='ltr'><strong>Aeropen,</strong></span> <span class='ocrx_word' id='word_1_23' title='bbox 820 574 1044 632; x_wconf 80' lang='lat' dir='ltr'><strong>stuprum</strong></span> <span class='ocrx_word' id='word_1_24' title='bbox 1079 586 1108 618; x_wconf 91' lang='lat' dir='ltr'><strong>a</strong></span> <span class='ocrx_word' id='word_1_25' title='bbox 1141 568 1350 632; x_wconf 91' lang='lat' dir='ltr'><strong>quodam</strong></span> <span class='ocrx_word' id='word_1_26' title='bbox 1374 569 1530 631; x_wconf 89' lang='lat' dir='ltr'><strong>patris</strong></span> <span class='ocrx_word' id='word_1_27' title='bbox 1554 568 1766 618; x_wconf 80' lang='lat' dir='ltr'><strong>satellite</strong></span> <span class='ocrx_word' id='word_1_28' title='bbox 1790 585 2001 634; x_wconf 81' lang='lat' dir='ltr'><strong>passam,</strong></span> 
     </span>
    </p>
   </div>
   <div class='ocr_carea' id='block_1_4' title="bbox 307 648 2000 3346">
    <p class='ocr_par' dir='ltr' id='par_1_4' title="bbox 324 648 2000 1016">
     <span class='ocr_line' id='line_1_5' title="bbox 330 648 2000 713; baseline 0.001 -15"><span class='ocrx_word' id='word_1_29' title='bbox 330 648 542 713; x_wconf 87' lang='lat' dir='ltr'><strong>Nauplio</strong></span> <span class='ocrx_word' id='word_1_30' title='bbox 576 664 604 696; x_wconf 92' lang='lat' dir='ltr'><strong>a</strong></span> <span class='ocrx_word' id='word_1_31' title='bbox 636 654 778 711; x_wconf 90' lang='lat' dir='ltr'><strong>patre</strong></span> <span class='ocrx_word' id='word_1_32' title='bbox 810 649 1038 713; x_wconf 75' lang='lat' dir='ltr'><strong>traditam</strong></span> <span class='ocrx_word' id='word_1_33' title='bbox 1075 665 1187 698; x_wconf 75' lang='lat' dir='ltr'><strong>esse</strong></span> <span class='ocrx_word' id='word_1_34' title='bbox 1220 649 1269 697; x_wconf 91' lang='lat' dir='ltr'><strong>in</strong></span> <span class='ocrx_word' id='word_1_35' title='bbox 1314 649 1438 696; x_wconf 90' lang='lat' dir='ltr'><strong>mari</strong></span> <span class='ocrx_word' id='word_1_36' title='bbox 1485 648 1888 713; x_wconf 85' lang='lat' dir='ltr'><strong>demergendam,</strong></span> <span class='ocrx_word' id='word_1_37' title='bbox 1937 651 2000 701; x_wconf 87' lang='lat' dir='ltr'><strong>ab</strong></span> 
     </span>
     <span class='ocr_line' id='line_1_6' title="bbox 328 727 1999 792; baseline 0.002 -16"><span class='ocrx_word' id='word_1_38' title='bbox 328 728 425 777; x_wconf 89' lang='lat' dir='ltr'><strong>hoc</strong></span> <span class='ocrx_word' id='word_1_39' title='bbox 457 727 637 777; x_wconf 91' lang='lat' dir='ltr'><strong>deinde</strong></span> <span class='ocrx_word' id='word_1_40' title='bbox 667 728 907 777; x_wconf 89' lang='lat' dir='ltr'><strong>Plistheni</strong></span> <span class='ocrx_word' id='word_1_41' title='bbox 950 744 1230 777; x_wconf 78' lang='lat' dir='ltr'><strong>concessam</strong></span> <span class='ocrx_word' id='word_1_42' title='bbox 1277 744 1416 788; x_wconf 88' lang='lat' dir='ltr'><strong>esse,</strong></span> <span class='ocrx_word' id='word_1_43' title='bbox 1464 744 1625 792; x_wconf 85' lang='lat' dir='ltr'><strong>eoque</strong></span> <span class='ocrx_word' id='word_1_44' title='bbox 1667 728 1905 778; x_wconf 85' lang='lat' dir='ltr'><strong>defuncto</strong></span> <span class='ocrx_word' id='word_1_45' title='bbox 1947 730 1999 779; x_wconf 89' lang='lat' dir='ltr'><strong>in</strong></span> 
     </span>
     <span class='ocr_line' id='line_1_7' title="bbox 329 807 1999 874; baseline 0.002 -18"><span class='ocrx_word' id='word_1_46' title='bbox 329 807 609 872; x_wconf 88' lang='lat' dir='ltr'><strong>coniugium</strong></span> <span class='ocrx_word' id='word_1_47' title='bbox 641 809 833 856; x_wconf 88' lang='lat' dir='ltr'><strong>venisse</strong></span> <span class='ocrx_word' id='word_1_48' title='bbox 865 809 1016 858; x_wconf 86' lang='lat' dir='ltr'><strong>Atrei.</strong></span> <span class='ocrx_word' id='word_1_49' title='bbox 1082 810 1194 874; x_wconf 89' lang='lat' dir='ltr'><strong>lpse</strong></span> <span class='ocrx_word' id='word_1_50' title='bbox 1227 809 1356 857; x_wconf 89' lang='lat' dir='ltr'><strong>enim</strong></span> <span class='ocrx_word' id='word_1_51' title='bbox 1390 809 1567 858; x_wconf 91' lang='lat' dir='ltr'><strong>titulus</strong></span> <span class='ocrx_word' id='word_1_52' title='bbox 1598 809 1885 874; x_wconf 81' lang='lat' dir='ltr'><strong>tragoediae</strong></span> <span class='ocrx_word' id='word_1_53' title='bbox 1916 809 1999 859; x_wconf 78' lang='lat' dir='ltr'><strong>his</strong></span> 
     </span>
     <span class='ocr_line' id='line_1_8' title="bbox 325 887 2000 953; baseline 0.002 -17"><span class='ocrx_word' id='word_1_54' title='bbox 325 887 642 949; x_wconf 80' lang='lat' dir='ltr'><strong>contradicit,</strong></span> <span class='ocrx_word' id='word_1_55' title='bbox 677 904 802 952; x_wconf 88' lang='lat' dir='ltr'><strong>quae</strong></span> <span class='ocrx_word' id='word_1_56' title='bbox 835 904 895 937; x_wconf 87' lang='lat' dir='ltr'><strong>ex</strong></span> <span class='ocrx_word' id='word_1_57' title='bbox 928 888 1183 939; x_wconf 88' lang='lat' dir='ltr'><strong>Plisthene</strong></span> <span class='ocrx_word' id='word_1_58' title='bbox 1215 888 1470 953; x_wconf 82' lang='lat' dir='ltr'><strong>Euripidis</strong></span> <span class='ocrx_word' id='word_1_59' title='bbox 1503 889 1658 952; x_wconf 90' lang='lat' dir='ltr'><strong>petita</strong></span> <span class='ocrx_word' id='word_1_60' title='bbox 1688 903 1802 938; x_wconf 87' lang='lat' dir='ltr'><strong>esse</strong></span> <span class='ocrx_word' id='word_1_61' title='bbox 1835 893 2000 939; x_wconf 77' lang='lat' dir='ltr'><strong>osten-</strong></span> 
     </span>
     <span class='ocr_line' id='line_1_9' title="bbox 324 981 633 1016; baseline -0.006 0"><span class='ocrx_word' id='word_1_62' title='bbox 324 981 473 1016; x_wconf 80' lang='lat' dir='ltr'><strong>surus</strong></span> <span class='ocrx_word' id='word_1_63' title='bbox 507 983 633 1015; x_wconf 88' lang='lat' dir='ltr'><strong>sum.</strong></span> 
     </span>
    </p>

    <p class='ocr_par' dir='ltr' id='par_1_5' title="bbox 320 1047 1999 1496">
     <span class='ocr_line' id='line_1_10' title="bbox 458 1047 1999 1112; baseline 0.002 -17"><span class='ocrx_word' id='word_1_64' title='bbox 458 1047 647 1108; x_wconf 78' lang='lat' dir='ltr'><strong>Restat,</strong></span> <span class='ocrx_word' id='word_1_65' title='bbox 679 1052 736 1096; x_wconf 92' lang='lat' dir='ltr'><strong>ut</strong></span> <span class='ocrx_word' id='word_1_66' title='bbox 768 1052 988 1096; x_wconf 88' lang='lat' dir='ltr'><strong>veterum</strong></span> <span class='ocrx_word' id='word_1_67' title='bbox 1021 1049 1086 1097; x_wconf 92' lang='lat' dir='ltr'><strong>de</strong></span> <span class='ocrx_word' id='word_1_68' title='bbox 1119 1048 1262 1097; x_wconf 89' lang='lat' dir='ltr'><strong>laude</strong></span> <span class='ocrx_word' id='word_1_69' title='bbox 1293 1049 1441 1098; x_wconf 90' lang='lat' dir='ltr'><strong>huius</strong></span> <span class='ocrx_word' id='word_1_70' title='bbox 1473 1048 1755 1112; x_wconf 77' lang='lat' dir='ltr'><strong>tragoediae</strong></span> <span class='ocrx_word' id='word_1_71' title='bbox 1771 1047 1999 1098; x_wconf 78' lang='lat' dir='ltr'><strong>testimo-</strong></span> 
     </span>
     <span class='ocr_line' id='line_1_11' title="bbox 323 1126 1998 1192; baseline 0 -16"><span class='ocrx_word' id='word_1_72' title='bbox 323 1127 404 1176; x_wconf 88' lang='lat' dir='ltr'><strong>nia</strong></span> <span class='ocrx_word' id='word_1_73' title='bbox 435 1126 760 1192; x_wconf 78' lang='lat' dir='ltr'><strong>proferamus.</strong></span> <span class='ocrx_word' id='word_1_74' title='bbox 827 1127 1212 1192; x_wconf 79' lang='lat' dir='ltr'><strong>AristophaneS,</strong></span> <span class='ocrx_word' id='word_1_75' title='bbox 1256 1129 1545 1192; x_wconf 87' lang='lat' dir='ltr'><strong>gravissima</strong></span> <span class='ocrx_word' id='word_1_76' title='bbox 1589 1143 1816 1192; x_wconf 89' lang='lat' dir='ltr'><strong>quaeque</strong></span> <span class='ocrx_word' id='word_1_77' title='bbox 1846 1128 1899 1177; x_wconf 91' lang='lat' dir='ltr'><strong>in</strong></span> <span class='ocrx_word' id='word_1_78' title='bbox 1930 1129 1998 1176; x_wconf 91' lang='lat' dir='ltr'><strong>ri-</strong></span> 
     </span>
     <span class='ocr_line' id='line_1_12' title="bbox 323 1206 1999 1273; baseline 0.001 -18"><span class='ocrx_word' id='word_1_79' title='bbox 323 1206 488 1256; x_wconf 89' lang='lat' dir='ltr'><strong>dicula</strong></span> <span class='ocrx_word' id='word_1_80' title='bbox 522 1212 806 1256; x_wconf 81' lang='lat' dir='ltr'><strong>convertere</strong></span> <span class='ocrx_word' id='word_1_81' title='bbox 840 1208 1039 1268; x_wconf 90' lang='lat' dir='ltr'><strong>solitus,</strong></span> <span class='ocrx_word' id='word_1_82' title='bbox 1083 1213 1238 1256; x_wconf 89' lang='lat' dir='ltr'><strong>totam</strong></span> <span class='ocrx_word' id='word_1_83' title='bbox 1273 1207 1509 1273; x_wconf 78' lang='lat' dir='ltr'><strong>Thyestis</strong></span> <span class='ocrx_word' id='word_1_84' title='bbox 1544 1223 1747 1258; x_wconf 89' lang='lat' dir='ltr'><strong>coenam</strong></span> <span class='ocrx_word' id='word_1_85' title='bbox 1780 1207 1999 1256; x_wconf 78' lang='lat' dir='ltr'><strong>imitatus</strong></span> 
     </span>
     <span class='ocr_line' id='line_1_13' title="bbox 322 1285 1997 1352; baseline 0 -17"><span class='ocrx_word' id='word_1_86' title='bbox 322 1292 431 1336; x_wconf 90' lang='lat' dir='ltr'><strong>erat</strong></span> <span class='ocrx_word' id='word_1_87' title='bbox 463 1287 514 1335; x_wconf 90' lang='lat' dir='ltr'><strong>in</strong></span> <span class='ocrx_word' id='word_1_88' title='bbox 545 1286 827 1352; x_wconf 89' lang='lat' dir='ltr'><strong>Proagone,</strong></span> <span class='ocrx_word' id='word_1_89' title='bbox 870 1286 920 1335; x_wconf 93' lang='lat' dir='ltr'><strong>id</strong></span> <span class='ocrx_word' id='word_1_90' title='bbox 954 1288 1085 1351; x_wconf 88' lang='lat' dir='ltr'><strong>qnod</strong></span> <span class='ocrx_word' id='word_1_91' title='bbox 1119 1292 1169 1336; x_wconf 89' lang='lat' dir='ltr'><strong>et</strong></span> <span class='ocrx_word' id='word_1_92' title='bbox 1201 1303 1262 1336; x_wconf 82' lang='lat' dir='ltr'><strong>ex</strong></span> <span class='ocrx_word' id='word_1_93' title='bbox 1297 1289 1590 1338; x_wconf 84' lang='lat' dir='ltr'><strong>scholiastae</strong></span> <span class='ocrx_word' id='word_1_94' title='bbox 1622 1288 1686 1338; x_wconf 88' lang='lat' dir='ltr'><strong>ad</strong></span> <span class='ocrx_word' id='word_1_95' title='bbox 1718 1285 1997 1352; x_wconf 85' lang='lat' dir='ltr'><strong>Vesparum</strong></span> 
     </span>
     <span class='ocr_line' id='line_1_14' title="bbox 321 1367 1999 1433; baseline 0 -18"><span class='ocrx_word' id='word_1_96' title='bbox 321 1381 368 1418; x_wconf 87' lang='lat' dir='ltr'><strong>v.</strong></span> <span class='ocrx_word' id='word_1_97' title='bbox 402 1368 480 1416; x_wconf 83' lang='lat'><strong>61.</strong></span> <span class='ocrx_word' id='word_1_98' title='bbox 514 1367 796 1416; x_wconf 89' lang='lat' dir='ltr'><strong>testimonio</strong></span> <span class='ocrx_word' id='word_1_99' title='bbox 829 1371 882 1417; x_wconf 89' lang='lat' dir='ltr'><strong>et</strong></span> <span class='ocrx_word' id='word_1_100' title='bbox 914 1382 974 1416; x_wconf 82' lang='lat' dir='ltr'><strong>ex</strong></span> <span class='ocrx_word' id='word_1_101' title='bbox 1007 1367 1295 1432; x_wconf 84' lang='lat' dir='ltr'><strong>fragmentis</strong></span> <span class='ocrx_word' id='word_1_102' title='bbox 1329 1368 1450 1433; x_wconf 90' lang='lat' dir='ltr'><strong>ipsis</strong></span> <span class='ocrx_word' id='word_1_103' title='bbox 1491 1367 1812 1433; x_wconf 84' lang='lat' dir='ltr'><strong>intelligitur,</strong></span> <span class='ocrx_word' id='word_1_104' title='bbox 1863 1367 1999 1417; x_wconf 73' lang='lat' dir='ltr'><strong>velut</strong></span> 
     </span>
     <span class='ocr_line' id='line_1_15' title="bbox 320 1446 504 1496; baseline 0.005 -1"><span class='ocrx_word' id='word_1_105' title='bbox 320 1446 504 1496; x_wconf 84' lang='lat' dir='ltr'><strong>hocce:</strong></span> 
     </span>
    </p>

    <p class='ocr_par' dir='ltr' id='par_1_6' title="bbox 311 1522 2000 2389">
     <span class='ocr_line' id='line_1_16' title="bbox 450 1522 1576 1593; baseline 0.002 -17"><span class='ocrx_word' id='word_1_106' title='bbox 450 1522 748 1592; x_wconf 73' lang='grc' dir='ltr'>ἐγευσάμην</span> <span class='ocrx_word' id='word_1_107' title='bbox 779 1524 973 1593; x_wconf 80' lang='grc' dir='ltr'><strong><em>χορδῆς</em></strong></span> <span class='ocrx_word' id='word_1_108' title='bbox 1005 1526 1036 1578; x_wconf 83' lang='grc' dir='ltr'>ὁ</span> <span class='ocrx_word' id='word_1_109' title='bbox 1069 1526 1329 1592; x_wconf 80' lang='grc' dir='ltr'><strong><em>δύστηνος</em></strong></span> <span class='ocrx_word' id='word_1_110' title='bbox 1359 1525 1576 1590; x_wconf 81' lang='grc' dir='ltr'><strong><em>τέκνων,</em></strong></span> 
     </span>
     <span class='ocr_line' id='line_1_17' title="bbox 317 1603 1999 1673; baseline 0.002 -19"><span class='ocrx_word' id='word_1_111' title='bbox 317 1605 383 1655; x_wconf 80' lang='lat' dir='ltr'><strong>cf.</strong></span> <span class='ocrx_word' id='word_1_112' title='bbox 420 1606 598 1672; x_wconf 87' lang='lat' dir='ltr'><strong>Bergk.</strong></span> <span class='ocrx_word' id='word_1_113' title='bbox 634 1607 807 1672; x_wconf 86' lang='lat' dir='ltr'><strong>fragm.</strong></span> <span class='ocrx_word' id='word_1_114' title='bbox 841 1608 1093 1673; x_wconf 88' lang='lat' dir='ltr'><strong>Aristoph.</strong></span> <span class='ocrx_word' id='word_1_115' title='bbox 1127 1625 1176 1673; x_wconf 89' lang='lat' dir='ltr'><strong>p.</strong></span> <span class='ocrx_word' id='word_1_116' title='bbox 1193 1610 1292 1657; x_wconf 82' lang='lat'><strong>249</strong></span> <span class='ocrx_word' id='word_1_117' title='bbox 1317 1625 1422 1673; x_wconf 87' lang='lat' dir='ltr'><strong>seq.</strong></span> <span class='ocrx_word' id='word_1_118' title='bbox 1488 1607 1624 1657; x_wconf 86' lang='lat' dir='ltr'><strong>Idem</strong></span> <span class='ocrx_word' id='word_1_119' title='bbox 1656 1604 1722 1657; x_wconf 82' lang='grc' dir='ltr'><strong>τὰ</strong></span> <span class='ocrx_word' id='word_1_120' title='bbox 1745 1603 1999 1658; x_wconf 65' lang='grc' dir='ltr'><em>Θυέστεω</em></span> 
     </span>
     <span class='ocr_line' id='line_1_18' title="bbox 318 1683 1998 1752; baseline 0.001 -16"><span class='ocrx_word' id='word_1_121' title='bbox 318 1683 452 1752; x_wconf 77' lang='grc' dir='ltr'><strong><em>ῥάκη</em></strong></span> <span class='ocrx_word' id='word_1_122' title='bbox 498 1687 651 1736; x_wconf 84' lang='lat' dir='ltr'><strong>irrisit</strong></span> <span class='ocrx_word' id='word_1_123' title='bbox 692 1688 903 1736; x_wconf 88' lang='lat' dir='ltr'><strong>Acharn.</strong></span> <span class='ocrx_word' id='word_1_124' title='bbox 945 1703 990 1736; x_wconf 76' lang='grc' dir='ltr'><strong>ν.</strong></span> <span class='ocrx_word' id='word_1_125' title='bbox 1024 1689 1137 1738; x_wconf 87' lang='grc'><strong>433.</strong></span> <span class='ocrx_word' id='word_1_126' title='bbox 1184 1694 1236 1738; x_wconf 91' lang='lat' dir='ltr'><strong>et</strong></span> <span class='ocrx_word' id='word_1_127' title='bbox 1281 1705 1377 1738; x_wconf 91' lang='lat' dir='ltr'><strong>uno</strong></span> <span class='ocrx_word' id='word_1_128' title='bbox 1422 1704 1573 1738; x_wconf 87' lang='lat' dir='ltr'><strong>versu</strong></span> <span class='ocrx_word' id='word_1_129' title='bbox 1616 1690 1801 1739; x_wconf 84' lang='lat' dir='ltr'><strong>abusus</strong></span> <span class='ocrx_word' id='word_1_130' title='bbox 1834 1688 1998 1740; x_wconf 84' lang='lat' dir='ltr'><strong>estin</strong></span> 
     </span>
     <span class='ocr_line' id='line_1_19' title="bbox 315 1766 2000 1833; baseline -0.001 -16"><span class='ocrx_word' id='word_1_131' title='bbox 315 1766 470 1832; x_wconf 87' lang='lat' dir='ltr'><strong>Vesp.</strong></span> <span class='ocrx_word' id='word_1_132' title='bbox 494 1770 606 1817; x_wconf 72' lang='lat'><strong>759.</strong></span> <span class='ocrx_word' id='word_1_133' title='bbox 672 1767 964 1816; x_wconf 86' lang='lat' dir='ltr'><strong>Aristoteles</strong></span> <span class='ocrx_word' id='word_1_134' title='bbox 1010 1774 1064 1817; x_wconf 88' lang='lat' dir='ltr'><strong>et</strong></span> <span class='ocrx_word' id='word_1_135' title='bbox 1106 1784 1277 1818; x_wconf 87' lang='lat' dir='ltr'><strong>versus</strong></span> <span class='ocrx_word' id='word_1_136' title='bbox 1323 1770 1559 1833; x_wconf 75' lang='lat' dir='ltr'><strong>quosdam</strong></span> <span class='ocrx_word' id='word_1_137' title='bbox 1606 1783 1668 1816; x_wconf 85' lang='lat' dir='ltr'><strong>ex</strong></span> <span class='ocrx_word' id='word_1_138' title='bbox 1699 1768 1796 1817; x_wconf 88' lang='lat' dir='ltr'><strong>hac</strong></span> <span class='ocrx_word' id='word_1_139' title='bbox 1830 1767 2000 1817; x_wconf 81' lang='lat' dir='ltr'><strong>fabula</strong></span> 
     </span>
     <span class='ocr_line' id='line_1_20' title="bbox 315 1846 1996 1913; baseline 0.001 -18"><span class='ocrx_word' id='word_1_140' title='bbox 315 1846 602 1912; x_wconf 85' lang='lat' dir='ltr'><strong>depromtos</strong></span> <span class='ocrx_word' id='word_1_141' title='bbox 639 1847 1068 1896; x_wconf 84' lang='lat' dir='ltr'><strong>dissertationibus</strong></span> <span class='ocrx_word' id='word_1_142' title='bbox 1101 1849 1206 1898; x_wconf 86' lang='lat' dir='ltr'><strong>suis</strong></span> <span class='ocrx_word' id='word_1_143' title='bbox 1240 1848 1476 1910; x_wconf 85' lang='lat' dir='ltr'><strong>inseruit,</strong></span> <span class='ocrx_word' id='word_1_144' title='bbox 1511 1854 1562 1897; x_wconf 92' lang='lat' dir='ltr'><strong>et</strong></span> <span class='ocrx_word' id='word_1_145' title='bbox 1592 1849 1996 1913; x_wconf 85' lang='lat' dir='ltr'><strong>pulcerrimarum</strong></span> 
     </span>
     <span class='ocr_line' id='line_1_21' title="bbox 315 1926 1996 1992; baseline -0.001 -16"><span class='ocrx_word' id='word_1_146' title='bbox 315 1942 522 1976; x_wconf 89' lang='lat' dir='ltr'><strong>numero</strong></span> <span class='ocrx_word' id='word_1_147' title='bbox 555 1926 834 1976; x_wconf 85' lang='lat' dir='ltr'><strong>fabularum</strong></span> <span class='ocrx_word' id='word_1_148' title='bbox 867 1928 1033 1991; x_wconf 86' lang='lat' dir='ltr'><strong>posuit</strong></span> <span class='ocrx_word' id='word_1_149' title='bbox 1066 1927 1340 1992; x_wconf 80' lang='lat' dir='ltr'><strong>Thyestem</strong></span> <span class='ocrx_word' id='word_1_150' title='bbox 1377 1933 1526 1991; x_wconf 90' lang='lat' dir='ltr'><strong>atque</strong></span> <span class='ocrx_word' id='word_1_151' title='bbox 1559 1926 1867 1990; x_wconf 90' lang='lat' dir='ltr'><strong>Telephum,</strong></span> <span class='ocrx_word' id='word_1_152' title='bbox 1900 1927 1996 1975; x_wconf 86' lang='lat' dir='ltr'><strong>hac</strong></span> 
     </span>
     <span class='ocr_line' id='line_1_22' title="bbox 314 2006 1993 2074; baseline 0.001 -20"><span class='ocrx_word' id='word_1_153' title='bbox 314 2007 424 2071; x_wconf 89' lang='lat' dir='ltr'><strong>ipsa</strong></span> <span class='ocrx_word' id='word_1_154' title='bbox 455 2006 704 2055; x_wconf 89' lang='lat' dir='ltr'><strong>nominum</strong></span> <span class='ocrx_word' id='word_1_155' title='bbox 737 2006 1101 2055; x_wconf 79' lang='lat' dir='ltr'><strong>consociatione</strong></span> <span class='ocrx_word' id='word_1_156' title='bbox 1135 2007 1388 2074; x_wconf 79' lang='lat' dir='ltr'><strong>Euripidis</strong></span> <span class='ocrx_word' id='word_1_157' title='bbox 1427 2006 1741 2071; x_wconf 88' lang='lat' dir='ltr'><strong>potissimum</strong></span> <span class='ocrx_word' id='word_1_158' title='bbox 1775 2021 1930 2070; x_wconf 89' lang='lat' dir='ltr'><strong>opera</strong></span> <span class='ocrx_word' id='word_1_159' title='bbox 1963 2022 1993 2055; x_wconf 85' lang='lat' dir='ltr'><strong>a</strong></span> 
     </span>
     <span class='ocr_line' id='line_1_23' title="bbox 315 2084 1992 2150; baseline -0.002 -15"><span class='ocrx_word' id='word_1_160' title='bbox 315 2102 372 2135; x_wconf 86' lang='lat' dir='ltr'><strong>se</strong></span> <span class='ocrx_word' id='word_1_161' title='bbox 426 2086 609 2150; x_wconf 87' lang='lat' dir='ltr'><strong>respici</strong></span> <span class='ocrx_word' id='word_1_162' title='bbox 662 2086 962 2148; x_wconf 80' lang='lat' dir='ltr'><strong>significans.</strong></span> <span class='ocrx_word' id='word_1_163' title='bbox 1048 2086 1238 2135; x_wconf 88' lang='lat' dir='ltr'><strong>Omitto</strong></span> <span class='ocrx_word' id='word_1_164' title='bbox 1295 2084 1636 2144; x_wconf 87' lang='lat' dir='ltr'><strong>Athenaeum,</strong></span> <span class='ocrx_word' id='word_1_165' title='bbox 1690 2086 1992 2149; x_wconf 85' lang='lat' dir='ltr'><strong>Epictetum,</strong></span> 
     </span>
     <span class='ocr_line' id='line_1_24' title="bbox 311 2164 1992 2230; baseline 0 -16"><span class='ocrx_word' id='word_1_166' title='bbox 311 2164 663 2223; x_wconf 87' lang='lat' dir='ltr'><strong>Plutarchum,</strong></span> <span class='ocrx_word' id='word_1_167' title='bbox 697 2164 967 2213; x_wconf 90' lang='lat' dir='ltr'><strong>Lucianum</strong></span> <span class='ocrx_word' id='word_1_168' title='bbox 1001 2165 1343 2229; x_wconf 85' lang='lat' dir='ltr'><strong>reliquosque,</strong></span> <span class='ocrx_word' id='word_1_169' title='bbox 1377 2167 1462 2230; x_wconf 93' lang='lat' dir='ltr'><strong>qui</strong></span> <span class='ocrx_word' id='word_1_170' title='bbox 1494 2182 1555 2215; x_wconf 87' lang='lat' dir='ltr'><strong>ex</strong></span> <span class='ocrx_word' id='word_1_171' title='bbox 1591 2166 1786 2214; x_wconf 86' lang='lat' dir='ltr'><strong>Cressis</strong></span> <span class='ocrx_word' id='word_1_172' title='bbox 1820 2180 1992 2214; x_wconf 87' lang='lat' dir='ltr'><strong>versus</strong></span> 
     </span>
     <span class='ocr_line' id='line_1_25' title="bbox 311 2244 1993 2308; baseline 0.001 -16"><span class='ocrx_word' id='word_1_173' title='bbox 311 2244 392 2293; x_wconf 86' lang='lat' dir='ltr'><strong>vel</strong></span> <span class='ocrx_word' id='word_1_174' title='bbox 426 2250 682 2293; x_wconf 88' lang='lat' dir='ltr'><strong>servarunt</strong></span> <span class='ocrx_word' id='word_1_175' title='bbox 703 2245 781 2292; x_wconf 77' lang='lat' dir='ltr'><strong>vel</strong></span> <span class='ocrx_word' id='word_1_176' title='bbox 805 2251 1147 2308; x_wconf 85' lang='lat' dir='ltr'><strong>respexerunt.</strong></span> <span class='ocrx_word' id='word_1_177' title='bbox 1216 2245 1580 2295; x_wconf 89' lang='lat' dir='ltr'><strong>Sententiarum</strong></span> <span class='ocrx_word' id='word_1_178' title='bbox 1606 2244 1993 2294; x_wconf 86' lang='lat' dir='ltr'><strong>celebratissima</strong></span> 
     </span>
     <span class='ocr_line' id='line_1_26' title="bbox 311 2320 1972 2389; baseline -0.001 -15"><span class='ocrx_word' id='word_1_179' title='bbox 311 2324 408 2374; x_wconf 79' lang='lat' dir='ltr'><strong>fuit</strong></span> <span class='ocrx_word' id='word_1_180' title='bbox 441 2340 516 2386; x_wconf 87' lang='lat' dir='ltr'><strong>ea,</strong></span> <span class='ocrx_word' id='word_1_181' title='bbox 547 2340 641 2387; x_wconf 89' lang='lat' dir='ltr'><strong>qua</strong></span> <span class='ocrx_word' id='word_1_182' title='bbox 677 2323 893 2388; x_wconf 88' lang='lat' dir='ltr'><strong>luppiter</strong></span> <span class='ocrx_word' id='word_1_183' title='bbox 925 2326 1057 2373; x_wconf 89' lang='lat' dir='ltr'><strong>idem</strong></span> <span class='ocrx_word' id='word_1_184' title='bbox 1094 2340 1207 2374; x_wconf 89' lang='lat' dir='ltr'><strong>esse</strong></span> <span class='ocrx_word' id='word_1_185' title='bbox 1241 2331 1390 2389; x_wconf 87' lang='lat' dir='ltr'><strong>atque</strong></span> <span class='ocrx_word' id='word_1_186' title='bbox 1424 2327 1615 2374; x_wconf 91' lang='lat' dir='ltr'><strong>coelum</strong></span> <span class='ocrx_word' id='word_1_187' title='bbox 1649 2325 1854 2373; x_wconf 84' lang='lat' dir='ltr'><strong>docetur</strong></span> <span class='ocrx_word' id='word_1_188' title='bbox 1868 2320 1936 2387; x_wconf 88' lang='lat'><strong>*).</strong></span> <span class='ocrx_word' id='word_1_189' title='bbox 1959 2355 1972 2367; x_wconf 45' lang='grc' dir='ltr'><strong>ι</strong></span> 
     </span>
    </p>

    <p class='ocr_par' dir='ltr' id='par_1_7' title="bbox 307 2403 1992 3346">
     <span class='ocr_line' id='line_1_27' title="bbox 442 2403 1990 2469; baseline -0.001 -17"><span class='ocrx_word' id='word_1_190' title='bbox 442 2403 678 2452; x_wconf 89' lang='lat' dir='ltr'><strong>Romanis</strong></span> <span class='ocrx_word' id='word_1_191' title='bbox 714 2403 860 2451; x_wconf 83' lang='lat' dir='ltr'><strong>Ennii</strong></span> <span class='ocrx_word' id='word_1_192' title='bbox 892 2405 1114 2469; x_wconf 87' lang='lat' dir='ltr'><strong>Attiique</strong></span> <span class='ocrx_word' id='word_1_193' title='bbox 1146 2407 1440 2454; x_wconf 86' lang='lat' dir='ltr'><strong>imitationes</strong></span> <span class='ocrx_word' id='word_1_194' title='bbox 1475 2406 1599 2454; x_wconf 88' lang='lat' dir='ltr'><strong>adeo</strong></span> <span class='ocrx_word' id='word_1_195' title='bbox 1627 2403 1990 2465; x_wconf 84' lang='lat' dir='ltr'><strong>satisfecerunt,</strong></span> 
     </span>
     <span class='ocr_line' id='line_1_28' title="bbox 310 2484 1992 2549; baseline -0.002 -14"><span class='ocrx_word' id='word_1_196' title='bbox 310 2491 371 2535; x_wconf 91' lang='lat' dir='ltr'><strong>ut</strong></span> <span class='ocrx_word' id='word_1_197' title='bbox 416 2485 597 2534; x_wconf 91' lang='lat' dir='ltr'><strong>horum</strong></span> <span class='ocrx_word' id='word_1_198' title='bbox 643 2484 839 2546; x_wconf 88' lang='lat' dir='ltr'><strong>quidem</strong></span> <span class='ocrx_word' id='word_1_199' title='bbox 884 2485 1062 2546; x_wconf 91' lang='lat' dir='ltr'><strong>multa,</strong></span> <span class='ocrx_word' id='word_1_200' title='bbox 1113 2485 1365 2549; x_wconf 88' lang='lat' dir='ltr'><strong>Euripidis</strong></span> <span class='ocrx_word' id='word_1_201' title='bbox 1413 2485 1544 2534; x_wconf 89' lang='lat' dir='ltr'><strong>nulla</strong></span> <span class='ocrx_word' id='word_1_202' title='bbox 1591 2486 1651 2533; x_wconf 90' lang='lat' dir='ltr'><strong>ab</strong></span> <span class='ocrx_word' id='word_1_203' title='bbox 1701 2486 1763 2532; x_wconf 88' lang='lat' dir='ltr'><strong>iis</strong></span> <span class='ocrx_word' id='word_1_204' title='bbox 1809 2484 1992 2532; x_wconf 86' lang='lat' dir='ltr'><strong>mentio</strong></span> 
     </span>
     <span class='ocr_line' id='line_1_29' title="bbox 309 2561 1990 2630; baseline -0.002 -16"><span class='ocrx_word' id='word_1_205' title='bbox 309 2565 474 2616; x_wconf 87' lang='lat' dir='ltr'><strong>fieret.</strong></span> <span class='ocrx_word' id='word_1_206' title='bbox 543 2563 616 2612; x_wconf 90' lang='lat' dir='ltr'><strong>De</strong></span> <span class='ocrx_word' id='word_1_207' title='bbox 665 2564 801 2612; x_wconf 88' lang='lat' dir='ltr'><strong>Attio</strong></span> <span class='ocrx_word' id='word_1_208' title='bbox 844 2563 991 2630; x_wconf 84' lang='lat' dir='ltr'><strong>digna</strong></span> <span class='ocrx_word' id='word_1_209' title='bbox 1033 2571 1309 2614; x_wconf 89' lang='lat' dir='ltr'><strong>memoratu</strong></span> <span class='ocrx_word' id='word_1_210' title='bbox 1357 2565 1550 2614; x_wconf 82' lang='lat' dir='ltr'><strong>Gellius</strong></span> <span class='ocrx_word' id='word_1_211' title='bbox 1588 2563 1713 2624; x_wconf 91' lang='lat' dir='ltr'><strong>Xlll,</strong></span> <span class='ocrx_word' id='word_1_212' title='bbox 1739 2566 1787 2612; x_wconf 88' lang='grc'><strong>2.</strong></span> <span class='ocrx_word' id='word_1_213' title='bbox 1832 2561 1990 2612; x_wconf 85' lang='lat' dir='ltr'><strong>refert</strong></span> 
     </span>
     <span class='ocr_line' id='line_1_30' title="bbox 309 2643 1990 2709; baseline -0.002 -16"><span class='ocrx_word' id='word_1_214' title='bbox 309 2645 451 2694; x_wconf 91' lang='lat' dir='ltr'><strong>hisce</strong></span> <span class='ocrx_word' id='word_1_215' title='bbox 481 2644 673 2692; x_wconf 85' lang='lat' dir='ltr'><strong>verbis:</strong></span> <span class='ocrx_word' id='word_1_216' title='bbox 725 2643 890 2703; x_wconf 87' lang='lat' dir='ltr'><strong>„Cum</strong></span> <span class='ocrx_word' id='word_1_217' title='bbox 925 2644 1167 2693; x_wconf 83' lang='lat' dir='ltr'><strong>Pacuvius</strong></span> <span class='ocrx_word' id='word_1_218' title='bbox 1201 2645 1373 2709; x_wconf 86' lang='lat' dir='ltr'><strong>grandi</strong></span> <span class='ocrx_word' id='word_1_219' title='bbox 1405 2645 1504 2694; x_wconf 90' lang='lat' dir='ltr'><strong>iam</strong></span> <span class='ocrx_word' id='word_1_220' title='bbox 1539 2649 1702 2692; x_wconf 89' lang='lat' dir='ltr'><strong>aetate</strong></span> <span class='ocrx_word' id='word_1_221' title='bbox 1732 2648 1785 2692; x_wconf 88' lang='lat' dir='ltr'><strong>et</strong></span> <span class='ocrx_word' id='word_1_222' title='bbox 1816 2644 1990 2691; x_wconf 91' lang='lat' dir='ltr'><strong>morbo</strong></span> 
     </span>
     <span class='ocr_line' id='line_1_31' title="bbox 310 2720 1988 2788; baseline -0.004 -14"><span class='ocrx_word' id='word_1_223' title='bbox 310 2724 532 2788; x_wconf 90' lang='lat' dir='ltr'><strong>corporis</strong></span> <span class='ocrx_word' id='word_1_224' title='bbox 567 2723 756 2771; x_wconf 88' lang='lat' dir='ltr'><strong>diutino</strong></span> <span class='ocrx_word' id='word_1_225' title='bbox 790 2723 1000 2772; x_wconf 83' lang='lat' dir='ltr'><strong>affectus</strong></span> <span class='ocrx_word' id='word_1_226' title='bbox 1034 2720 1299 2774; x_wconf 87' lang='lat' dir='ltr'><strong>Tarentum</strong></span> <span class='ocrx_word' id='word_1_227' title='bbox 1337 2741 1397 2773; x_wconf 84' lang='lat' dir='ltr'><strong>ex</strong></span> <span class='ocrx_word' id='word_1_228' title='bbox 1427 2725 1551 2772; x_wconf 89' lang='lat' dir='ltr'><strong>urbe</strong></span> <span class='ocrx_word' id='word_1_229' title='bbox 1597 2723 1752 2771; x_wconf 87' lang='lat' dir='ltr'><strong>Roma</strong></span> <span class='ocrx_word' id='word_1_230' title='bbox 1783 2736 1988 2769; x_wconf 89' lang='lat' dir='ltr'><strong>conces-</strong></span> 
     </span>
     <span class='ocr_line' id='line_1_32' title="bbox 311 2800 1986 2870; baseline -0.004 -17"><span class='ocrx_word' id='word_1_231' title='bbox 311 2805 480 2865; x_wconf 84' lang='lat' dir='ltr'><strong>sisset,</strong></span> <span class='ocrx_word' id='word_1_232' title='bbox 505 2803 691 2863; x_wconf 83' lang='lat' dir='ltr'><strong>Attius,</strong></span> <span class='ocrx_word' id='word_1_233' title='bbox 717 2807 835 2851; x_wconf 87' lang='lat' dir='ltr'><strong>tunc</strong></span> <span class='ocrx_word' id='word_1_234' title='bbox 858 2803 990 2851; x_wconf 91' lang='lat' dir='ltr'><strong>haud</strong></span> <span class='ocrx_word' id='word_1_235' title='bbox 1014 2821 1163 2870; x_wconf 86' lang='lat' dir='ltr'><strong>parvo</strong></span> <span class='ocrx_word' id='word_1_236' title='bbox 1186 2805 1362 2862; x_wconf 91' lang='lat' dir='ltr'><strong>iunior,</strong></span> <span class='ocrx_word' id='word_1_237' title='bbox 1387 2804 1707 2868; x_wconf 89' lang='lat' dir='ltr'><strong>proficiscens</strong></span> <span class='ocrx_word' id='word_1_238' title='bbox 1733 2801 1782 2849; x_wconf 92' lang='lat' dir='ltr'><strong>in</strong></span> <span class='ocrx_word' id='word_1_239' title='bbox 1797 2800 1986 2861; x_wconf 81' lang='lat' dir='ltr'><strong>Asiam,</strong></span> 
     </span>
     <span class='ocr_line' id='line_1_33' title="bbox 309 2880 1988 2947; baseline -0.004 -12"><span class='ocrx_word' id='word_1_240' title='bbox 309 2901 426 2935; x_wconf 86' lang='lat' dir='ltr'><strong>cum</strong></span> <span class='ocrx_word' id='word_1_241' title='bbox 457 2885 509 2931; x_wconf 90' lang='lat' dir='ltr'><strong>in</strong></span> <span class='ocrx_word' id='word_1_242' title='bbox 542 2882 776 2947; x_wconf 90' lang='lat' dir='ltr'><strong>oppidum</strong></span> <span class='ocrx_word' id='word_1_243' title='bbox 811 2883 1054 2947; x_wconf 85' lang='lat' dir='ltr'><strong>venisset,</strong></span> <span class='ocrx_word' id='word_1_244' title='bbox 1086 2885 1298 2933; x_wconf 89' lang='lat' dir='ltr'><strong>devertit</strong></span> <span class='ocrx_word' id='word_1_245' title='bbox 1329 2885 1391 2933; x_wconf 90' lang='lat' dir='ltr'><strong>ad</strong></span> <span class='ocrx_word' id='word_1_246' title='bbox 1425 2883 1718 2943; x_wconf 86' lang='lat' dir='ltr'><strong>Pacuvium,</strong></span> <span class='ocrx_word' id='word_1_247' title='bbox 1756 2880 1988 2929; x_wconf 86' lang='lat' dir='ltr'><strong>comiter-</strong></span> 
     </span>
     <span class='ocr_line' id='line_1_34' title="bbox 309 2963 1986 3029; baseline -0.004 -16"><span class='ocrx_word' id='word_1_248' title='bbox 309 2980 408 3029; x_wconf 89' lang='lat' dir='ltr'><strong>que</strong></span> <span class='ocrx_word' id='word_1_249' title='bbox 450 2963 679 3011; x_wconf 89' lang='lat' dir='ltr'><strong>invitatus</strong></span> <span class='ocrx_word' id='word_1_250' title='bbox 722 2963 1062 3027; x_wconf 88' lang='lat' dir='ltr'><strong>plusculisque</strong></span> <span class='ocrx_word' id='word_1_251' title='bbox 1107 2964 1167 3012; x_wconf 90' lang='lat' dir='ltr'><strong>ab</strong></span> <span class='ocrx_word' id='word_1_252' title='bbox 1214 2980 1273 3012; x_wconf 89' lang='lat' dir='ltr'><strong>eo</strong></span> <span class='ocrx_word' id='word_1_253' title='bbox 1319 2963 1492 3011; x_wconf 87' lang='lat' dir='ltr'><strong>diebus</strong></span> <span class='ocrx_word' id='word_1_254' title='bbox 1538 2966 1758 3010; x_wconf 87' lang='lat' dir='ltr'><strong>retentus</strong></span> <span class='ocrx_word' id='word_1_255' title='bbox 1790 2963 1986 3022; x_wconf 84' lang='lat' dir='ltr'><strong>tragoe-</strong></span> 
     </span>
     <span class='ocr_line' id='line_1_35' title="bbox 307 3039 1986 3104; baseline -0.004 -12"><span class='ocrx_word' id='word_1_256' title='bbox 307 3043 441 3092; x_wconf 87' lang='lat' dir='ltr'><strong>diam</strong></span> <span class='ocrx_word' id='word_1_257' title='bbox 474 3057 633 3103; x_wconf 88' lang='lat' dir='ltr'><strong>suam‚</strong></span> <span class='ocrx_word' id='word_1_258' title='bbox 669 3043 747 3090; x_wconf 91' lang='lat' dir='ltr'><strong>cui</strong></span> <span class='ocrx_word' id='word_1_259' title='bbox 779 3043 958 3091; x_wconf 89' lang='lat' dir='ltr'><strong>Atreus</strong></span> <span class='ocrx_word' id='word_1_260' title='bbox 994 3060 1171 3093; x_wconf 90' lang='lat' dir='ltr'><strong>nomen</strong></span> <span class='ocrx_word' id='word_1_261' title='bbox 1199 3050 1292 3102; x_wconf 88' lang='lat' dir='ltr'><strong>est,</strong></span> <span class='ocrx_word' id='word_1_262' title='bbox 1326 3041 1624 3092; x_wconf 88' lang='lat' dir='ltr'><strong>desideranti</strong></span> <span class='ocrx_word' id='word_1_263' title='bbox 1650 3040 1787 3104; x_wconf 85' lang='lat' dir='ltr'><strong>legit.</strong></span> <span class='ocrx_word' id='word_1_264' title='bbox 1853 3039 1986 3088; x_wconf 89' lang='lat' dir='ltr'><strong>Tum</strong></span> 
     </span>
     <span class='ocr_line' id='line_1_36' title="bbox 309 3119 1983 3186; baseline -0.003 -15"><span class='ocrx_word' id='word_1_265' title='bbox 309 3122 575 3172; x_wconf 87' lang='lat' dir='ltr'><strong>Pacuvium</strong></span> <span class='ocrx_word' id='word_1_266' title='bbox 610 3121 795 3169; x_wconf 83' lang='lat' dir='ltr'><strong>dixisse</strong></span> <span class='ocrx_word' id='word_1_267' title='bbox 829 3123 962 3172; x_wconf 90' lang='lat' dir='ltr'><strong>aiunt</strong></span> <span class='ocrx_word' id='word_1_268' title='bbox 995 3139 1174 3172; x_wconf 88' lang='lat' dir='ltr'><strong>sonora</strong></span> <span class='ocrx_word' id='word_1_269' title='bbox 1205 3123 1402 3186; x_wconf 88' lang='lat' dir='ltr'><strong>quidem</strong></span> <span class='ocrx_word' id='word_1_270' title='bbox 1436 3137 1550 3170; x_wconf 84' lang='lat' dir='ltr'><strong>esse</strong></span> <span class='ocrx_word' id='word_1_271' title='bbox 1584 3135 1708 3183; x_wconf 87' lang='lat' dir='ltr'><strong>quae</strong></span> <span class='ocrx_word' id='word_1_272' title='bbox 1756 3119 1983 3184; x_wconf 74' lang='lat' dir='ltr'><strong>scripsis-</strong></span> 
     </span>
     <span class='ocr_line' id='line_1_37' title="bbox 311 3198 1986 3265; baseline -0.004 -13"><span class='ocrx_word' id='word_1_273' title='bbox 311 3207 389 3252; x_wconf 87' lang='lat' dir='ltr'><strong>set</strong></span> <span class='ocrx_word' id='word_1_274' title='bbox 422 3206 473 3250; x_wconf 83' lang='lat' dir='ltr'><strong>et</strong></span> <span class='ocrx_word' id='word_1_275' title='bbox 505 3199 720 3265; x_wconf 86' lang='lat' dir='ltr'><strong>grandia,</strong></span> <span class='ocrx_word' id='word_1_276' title='bbox 754 3201 842 3249; x_wconf 88' lang='lat' dir='ltr'><strong>sed</strong></span> <span class='ocrx_word' id='word_1_277' title='bbox 875 3202 1032 3251; x_wconf 86' lang='lat' dir='ltr'><strong>videri</strong></span> <span class='ocrx_word' id='word_1_278' title='bbox 1065 3219 1122 3251; x_wconf 91' lang='lat' dir='ltr'><strong>ea</strong></span> <span class='ocrx_word' id='word_1_279' title='bbox 1156 3207 1320 3251; x_wconf 88' lang='lat' dir='ltr'><strong>tamen</strong></span> <span class='ocrx_word' id='word_1_280' title='bbox 1351 3201 1443 3250; x_wconf 90' lang='lat' dir='ltr'><strong>sibi</strong></span> <span class='ocrx_word' id='word_1_281' title='bbox 1469 3200 1668 3248; x_wconf 89' lang='lat' dir='ltr'><strong>duriora</strong></span> <span class='ocrx_word' id='word_1_282' title='bbox 1691 3198 1906 3263; x_wconf 86' lang='lat' dir='ltr'><strong>paullum</strong></span> <span class='ocrx_word' id='word_1_283' title='bbox 1932 3203 1986 3247; x_wconf 88' lang='lat' dir='ltr'><strong>et</strong></span> 
     </span>
     <span class='ocr_line' id='line_1_38' title="bbox 312 3276 1985 3346; baseline -0.003 -15"><span class='ocrx_word' id='word_1_284' title='bbox 312 3280 583 3331; x_wconf 89' lang='lat' dir='ltr'><strong>acerbiora.</strong></span> <span class='ocrx_word' id='word_1_285' title='bbox 650 3279 722 3327; x_wconf 88' lang='lat' dir='ltr'><strong>lta</strong></span> <span class='ocrx_word' id='word_1_286' title='bbox 755 3285 850 3342; x_wconf 87' lang='lat' dir='ltr'><strong>est,</strong></span> <span class='ocrx_word' id='word_1_287' title='bbox 884 3282 1040 3346; x_wconf 85' lang='lat' dir='ltr'><strong>inquit</strong></span> <span class='ocrx_word' id='word_1_288' title='bbox 1071 3282 1250 3344; x_wconf 83' lang='lat' dir='ltr'><strong>Attius,</strong></span> <span class='ocrx_word' id='word_1_289' title='bbox 1283 3287 1338 3330; x_wconf 92' lang='lat' dir='ltr'><strong>ut</strong></span> <span class='ocrx_word' id='word_1_290' title='bbox 1369 3280 1512 3330; x_wconf 89' lang='lat' dir='ltr'><strong>dicis.</strong></span> <span class='ocrx_word' id='word_1_291' title='bbox 1581 3278 1755 3342; x_wconf 88' lang='lat' dir='ltr'><strong>Neque</strong></span> <span class='ocrx_word' id='word_1_292' title='bbox 1786 3276 1839 3325; x_wconf 85' lang='lat' dir='ltr'><strong>id</strong></span> <span class='ocrx_word' id='word_1_293' title='bbox 1868 3293 1985 3327; x_wconf 84' lang='lat' dir='ltr'><strong>sane</strong></span> 
     </span>
    </p>
   </div>
   <div class='ocr_carea' id='block_1_5' title="bbox 371 3413 1878 3502">
    <p class='ocr_par' dir='ltr' id='par_1_8' title="bbox 371 3413 1878 3502">
     <span class='ocr_line' id='line_1_39' title="bbox 371 3413 1878 3502; baseline -0.003 -14"><span class='ocrx_word' id='word_1_294' title='bbox 371 3448 417 3502; x_wconf 63' lang='grc' dir='ltr'><strong>α)</strong></span> <span class='ocrx_word' id='word_1_295' title='bbox 444 3446 554 3490; x_wconf 71' lang='lat' dir='ltr'><strong>Viae</strong></span> <span class='ocrx_word' id='word_1_296' title='bbox 571 3444 735 3489; x_wconf 79' lang='lat' dir='ltr'><strong>Matth.</strong></span> <span class='ocrx_word' id='word_1_297' title='bbox 757 3445 922 3501; x_wconf 82' lang='lat' dir='ltr'><strong>fragm.</strong></span> <span class='ocrx_word' id='word_1_298' title='bbox 946 3448 1029 3490; x_wconf 71' lang='lat' dir='ltr'><strong>inc.</strong></span> <span class='ocrx_word' id='word_1_299' title='bbox 1056 3463 1096 3491; x_wconf 80' lang='lat' dir='ltr'><strong>n.</strong></span> <span class='ocrx_word' id='word_1_300' title='bbox 1119 3448 1158 3490; x_wconf 90' lang='lat'><strong>1.</strong></span> <span class='ocrx_word' id='word_1_301' title='bbox 1215 3446 1361 3490; x_wconf 80' lang='lat' dir='ltr'><strong>Bothe</strong></span> <span class='ocrx_word' id='word_1_302' title='bbox 1381 3444 1545 3502; x_wconf 76' lang='lat' dir='ltr'><strong>fragm.</strong></span> <span class='ocrx_word' id='word_1_303' title='bbox 1567 3445 1752 3498; x_wconf 66' lang='lat' dir='ltr'><strong>Thyest.</strong></span> <span class='ocrx_word' id='word_1_304' title='bbox 1774 3413 1816 3485; x_wconf 73' lang='grc' dir='ltr'><strong>η’.</strong></span> <span class='ocrx_word' id='word_1_305' title='bbox 1837 3441 1878 3483; x_wconf 90' lang='lat'><strong>1.</strong></span> 
     </span>
    </p>
   </div>
  </div>
 </body>
</html>
