2144 3854
936 262 1058 318 263

284 410 432 476 οἴμοι
446 424 458 438 ·
492 408 571 470 τίς
604 407 786 475 ἀλγεῖν
819 406 920 458 ὀὐκ
953 403 1221 458 ἐπίσταται
1253 410 1464 467 κακοῖς;

285 491 363 552 τίς
395 489 466 542 ἂν
495 490 677 542 κλύων
706 487 864 540 τῶνδ’
901 487 1002 538 οὐκ
1035 485 1102 538 ἂν
1129 483 1373 553 ἐκβάλλοι
1405 487 1608 554 δάκρνς

281 653 501 718 μυκεῖα
531 651 633 718 γάρ
667 667 760 715 μοι
793 647 1016 714 φροντὶς
1050 647 1262 715 οὐδαμῆ
1298 648 1440 713 βίου.

154 735 279 783 Nam
322 750 415 782 una
466 750 580 782 cum
629 747 804 781 sorore
835 732 1042 780 fratrem
1076 735 1286 779 mortem
1322 731 1417 778 sibi
1450 732 1749 780 conscivisse
1783 735 1835 778 et

152 808 638 878 Pseudoplutarchus
682 812 713 861 Ι.
747 812 780 861 l.
815 818 865 860 et
899 811 1124 876 Hyginus
1159 810 1259 858 fab.
1293 812 1406 860 242.
1453 816 1504 858 et
1535 810 1677 859 Plato
1707 811 1831 877 Leg.

153 892 283 943 VIII.
318 912 368 960 p.
405 898 516 943 838.
553 893 610 941 G.
647 897 907 952 testantur,
942 891 1084 940 cuius
1119 891 1270 939 verba
1304 890 1426 939 haec
1462 898 1601 939 sunt:
1637 888 1766 940 ὅταν
1797 889 1832 956 ἢ

155 972 392 1034 Θυέστας
423 971 571 1033 τινὰς
595 973 629 1038 ἢ
663 989 810 1032 τινας
848 970 1139 1031 Οἰδίποδας
1171 969 1448 1036 είςοὶγωσιν
1481 968 1514 1036 ἢ
1541 969 1834 1037 Μακαρέας

151 1053 300 1115 τινὰς
355 1053 607 1119 ἀδελφαῖς
656 1051 941 1118 μιχθέντας
986 1052 1287 1117 λαθραίως,
1345 1050 1699 1116 ὀφθέντας
1746 1051 1833 1115 δὲ,

152 1131 430 1202 ἑτοίμως
491 1134 802 1186 θάνατον
859 1132 1102 1194 αὐτοῖς
1147 1129 1590 1193 ἐπιτιθέντας
1635 1132 1834 1200 δίκην

150 1218 264 1283 τῆς
297 1214 642 1284 ἁμαρτίας.

282 1299 395 1348 Hae
430 1297 608 1347 caedes
644 1297 762 1346 dum
796 1297 930 1346 intus
965 1299 1342 1361 perpetrantur,
1377 1282 1605 1361 (inanum
1639 1312 1837 1347 carmen

156 1383 322 1428 actum
359 1381 439 1428 est
473 1395 502 1426 a
538 1378 719 1426 choro:
767 1392 865 1441 quo
899 1376 1043 1424 finito
1076 1392 1189 1435 ree,
1226 1378 1475 1440 quomodo
1509 1382 1651 1439 gesta
1685 1383 1836 1438 esset,

151 1477 182 1508 a
215 1459 410 1508 nutrice
445 1474 612 1507 coram
646 1474 797 1522 rege,
853 1462 968 1504 tunc
1016 1457 1214 1506 demum
1263 1456 1327 1505 de
1360 1462 1533 1505 mutuo
1569 1458 1835 1507 liberorum

150 1554 318 1588 amore
364 1543 718 1603 cognoscente,
763 1537 988 1600 exposita
1037 1543 1132 1588 est.
1201 1536 1364 1586 Huius
1413 1539 1709 1587 narrationis
1756 1554 1833 1588 ra-

150 1619 337 1667 tionem
370 1634 545 1667 rursus
581 1633 644 1666 ex
678 1615 855 1665 ovidio
891 1617 1253 1681 cognoscimu8‚
1289 1619 1421 1682 apud
1455 1634 1600 1682 quem
1629 1623 1836 1683 accepto

150 1699 317 1765 gladio
351 1715 461 1746 cum
496 1698 727 1746 mandato
761 1696 919 1761 patris
955 1697 1080 1745 haec
1113 1697 1244 1746 inter
1276 1697 1373 1745 alia
1407 1697 1530 1747 dicit
1565 1698 1784 1748 Canace:

280 1776 538 1839 „Scimus,
574 1784 625 1826 et
658 1783 866 1825 utemur
899 1777 1127 1827 violento
1147 1779 1368 1843 sortiter
1405 1795 1560 1827 ense.-

416 1858 715 1908 Pectoribus
751 1856 970 1907 condam
1005 1858 1144 1915 dona
1170 1863 1403 1924 patema
1437 1860 1578 1907 meis.

287 1938 390 1988 His
421 1955 538 1987 mea
571 1937 884 1996 muneribus,
920 1939 1142 2003 genitor,
1181 1939 1436 1987 connubia
1471 1938 1676 1988 donas?

416 2016 539 2067 Hac
571 2023 668 2066 tua
704 2016 839 2077 dote,
871 2024 1044 2084 pater,
1080 2019 1209 2085 filia
1243 2018 1387 2068 dives
1425 2019 1563 2068 erit?

289 2099 431 2148 Tolle
460 2099 645 2164 procul
679 2097 899 2163 decepte
920 2100 1095 2162 facee,
1134 2097 1459 2164 Hymenaee,
1495 2101 1733 2162 maritas,

410 2178 488 2227 Et
512 2180 650 2243 suge
682 2178 894 2227 turbato
926 2185 1070 2227 tecta
1103 2179 1337 2242 nefanda
1362 2179 1519 2246 pede.

287 2261 447 2309 Ferte
467 2261 623 2324 faces
657 2260 713 2307 in
746 2276 844 2318 me,
880 2276 1008 2326 quas
1030 2260 1208 2324 fertiS,
1243 2260 1508 2326 Erinnyes
1545 2266 1710 2319 atrae,

426 2338 494 2387 Ut
529 2355 671 2387 meus
709 2355 775 2387 ea·
811 2341 910 2387 isto
945 2340 1121 2388 luceat
1158 2339 1280 2404 igne
1316 2356 1485 2404 rogus.

291 2419 492 2468 Nubite
512 2420 723 2482 felices,
759 2419 927 2467 Parca
960 2420 1190 2479 meliore,
1228 2436 1461 2469 sorores:

418 2497 650 2546 Admissi
681 2514 929 2547 memores
961 2499 1054 2548 sed
1086 2506 1264 2548 tamen
1300 2505 1409 2548 este
1441 2501 1559 2548 mei.

290 2577 426 2642 Quid
457 2593 591 2643 puer
629 2576 856 2637 admIsit,
893 2584 1002 2626 tam
1032 2580 1219 2642 paucis
1255 2578 1427 2628 editus
1459 2579 1637 2627 horis?

419 2657 530 2719 Quo
563 2658 719 2706 laesit
741 2659 912 2722 facto,
948 2660 1038 2726 via·
1073 2658 1201 2707 bene
1235 2665 1409 2715 natus,
1446 2674 1598 2706 avum
1615 2660 1674 2707 ?’‘

154 2740 344 2792 Deinde
377 2738 532 2787 multa
567 2743 646 2786 est
680 2739 729 2785 in
765 2738 1113 2801 conquerendo
1149 2738 1351 2786 infantis
1376 2738 1496 2790 fato.
1533 2738 1718 2787 S'orore
1743 2739 1838 2789 iam

154 2820 437 2878 interfecta,
491 2818 650 2866 frater
686 2819 973 2882 supervenit
1020 2819 1335 2883 gladiumque
1365 2834 1427 2866 ex
1462 2818 1595 2867 illius
1629 2835 1842 2884 corpore

153 2905 428 2951 extractum
463 2899 515 2947 in
550 2915 639 2947 suo
673 2905 880 2963 pectore
916 2899 1114 2947 condit:
1163 2893 1392 2962 ἔδραμεν
1439 2897 1512 2958 εἰς
1543 2897 1638 2948 τὸν
1670 2898 1840 2950 θάλα-

154 2998 257 3047 μον
278 3016 293 3038 ,
330 2975 500 3044 εὑρὼν
536 2977 593 3029 δὲ
626 2975 723 3045 τὴν
758 2975 1115 3044 ἀγαπωμένην
1150 2976 1607 3044 αἱμοῤῥαγοῦσαν,
1640 2980 1715 3050 τῷ
1747 2979 1841 3031 αὐ-

153 3067 226 3128 τῷ
262 3059 397 3125 ξίφει
430 3059 526 3111 τὸν
561 3059 683 3126 βίον
714 3058 1081 3125 περιέγραψεν.
1167 3060 1448 3111 Clausulam
1493 3062 1641 3112 huius
1674 3078 1840 3112 narra-

155 3144 301 3193 tionis
337 3142 497 3191 fuisse
532 3143 658 3191 hanc
695 3143 901 3208 opinor:

287 3226 354 3287 τῇ
389 3220 434 3271 δ’
470 3220 753 3289 Ἀφροδίτῃ
790 3221 937 3272 πόλλ’
973 3221 1138 3273 ἔνεστι
1171 3220 1412 3273 ποικίλα·

290 3299 466 3366 τέρπει
497 3320 553 3353 τε
585 3300 687 3369 γὰρ
723 3304 947 3368 μάλιστα
979 3300 1069 3354 καὶ
1102 3305 1260 3354 λυπεῖ
1290 3301 1544 3369 βροτούς’

291 3381 503 3448 τύχοιμι
536 3383 583 3437 δ’
620 3384 803 3453 αὐτῆς,
839 3384 979 3451 ἡνίκ’
1014 3382 1155 3437 ἐστὶν
1187 3382 1424 3452 εὐμενής.

159 3461 498 3515 Ostenduntur
543 3465 724 3517 deinde
776 3483 987 3533 corpora
1033 3472 1337 3518 mortuorum
1372 3471 1426 3516 et
1459 3468 1730 3529 sequuntur
1762 3480 1842 3515 re-
