2144 3854
1125 253 1185 293 VI

308 395 507 467 genter
559 384 923 443 examinanda
975 392 1162 455 erunt,
1243 387 1384 441 ratio
1431 384 1697 440 habenda
1737 385 1987 443 locorum

309 510 763 576 temporumque,
833 499 1031 571 quibus
1079 500 1179 554 illa
1229 497 1705 553 accommodanda
1761 499 1986 573 fuerint,

307 614 616 680 hominum,
648 611 975 684 quibuscum
1000 612 1198 665 vixerit
1222 612 1617 665 communitate
1639 612 1836 682 iurum,
1863 630 1987 667 mo-

308 745 429 780 rum
498 724 989 794 institutorumque
1037 724 1394 792 coniunctuS‚
1469 724 1678 778 saeculi
1725 723 1985 796 denique,

307 837 461 892 cuius
492 837 605 890 vim
638 842 1000 907 naturamque
1036 835 1108 889 ad
1149 835 1607 890 conformandam
1641 835 1790 891 illius
1829 855 1986 891 men-

307 955 424 1004 tem
473 948 779 1022 plurimum
823 948 1063 1002 valuisse
1108 967 1334 1002 necesse
1387 948 1471 1001 sit.
1572 947 1662 1001 Ad
1704 967 1793 1003 res
1834 966 1986 1016 vere,

307 1081 452 1134 quae
486 1061 796 1115 viventibus
823 1060 1007 1135 poetis
1044 1059 1479 1132 florentibusque
1512 1067 1708 1134 gestae
1743 1060 1871 1130 sint,
1914 1060 1987 1115 ad

303 1174 482 1241 virm,
535 1190 641 1246 per
687 1190 825 1244 quos
879 1171 971 1226 vel
1022 1178 1167 1226 artes
1206 1191 1271 1226 ac
1306 1171 1637 1246 disciplinae
1677 1172 1988 1228 illustratae

306 1285 414 1339 sint
461 1284 554 1338 vel
605 1284 922 1358 respublica
975 1283 1383 1353 administrata,
1451 1284 1525 1338 ad
1574 1302 1767 1339 omnes
1800 1303 1987 1339 rerum

305 1415 526 1451 caussas
575 1403 915 1469 eventusque
965 1402 1123 1450 tanto
1173 1397 1381 1451 enixius
1428 1397 1640 1452 animus
1682 1397 1985 1453 adverten-
2051 1438 2056 1441 -

306 1508 409 1562 dus
461 1514 572 1576 est,
638 1515 846 1581 quanto
887 1509 1229 1580 frequentius
1277 1509 1473 1564 talium
1511 1528 1694 1564 rerum
1738 1511 1984 1585 tragicos

305 1625 523 1674 constat
558 1619 615 1673 in
655 1620 1061 1693 componendis
1100 1620 1265 1674 rebus
1300 1620 1697 1691 imitandisque
1735 1622 1984 1677 moribus

301 1732 576 1786 rationem
627 1730 907 1785 habuisse.
1004 1732 1135 1785 Hoc
1178 1731 1373 1804 quanti
1419 1731 1489 1786 sit
1536 1732 1592 1786 in
1626 1733 1985 1789 aestimandis

300 1843 589 1917 Euripidis
626 1842 889 1916 operibus
923 1843 1221 1911 momenti,
1273 1844 1441 1897 facile
1474 1844 1824 1919 intelligent,
1869 1845 1984 1916 qui,

300 1974 602 2029 quamnam
636 1954 732 2009 hic
764 1955 823 2008 in
857 1954 1160 2010 scribendis
1200 1955 1403 2010 fabulis
1430 1955 1573 2010 viam
1598 1939 1986 2030 rationemque

297 2068 566 2136 tenuerit,
608 2067 965 2141 reputabunt.
1047 2067 1341 2122 Publicam
1373 2068 1520 2122 enim
1546 2069 1837 2123 materiam
1862 2053 1994 2144 1)ιὶ-Δ

300 2181 413 2234 vati
446 2180 579 2234 iuris
617 2179 803 2234 facere
841 2180 919 2234 sic
956 2179 1173 2233 solebat
1209 2187 1265 2234 et
1291 2180 1608 2234 communia
1629 2181 1879 2255 propriis
1905 2182 1984 2236 sic

299 2299 645 2367 temperare,
687 2298 749 2345 ut
789 2297 846 2345 et
877 2310 963 2345 res
1001 2292 1345 2365 populorum
1372 2292 1547 2366 ipsius
1575 2294 1847 2348 memoria
1873 2312 1981 2368 ge-

301 2411 411 2459 stas
445 2410 500 2457 et
543 2422 700 2457 casus
742 2404 1012 2474 virorum,
1063 2404 1160 2476 qui
1195 2404 1506 2458 civitatibus
1543 2412 1868 2478 praeerant,
1927 2412 1985 2460 et

297 2535 481 2571 mores
521 2515 934 2588 sententiasque
969 2515 1290 2584 hominum,
1334 2516 1430 2587 qui
1459 2523 1578 2569 tum
1619 2523 1807 2587 erant,
1850 2517 1982 2571 imi-

298 2635 508 2683 taretur
556 2634 640 2696 et,
702 2646 873 2698 quum
914 2628 1224 2701 priscorum
1256 2627 1499 2682 virorum
1541 2629 1984 2699 feminarumque

297 2747 545 2796 uteretur
575 2739 918 2807 nominibuS‚
961 2739 1124 2794 rebus
1164 2740 1532 2814 personisque
1567 2739 1625 2792 in
1662 2738 1983 2793 similitudi-

298 2870 427 2906 nem
474 2851 780 2904 recentium
830 2852 1220 2921 conformatis,
1288 2851 1372 2905 sui
1421 2851 1630 2905 saeculi
1676 2851 1982 2926 imaginem

301 2963 641 3037 exprimeret
677 2962 1032 3016 verissimam.

459 3074 594 3142 His,
656 3092 953 3145 quamnam
1005 3073 1143 3128 mihi
1191 3074 1338 3128 viam
1373 3073 1805 3148 ingrediendam
1860 3092 1981 3129 esse

295 3186 640 3261 putaverim,
697 3185 1025 3240 ostenditur.
1122 3186 1408 3241 Summam
1457 3193 1643 3240 autem
1695 3186 1884 3260 operis
1920 3185 1979 3238 in

297 3298 610 3352 fabularum
637 3297 881 3352 iudicavi
909 3298 1256 3353 enarratione
1281 3297 1603 3371 ponendam
1640 3316 1790 3366 esse,
1823 3274 1978 3370 vquo—

298 3410 446 3463 niam
482 3409 955 3483 quemadmodum
984 3427 1202 3479 eorum,
1241 3410 1338 3484 qui
1360 3410 1522 3465 rebus
1549 3408 1810 3486 gerendis
1833 3407 1980 3463 bene
