2176 3874
1111 366 1193 422 47
1198 368 1234 423 2

331 520 617 583 exponeret.
689 514 763 563 De
798 530 892 579 qua
925 529 982 563 re
1015 514 1140 563 haec
1174 514 1335 564 refert
1368 513 1627 580 Hyginus:
1663 513 2023 577 „Erichtheus,

330 596 597 648 Pandionis
627 594 778 653 filius,
814 594 989 644 habuit
1022 593 1149 642 filias
1175 601 1403 659 quattuor
1426 593 1493 658 ³²²),
1529 610 1655 659 quae
1675 595 1805 645 inter
1822 611 1878 644 se
1907 611 2026 645 con·

330 679 585 738 iurarunt,
621 675 665 723 si
699 692 794 724 una
830 691 998 724 earum
1034 680 1245 724 mortem
1283 676 1502 736 obisset,
1539 679 1737 724 ceterae
1772 691 1829 724 se
1862 676 2026 725 inter-—

331 758 559 806 ficerent.
627 755 682 805 In
718 771 776 804 eo
800 761 1025 820 tempore
1052 756 1345 819 Eumolpus,
1381 755 1598 820 Neptuni
1620 755 1768 815 filius,
1803 755 2026 805 Athenas

330 838 464 886 venit
498 842 1040 901 oppugnaturus,
1092 836 1223 898 quod
1257 836 1410 901 patris
1460 836 1534 883 sui
1579 840 1762 884 terram
1809 835 2026 885 Atticam

330 916 491 965 fuisse
525 917 732 965 diceret.
803 916 847 964 ls
882 916 1039 964 victus
1077 931 1187 963 cum
1224 916 1443 964 exercitu
1480 931 1590 963 cum
1629 921 1763 964 esset
1787 915 1848 963 ab
1867 915 2025 965 Athe-

331 997 586 1046 niensibus
632 995 959 1056 interfectus,
1006 995 1292 1058 Neptunus,
1342 1011 1404 1043 ne
1449 995 1539 1043 filii
1587 995 1662 1043 sui
1707 1001 1866 1044 morte
1914 994 2028 1042 Eri·

333 1076 544 1126 chtlieus
569 1076 850 1131 laetaretur,
878 1075 1230 1138 expostulavit,
1256 1080 1308 1123 ut
1335 1075 1441 1123 eius
1466 1075 1566 1123 filia
1584 1074 1815 1139 Neptuno
1844 1075 2028 1123 immo-

333 1155 537 1206 laretur.
606 1157 776 1219 ltaque
796 1155 1043 1203 Chthonia
1078 1154 1178 1202 filia
1215 1171 1324 1203 cum
1361 1160 1498 1203 esset
1525 1155 1790 1215 immolata,
1828 1160 2027 1203 ceterae

331 1236 434 1285 fide
481 1237 594 1285 data
641 1251 695 1284 se
746 1236 885 1300 ipsae
930 1233 1338 1283 interfecerunt.''
1421 1235 1556 1284 Idem
1594 1251 1637 1284 c.
1683 1238 1807 1283 238:
1875 1234 2026 1295 „Eri-

334 1315 565 1374 chtheus,
609 1314 873 1363 Pandionis
906 1314 1054 1374 filius,
1093 1314 1389 1363 Chthoniam
1422 1330 1484 1363 ex
1519 1315 1734 1364 sortibus
1757 1331 1847 1379 pro
1868 1315 2026 1365 Athe-

331 1394 588 1443 niensibns
619 1393 957 1460 (immolavit);
978 1395 1195 1458 reliquae
1215 1395 1372 1459 ipsius
1397 1409 1594 1442 sorores
1611 1395 1749 1459 ipsae
1773 1411 1828 1444 se
1849 1411 2029 1459 prae-

334 1474 835 1538 cipitaverunt.'’
886 1474 1242 1538 Apollodorus:
1267 1472 1358 1525 καὶ
1382 1472 1682 1537 σφάξαντος
1711 1473 1880 1525 αὐτοῦ
1905 1471 2027 1540 τὴν

332 1553 682 1619 νεωτάτην
716 1554 817 1618 **),
852 1551 942 1605 καὶ
979 1552 1035 1604 αἱ
1067 1552 1246 1605 λοιπαὶ
1283 1551 1474 1614 ἑαυτὰς
1507 1552 1875 1620 κατέσφαξαν·
1911 1551 2024 1604 ἐπε·

333 1633 555 1699 ποίηντο
608 1634 742 1700 γάρ,
790 1635 862 1695 ὡς
905 1631 1111 1701 ἔφασάν
1160 1653 1322 1698 τινες,
1376 1634 1721 1700 συνωμοσίαν
1778 1634 2027 1702 ἀλλήλαις

333 1713 747 1767 συναπολέσθαι.
831 1715 1222 1782 Γενομένης
1257 1714 1326 1768 δὲ
1370 1714 1533 1782 μετὰ
1582 1715 1858 1784 σφαγὴν
1909 1718 2028 1783 τῆς

332 1795 580 1862 μάχης,
610 1790 977 1863 Ἐρεχθεὺς
1010 1796 1131 1863 μὲν
1178 1798 1457 1850 ἀνεῖλεν
1492 1800 1872 1864 Εὔμολπον
1917 1799 2027 1848 κτλ.

333 1878 628 1928 Accuratius
663 1881 806 1937 haec,
844 1897 986 1944 quam
1013 1896 1140 1943 quae
1174 1881 1348 1930 retulit
1365 1881 1608 1945 Hyginus,
1645 1896 1754 1929 cum
1772 1879 2028 1943 Euripidis

333 1958 560 2007 dramate
595 1976 887 2025 congruere,
922 1967 1201 2009 ceterorum
1237 1962 1550 2020 testimonia,
1589 1961 1717 2025 qu'ae
1753 1976 1901 2024 supra
1937 1974 2028 2024 po-

335 2038 543 2099 suimus,
579 2040 864 2088 ostendunt.
932 2039 1106 2102 Neque
1140 2039 1261 2087 illud
1298 2056 1467 2088 verum
1506 2045 1600 2100 est,
1637 2040 1768 2103 quod
1796 2040 2029 2104 Neptuno

333 2117 588 2166 victimam
623 2119 707 2166 ille
743 2119 957 2166 oblatam
994 2134 1107 2166 esse
1143 2118 1287 2176 dicit,
1339 2117 1428 2166 sed
1476 2118 1663 2166 rectius
1700 2118 2030 2182 Proserpinae

338 2211 539 2245 caesam
576 2213 691 2245 esse
727 2196 1018 2245 Demaratus
1055 2197 1186 2261 apud
1224 2197 1533 2246 Clementem
1569 2197 1709 2246 Alex.
1741 2214 1792 2261 p.
1829 2199 1925 2258 12,
1945 2200 2026 2246 38.

334 2279 569 2334 testatur,
605 2275 655 2323 id
693 2277 823 2339 quod
860 2278 1011 2326 etiam
1047 2292 1227 2324 nomen
1259 2277 1478 2339 virginis
1516 2293 1641 2340 quae
1659 2277 1911 2325 immolata
1933 2282 2027 2333 est,

339 2355 617 2419 significare
651 2356 873 2404 videtur:
900 2349 1183 2420 Ἐρεχθεὺς
1218 2353 1276 2406 δὲ
1312 2354 1341 2406 ὁ
1369 2349 1598 2415 Ἀττικὸς
1630 2352 1720 2407 καὶ
1748 2355 2030 2453 Μάριοςο
2013 2353 2031 2372 “’

327 2425 587 2500 Ῥωμαῖος
621 2433 713 2494 τὰς
749 2434 927 2485 αὐτῶν
961 2433 1232 2502 έθῑσάτην
1251 2434 1574 2502 θυγατέρας,
1614 2425 1704 2486 ὧν
1738 2433 1769 2487 ὁ
1801 2434 1920 2501 μὲν
1951 2440 2028 2503 τῇ

336 2514 766 2581 Φερεφάττῃ,
817 2514 905 2576 ὡς
939 2517 1362 2583 Δημάρατος
1408 2514 1475 2568 έν
1519 2517 1747 2582 πρώτῃ
1782 2533 2028 2586 τραγῳ-

334 2592 722 2660 δουμένων,
759 2595 789 2647 ὁ
826 2594 883 2647 δὲ
916 2601 1028 2658 τοῖς
1057 2597 1453 2663 ἀποτροπαίοις.
1501 2598 1795 2647 Chthoniam
1822 2601 2030 2662 repente

331 2675 716 2740 imprudentem,
743 2679 970 2728 obscuris
998 2680 1290 2743 quibusdam
1312 2680 1475 2728 verbis
1501 2684 1614 2727 ante
1642 2676 2028 2727 immolationem

331 2757 489 2820 ipsam
527 2758 703 2819 dictis,
739 2775 888 2823 quum
924 2760 1064 2823 quasi
1096 2761 1319 2808 ministra
1354 2774 1606 2807 sacrorum
1642 2759 1703 2806 ad
1739 2773 1872 2806 aram
1910 2772 2028 2806 con-

334 2838 565 2896 stitisset,
603 2844 849 2903 arreptam
884 2856 912 2887 a
946 2843 1090 2905 patre
1125 2844 1177 2888 et
1213 2856 1303 2904 pro
1337 2840 1540 2888 victima
1580 2839 1792 2886 occisam
1828 2853 1943 2886 esse
1977 2840 2031 2885 et

335 2934 398 2967 ex
432 2919 595 2967 verbis
633 2934 821 2979 eorum,
858 2920 942 2982 qui
977 2920 1041 2968 de
1074 2925 1365 2985 argumento
1399 2919 1597 2969 fabulae
1631 2917 1936 2978 retulerunt,
1978 2920 2031 2965 et

334 3014 397 3049 ex
442 2998 630 3062 antiqui
680 2998 932 3047 cuiusdam
981 3001 1288 3048 monumenti
1342 2998 1525 3066 lapidei
1570 2996 1846 3045 simulacris
1890 2999 2029 3044 recte

332 3076 630 3127 Welckerus
667 3076 841 3140 (quem
875 3078 990 3127 vide
1024 3097 1073 3143 p.
1099 3082 1209 3130 721.
1248 3079 1311 3128 de
1345 3080 1438 3128 hac
1462 3094 1518 3126 re
1549 3072 1898 3140 disserentem)
1926 3074 2027 3123 col-

331 3157 518 3222 legisse
550 3157 759 3210 videtur.
829 3157 1217 3209 lmmolationem
1253 3160 1483 3209 continuo
1526 3171 1690 3222 pugna
1724 3161 1874 3218 atque
1908 3154 2029 3220 fuga

329 3238 551 3286 hostium
613 3241 790 3286 secuta
844 3243 938 3286 est.
1019 3238 1326 3290 cedentibus
1375 3237 1602 3288 hostibus
1661 3234 2028 3298 interfectoque

333 3317 600 3387 Eumolpe,
638 3318 855 3370 necdum
878 3317 1018 3367 finito
1044 3319 1252 3383 proelio,
1285 3319 1484 3369 nuntius
1518 3315 1685 3376 rediit,
1719 3315 1938 3378 reginam
1963 3315 2028 3364 de

387 3494 436 3549 96)
466 3493 651 3536 Rectius
680 3493 863 3537 dixisset
893 3495 1047 3546 tres3
1078 3494 1137 3537 cf.
1167 3494 1342 3537 Welck.
1373 3506 1419 3547 p.
1448 3488 1534 3532 722
1562 3503 1654 3545 seq.

350 3563 438 3620 ἢ)
469 3566 740 3611 Demaratus
770 3565 801 3608 1.
827 3565 862 3608 l.
893 3560 980 3620 τὴν
1008 3579 1043 3608 π
1059 3580 1116 3621 gs
1129 3565 1233 3621 σβυ
1247 3580 1274 3607 τ
1287 3562 1444 3618 ἄτην.
