2144 3854
1135 279 1251 336 16⁰

361 423 640 474 Aristotelis
689 420 863 487 (Rhet.
906 421 988 484 111,
1031 425 1124 486 16,
1159 422 1261 491 ἱ),
1297 423 1507 475 Platonis
1543 423 1666 493 (Ion.
1703 443 1754 493 p.
1789 430 1902 484 53³.
1924 427 2026 495 12),

362 509 413 554 et
455 504 875 568 grammaticorum
925 503 1042 552 satis
1091 503 1432 569 frequentibus
1467 507 2025 572 commemorationibus,

361 599 422 633 ex
456 583 633 632 summi
666 590 842 648 poetae
873 583 995 634 Attii
1044 583 1315 635 imitatione
1360 586 1566 651 aliisque
1618 587 1913 639 testimoniis
1943 604 2026 640 a&

358 663 557 713 stimate
588 662 724 715 licet.
791 663 1033 729 Respexit
1067 665 1128 714 ad
1163 664 1295 714 idem
1331 664 1533 715 Ovidius
1557 666 1763 720 Heroid.
1791 666 1878 731 IX,
1894 669 2026 721 ‚1532

488 771 553 780 —-
618 778 652 804 „
638 743 779 801 ,solio
811 743 956 793 sedet
987 744 1184 810 Agrius
1218 746 1358 795 alto.-

491 823 665 873 Oenea
699 823 953 874 desertum
983 824 1125 874 nuda
1157 831 1366 875 senecta
1391 824 1632 892 premitss'

355 902 574 966 Denique
599 903 845 952 Timocles
870 904 1096 954 Comicus
1123 906 1344 956 versibus
1376 906 1661 969 quibusdam
1685 906 1816 971 apud
1841 878 2024 959 Athen.

353 1000 404 1048 p.
436 985 567 1042 223.,
601 983 778 1047 quibus
811 983 983 1033 utilem
1019 1000 1130 1034 esse
1161 985 1310 1034 docet
1335 985 1635 1050 tragoediam
1662 986 1726 1035 ad
1744 985 1892 1036 vitam
1917 1001 2024 1036 mo-

353 1078 533 1126 resque
564 1064 824 1126 regendos,
861 1063 1016 1113 Oenei
1047 1065 1324 1130 exemplum
1359 1065 1555 1115 senibus
1589 1065 1802 1125 miseriS,
1834 1081 1934 1130 quo
1966 1081 2024 1117 se

354 1143 739 1204 consolarentur,
773 1144 1056 1208 proposuit:

480 1219 651 1286 γέρων
682 1238 760 1283 τις
793 1221 1000 1289 ἀτυχεῖς
1032 1220 1327 1289 κατέμαθεν
1360 1221 1455 1275 τὸν
1486 1219 1664 1274 Οἰνέα.

882 1561 953 1615 D.
1053 1560 1472 1634 Syleus.

475 1705 736 1766 HerculeS‚
770 1707 905 1770 gravi
936 1709 1105 1757 morbo
1130 1708 1194 1757 de
1226 1707 1374 1773 Iphiti
1407 1724 1530 1758 nece
1565 1710 1837 1773 correptus,
1870 1719 2018 1770 quum

343 1786 562 1852 Delphos
596 1786 798 1848 adisset,
849 1804 1141 1853 responsum
1175 1788 1288 1837 tulit
1320 1788 1426 1837 sore
1461 1789 1618 1839 morbi
1652 1789 1817 1848 finem,
1853 1787 1897 1836 si
1928 1787 2018 1834 tri-

342 1868 539 1915 ennium
562 1871 720 1914 totum
747 1867 971 1916 venditus
1006 1868 1295 1917 servitutem
1329 1869 1577 1918 serviisset
1609 1873 1754 1932 atque
1785 1867 2017 1916 aestima-

339 1946 525 1995 tionem
569 1946 789 2011 corporis
835 1947 912 1995 sui
958 1963 1050 2013 pro
1090 1947 1284 2013 piaculo
1330 1947 1482 2012 Iphiti
1537 1948 1654 1996 filiis
1699 1946 2013 1997 reddidisset.

341 2016 452 2088 Quo
487 2026 683 2075 oraculo
717 2027 870 2089 edito,
905 2027 1201 2090 Mercurius,
1235 2033 1437 2095 rogante
1468 2028 1705 2086 Hercule,
1737 2027 1899 2093 ipsum
1923 2039 2016 2091 pro

339 2121 482 2154 servo
514 2106 750 2156 vendidit.
820 2107 957 2168 Haec
981 2109 1157 2158 -retulit
1187 2108 1517 2174 Apollodorus
1545 2108 1606 2167 11,
1630 2110 1679 2166 6,
1706 2109 1754 2157 3.
1786 2106 2018 2170 idemque

336 2184 467 2234 inter
500 2190 694 2250 tempus
726 2188 976 2237 servitutis
1012 2188 1213 2252 Syleum
1246 2189 1296 2238 in
1345 2187 1556 2249 Aulide,
1599 2187 1684 2251 qui
1726 2185 2014 2251 peregrinos

338 2281 395 2314 ea
428 2266 525 2315 iter
559 2265 797 2316 facientes
830 2272 1010 2316 terram
1045 2267 1220 2316 fodere
1243 2272 1458 2331 cogeret,
1494 2268 1554 2315 ab
1586 2267 1820 2327 Hercule,
1853 2257 2013 2314 refos-

338 2345 404 2393 sis
439 2347 498 2395 ab
533 2346 700 2396 radice
732 2347 941 2407 vitibus,
987 2347 1300 2396 interfectum
1345 2362 1456 2396 esse
1488 2362 1584 2396 una
1617 2362 1727 2396 cum
1761 2344 2015 2394 Xenodice

334 2423 436 2472 filia
494 2424 696 2474 tradidit
740 2426 1034 2475 memoriae:
1087 2442 1197 2475 cum
1233 2442 1330 2491 quo
1364 2427 1614 2492 conspirat
1647 2423 2012 2484 DiodoruslV,

334 2505 415 2551 31.
484 2503 538 2553 ln
571 2504 691 2553 Pelii
723 2507 903 2555 montis
938 2507 1112 2555 vicinia
1162 2506 1362 2570 Syleum
1409 2507 1659 2555 habitasse
1709 2505 1854 2555 etiam
1891 2503 2011 2552 Pro-

333 2582 438 2632 clus
462 2602 510 2649 p.
537 2586 650 2645 221,
677 2588 758 2634 33.
794 2591 846 2634 et
877 2585 1077 2635 Photius
1107 2588 1218 2648 186,
1246 2588 1325 2635 Π.
1359 2591 1628 2649 testantur,
1678 2586 1811 2635 unde
1845 2583 2010 2632 conie-

332 2667 519 2713 cturam
545 2663 822 2726 Matthiaei,
859 2661 917 2715 ἐν
951 2663 1127 2733 Λυδία
1153 2682 1245 2732 pro
1270 2662 1327 2716 ἐν
1359 2664 1549 2716 Αὐλίδι
1582 2666 1710 2731 apud
1744 2663 2010 2729 Apollodo-

330 2757 438 2792 rum
473 2760 717 2808 reponere
750 2745 976 2804 volentis,
1013 2748 1364 2811 repudiandam
1400 2763 1511 2795 esse
1542 2746 1846 2811 intelligitur.

458 2823 680 2874 Philonis
714 2825 881 2874 Iudaei
915 2843 1066 2892 opera
1092 2828 1163 2888 fit,
1198 2831 1254 2875 ut
1282 2831 1573 2875 structuram
1601 2825 1832 2874 dramatis
1856 2838 2007 2890 agno-

328 2917 469 2952 scere
514 2909 662 2967 atque
710 2905 1045 2956 demonstrare
1077 2906 1352 2971 possimus:
1405 2906 1546 2971 plura
1580 2906 1706 2954 enim
1742 2904 1806 2954 de
1836 2904 1923 2952 illo
1957 2920 2005 2969 p.

327 2985 422 3030 681
440 2999 556 3049 seq.
593 2986 858 3049 excerpsit.
889 2972 892 2979 Κ
926 2986 1194 3037 Praeterea
1226 2987 1436 3035 narratio
1469 2985 1741 3049 argumenti
1772 2985 1916 3036 etiam
1954 2984 2005 3032 in

328 3061 551 3110 Crameri
585 3063 768 3113 Anecd.
801 3064 862 3125 ΙΙ,
889 3069 933 3116 7.
970 3071 1212 3124 servatur,
1245 3066 1425 3115 additis
1459 3065 1537 3113 his
1572 3065 1758 3114 verbis:
1805 3059 1914 3128 ἔστι
1947 3059 2006 3114 δὲ

323 3139 383 3191 τὸ
427 3145 673 3193 τοιοῦτον
723 3143 1026 3207 Εὐριπίδου
1076 3145 1263 3210 δρᾶμα.
1342 3145 1514 3194 Prodit
1547 3146 1694 3211 igitur
1727 3144 2003 3194 Mercurius

323 3221 591 3272 Herculem
623 3224 822 3287 ducens,
859 3243 1004 3290 quem
1039 3229 1328 3278 venditurus
1363 3230 1455 3286 est,
1492 3226 1789 3289 exponitque
1813 3218 1906 3274 'illa
1938 3225 2003 3274 de

321 3301 466 3366 lphiti
499 3320 649 3366 nece,
705 3306 769 3354 de
818 3322 1003 3370 poena,
1050 3323 1195 3371 quam
1242 3306 1359 3354 dare
1393 3305 1635 3354 Hercules
1668 3305 1800 3353 illius
1833 3303 2002 3354 liberis

322 3384 646 3446 constituerit,
682 3384 842 3448 deque
878 3402 966 3434 suo
1006 3387 1192 3448 officio,
1228 3384 1358 3451 quod
1391 3402 1483 3450 pro
1518 3401 1660 3434 serv-o
1694 3385 1877 3434 amicus
1909 3384 2000 3434 sibi

319 3462 602 3513 vendendus
649 3465 743 3526 sit,
800 3465 863 3515 de
909 3466 1087 3530 quibus
1133 3467 1282 3517 rebus
1331 3466 1496 3515 videas
1545 3463 1810 3516 Diodorum
1851 3469 2001 3530 atque
