2144 3854
1102 330 1228 389 294

323 482 423 544 liis,
470 480 533 530 ad
567 475 851 542 speluncam
885 477 1034 528 rediit
1074 494 1133 529 ac
1167 478 1233 528 de
1266 477 1421 527 caede
1453 477 1677 529 hostium
1709 479 1819 545 ipse
1847 496 2001 548 expo-

322 563 434 620 suit.
478 558 630 618 ¹Tum
664 572 834 606 rursus
866 558 1062 621 accidit,
1097 563 1154 608 ut
1187 573 1361 608 servus
1397 558 1547 623 regis,
1587 558 1815 610 dominos
1850 577 2002 625 quae-

321 656 465 700 rens,
509 638 571 686 ad
616 637 840 702 hospites
883 638 1045 688 adiret
1088 645 1142 689 et
1192 638 1491 702 colloquium
1528 654 1640 688 cum
1675 639 2003 705 Neoptolemo

321 721 623 769 consereret.
692 717 797 778 Qua
843 719 907 768 de
949 735 1006 768 re
1052 720 1180 769 haec
1221 718 1392 782 Dictys
1426 719 1622 767 retulit:
1671 719 1758 788 „ln
1793 736 2003 784 quorum

321 797 687 861 inquisitionem
723 813 892 846 servus
928 799 1139 862 quidam,
1175 800 1381 863 Cinyras
1416 799 1639 860 nomine,
1673 816 1910 865 perquam
1941 802 2004 851 fi-

323 878 433 938 dus,
468 876 740 942 profectus,
773 877 824 925 in
857 894 1026 927 manus
1060 880 1249 929 iuvenis
1285 879 1480 928 devenit
1514 879 2004 946 comprehensusque

323 959 558 1008 Acastum
583 957 740 1006 affore
752 958 966 1018 nuntiat,
994 965 1140 1023 atque
1158 959 1225 1008 ita
1254 959 1548 1009 occiditur.''
1616 959 1860 1010 Nimirum
1888 963 2004 1012 red-

321 1039 423 1087 isse
458 1036 840 1102 Neoptolemum
887 1043 938 1086 et
985 1040 1046 1087 ad
1095 1045 1278 1088 terram
1327 1039 1569 1088 Iolcorum
1615 1040 1870 1104 appulisse
1919 1058 2005 1092 co-

321 1118 506 1182 gnitum
540 1117 708 1166 fuerat
740 1118 846 1180 regi
879 1118 1094 1180 filiisque
1144 1119 1279 1178 eius;
1325 1125 1492 1168 utrum
1535 1124 1701 1168 autem
1747 1120 2008 1172 interisset

322 1203 638 1262 tempestate,
673 1212 770 1260 qua
803 1197 1013 1245 classem
1048 1198 1158 1246 eius
1188 1198 1398 1248 fractam
1433 1214 1744 1262 mersamque
1777 1216 1891 1251 esse
1915 1218 2005 1252 au·

322 1277 560 1336 diver-ant,
593 1293 654 1324 an
689 1282 914 1325 servatus
949 1282 1083 1325 esset
1116 1277 1164 1326 in
1198 1278 1329 1338 navi,
1366 1295 1513 1342 quam
1547 1279 1703 1328 solam
1738 1295 2007 1344 superesse

323 1354 456 1405 fama
487 1357 805 1416 nuntiaverat,
838 1356 1146 1422 ignorabant.
1212 1358 1289 1406 Ad
1334 1374 1479 1421 quam
1514 1374 1619 1406 rem
1654 1358 2005 1423 explorandam

322 1436 535 1501 primum
571 1436 662 1484 filii
696 1436 829 1502 regis
855 1436 1028 1485 emissi
1056 1443 1197 1486 sunt:
1234 1437 1318 1500 qui
1353 1437 1567 1501 quidem,
1590 1438 1641 1487 in
1667 1454 1841 1488 manus
1871 1439 2006 1489 Neo-

324 1514 530 1582 ptolemi
566 1516 735 1576 delati,
771 1532 830 1564 ea
863 1516 1071 1574 ratione,
1108 1534 1202 1582 qua
1235 1516 1465 1577 diximus,
1499 1517 1651 1565 occisi
1676 1523 1806 1568 sunt.
1841 1519 2006 1580 Quum

292 1624 295 1627 >
324 1610 421 1645 non
456 1594 731 1656 redissent,
766 1596 827 1645 ad
863 1596 957 1645 hos
992 1596 1190 1661 quidem
1225 1597 1536 1661 quaerendos
1571 1597 1748 1645 missus
1785 1603 1863 1646 est
1899 1613 2008 1647 ser-

323 1690 412 1725 vus
432 1711 447 1736 ,
481 1676 543 1724 ad
579 1675 912 1740 explorandos
947 1680 1115 1725 antem
1149 1677 1322 1726 hostes
1357 1692 1442 1725 rex
1477 1677 1586 1740 ipse
1619 1676 1874 1740 profectus
1909 1681 2008 1727 est.

322 1754 534 1805 Exstant
565 1755 857 1821 fragmenta,
891 1771 1017 1819 quae
1045 1756 1171 1805 hanc
1201 1758 1286 1805 viri
1312 1756 1622 1806 celeberrimi
1648 1756 2008 1824 indagationem

323 1833 608 1885 declarent=

454 1914 606 1981 φήμη
638 1911 734 1965 τὸν
767 1912 964 1966 ἐσθλὸν
996 1913 1099 1967 κᾶν
1134 1916 1286 1985 μυχῷ
1321 1913 1556 1967 δείκνυσι
1588 1914 1686 1982 γῆς
1710 1916 1780 1982 ἢ).
1838 1931 1845 1938 ·

460 2072 562 2125 οὐκ
594 2068 736 2124 ἔστιν
769 2071 1104 2138 ἀνθρώποισι
1135 2076 1351 2125 τοιοῦτο
1386 2073 1591 2133 σκότος,

455 2153 523 2207 οὐ
558 2152 710 2218 δῶμα
743 2153 898 2218 γαίας
931 2152 1185 2211 κλειστόν,
1222 2152 1356 2204 ἔνθα
1388 2153 1487 2220 τὴν
1519 2151 1687 2217 φύσιν

456 2231 488 2285 ὁ
523 2230 780 2300 δυςγενὴς
810 2233 1021 2298 κρύψας
1056 2232 1123 2284 ἂν
1159 2233 1237 2300 εἴη
1272 2232 1344 2301 μὴ
1380 2233 1554 2300 σαφής
1581 2236 1677 2294 ²³2²).

325 2314 542 2377 Servus,
579 2316 664 2380 qui
697 2316 922 2364 dominos
958 2316 1254 2379 quaerebat,
1298 2317 1360 2364 ad
1394 2317 1502 2381 ipsa
1535 2314 1733 2362 illorum
1768 2311 2008 2363 cadavera

327 2395 505 2444 ductus
541 2402 592 2444 et
625 2411 775 2458 super
809 2411 870 2443 ea
903 2396 1099 2444 occisus
1135 2411 1250 2444 esse
1283 2395 1491 2445 videtur.
1560 2392 1661 2442 Sed
1694 2398 1840 2442 antea
1874 2392 2010 2442 Neo-

327 2474 576 2540 ptolemus
611 2475 786 2523 dolose
819 2476 1099 2538 quaerendo
1134 2481 1186 2524 et
1221 2475 1395 2524 callide
1420 2472 1774 2523 dissimulando
1801 2473 1866 2521 de
1891 2486 2010 2521 con·

328 2555 439 2603 silio
473 2555 662 2619 tyranni
696 2555 858 2617 deque
889 2555 1031 2617 loco,
1083 2556 1132 2604 in
1179 2570 1277 2618 quo
1313 2555 1640 2603 cummaxime
1674 2568 2010 2601 commorare-

327 2637 428 2692 tur,
464 2650 786 2699 quaecunque
808 2634 1003 2684 volebat
1033 2635 1287 2699 comperit.
1356 2634 1604 2683 Reversus
1627 2631 1760 2680 idem
1789 2647 1852 2680 ex
1881 2632 2010 2691 loco,

328 2714 380 2763 in
440 2730 540 2778 quo
595 2715 727 2778 regis
784 2714 915 2762 filios
961 2730 1073 2763 cum
1120 2730 1261 2763 servo
1317 2714 1667 2771 interfecerat,
1733 2711 1783 2760 in
1836 2726 2010 2760 navem

328 2793 498 2853 rediit,
533 2800 589 2843 ut
618 2799 778 2843 sumta
809 2800 947 2842 veste
977 2794 1188 2858 Phrygia
1221 2795 1413 2842 obviam
1450 2794 1630 2841 Acasto
1665 2790 2009 2856 proficiscere-

330 2880 435 2934 tur,
485 2873 618 2921 huuc
652 2889 849 2936 quoque
883 2874 933 2922 in
971 2875 1253 2938 speluncam
1288 2878 1437 2935 atque
1471 2872 1530 2919 ad
1566 2870 1816 2920 interitum
1852 2870 2008 2918 addu-

332 2961 517 3003 cturus.
588 2954 699 3015 Qua
733 2953 796 3001 ‹le
831 2969 886 3001 re
920 2953 1092 3018 Dictys
1127 2954 1310 3002 haecce
1345 2951 1573 3015 scripsit:
1623 2949 1830 3012 „ltaque
1875 2948 2010 2997 Neo-

330 3031 605 3094 ptolemuS,
655 3039 840 3081 mutata
882 3033 1102 3098 Phrygia
1151 3039 1318 3091 veste,
1365 3037 1596 3093 tanquam
1642 3029 1774 3076 filius
1830 3027 2011 3077 Priami

332 3109 557 3167 Mestor,
606 3111 689 3174 qni
724 3113 945 3175 captivus
982 3129 1092 3160 cum
1128 3112 1323 3177 Pyrrho
1357 3112 1419 3159 ad
1452 3127 1511 3158 ea
1545 3110 1653 3157 loca
1686 3107 2010 3172 navigaverat,

335 3190 518 3238 Acasto
556 3190 747 3238 obviam
782 3193 930 3252 venit,
967 3193 1128 3255 eique,
1165 3193 1359 3256 quinam
1394 3195 1543 3250 esset,
1576 3188 1758 3238 indicat
1787 3193 1842 3237 et
1879 3187 2011 3238 Neo·

392 3301 444 3355 *)
472 3301 659 3357 Fragm.
688 3300 774 3342 inc.
804 3302 905 3345 227.

363 3371 445 3424 *²l‘)
472 3371 642 3426 Vulgo=
694 3369 879 3427 κρύψας
907 3369 966 3416 ἂν
995 3375 1067 3430 εἴη
1098 3371 1256 3429 σοφός.
1325 3373 1374 3415 ln
1402 3370 1546 3428 primo
1576 3385 1711 3415 versu
1738 3370 1777 3414 si
1804 3365 1904 3414 οὐδ’
1930 3383 2014 3425 pro

474 3436 558 3483 οὐκ
587 3440 833 3494 scribatur,
875 3444 1082 3502 coniungi
1119 3447 1236 3489 haec
1278 3457 1380 3486 cum
1419 3443 1567 3498 priore
1609 3442 1863 3499 fragmento
1891 3454 2013 3484 com-

473 3510 606 3553 mode
634 3515 852 3565 poterunt.
