2176 3874
1163 329 1287 387 474

378 479 583 531 fulmine
616 491 857 543 percusso
890 492 1167 542 exponere3
1212 478 1375 527 statim
1427 477 1608 528 deinde
1650 495 1741 530 rex
1773 481 1896 546 ipse.
1915 483 2066 531 mori-

373 559 569 609 bundas
605 558 655 605 in
690 572 888 605 scenam
921 562 1204 622 reportatus
1238 575 1442 622 regnum
1478 575 1536 608 ac
1573 560 1772 610 domum
1797 562 1903 611 fflio
1930 578 2066 611 com-

375 637 639 688 mendavit.
709 638 788 686 Ex
822 637 917 686 hac
952 636 1188 686 dramatis
1209 645 1350 703 parte
1377 640 1505 688 haee
1529 640 1688 691 refert
1704 642 2064 707 Apoliodorus:

376 718 717 777 Ποσειδῶνος
753 715 810 768 δὲ
844 715 958 768 καὶ
1001 716 1120 768 τὸν
1147 710 1484 785 Ἐρεχθέα
1516 718 1633 771 καὶ
1677 718 1799 788 τὴν
1832 720 2069 774 οἰκίαν

377 800 592 851 αὐτοῦ
635 798 1197 859 καταλύσαντος,
1236 799 1456 864 Κέκροψ
1500 801 1530 852 ὁ
1564 802 1925 869 πρεσβύτατος
1957 804 2068 855 τῶν

368 879 662 946 Ἐρεχθέως
706 879 918 931 παίδων
963 877 1314 946 ἐβασίλευσεν.
1399 883 1574 946 Neque
1621 885 1763 934 aliter
1809 886 2066 950 Hyginus:

378 964 529 1028 „Ipse
578 962 881 1011 Erichtheus
928 965 987 1012 ab
1035 963 1179 1022 love,
1229 963 1445 1027 Neptuni
1482 971 1684 1027 rogatu,
1729 966 1937 1015 fulmine
1988 971 2069 1015 est

374 1044 555 1094 ictuS.’'
629 1041 868 1091 Testatur
905 1042 1173 1106 Euripides
1210 1042 1319 1106 ipse
1349 1045 1405 1103 ⁹in
1441 1044 1585 1093 lone:

505 1120 699 1187 πληγαὶ
733 1120 974 1186 τριαίνης
1007 1119 1232 1171 ποντίου
1267 1123 1358 1186 σφ’
1394 1123 1688 1176 άπώλεσαν.

378 1203 612 1254 Clausula
647 1203 941 1251 narrationis
977 1203 1102 1250 haec
1139 1218 1251 1251 esse
1286 1205 1479 1267 potuit:

507 1281 565 1334 έκ
598 1283 706 1332 τῶν
740 1281 925 1332 πόνων
959 1299 1040 1332 τοι
1073 1280 1267 1346 τάγάθ’
1304 1283 1512 1344 αὔξεται
1548 1284 1782 1350 βροτοῖς,

511 1362 542 1415 ὁ
579 1362 625 1413 δ’
660 1356 795 1429 ήδὺς
830 1360 964 1412 αἰὼν
998 1362 1033 1430 ἦ
1067 1363 1203 1430 κακή
1237 1365 1281 1413 τ’
1318 1362 1541 1427 άτολμία

512 1443 622 1495 οὔτ’
660 1438 813 1494 οἶκον
849 1445 969 1493 οὔτε
1003 1448 1165 1510 γαῖαν
1199 1443 1501 1508 ὀρθώσειαν
1536 1446 1605 1495 ἄν
1640 1447 1711 1510 *).

371 1526 689 1575 Erechtheus
724 1532 888 1574 autem
924 1526 1083 1575 filium
1115 1542 1268 1590 regno
1295 1527 1610 1586 destinatum,
1645 1526 1922 1575 adstantem
1956 1542 2063 1575 mo-

369 1607 520 1655 rienti
554 1613 606 1655 et
639 1612 945 1655 moerentem
981 1607 1214 1669 ultroque
1248 1614 1503 1672 rogantem
1523 1645 1537 1668 ‚
1571 1612 1628 1655 ut
1661 1607 1726 1655 de
1761 1606 1942 1656 officiis
1975 1623 2063 1671 pa-

368 1692 470 1747 ter,
506 1687 795 1752 priusquam
833 1687 1204 1751 exstinguatur,
1251 1703 1307 1736 se
1340 1688 1576 1749 edoceat,
1624 1687 2062 1752 praestantissimis

368 1769 648 1832 praeceptis
684 1767 910 1816 instruit:

501 1845 684 1910 ὀρθῶς
719 1847 772 1911 μ’
810 1843 1032 1912 ἐπήρου,
1068 1847 1330 1914 βούλομαι
1366 1845 1423 1899 δέ
1457 1858 1559 1908 σοι,
1593 1846 1800 1906 τέκνον,

494 1955 562 1964 -—-
627 1930 848 1994 φρονεῖς
879 1927 983 1993 γὰρ
1020 1928 1122 1995 ἥδη
1156 1929 1478 1980 κάποσώσαι’
1516 1928 1583 1980 ἂν
1609 1928 1810 1994 πατρὸς
1894 1988 1895 1991 ¹

498 2008 716 2074 γνώμας
750 2008 1073 2073 φράσαντος,
1109 2008 1179 2076 ἢν
1212 2010 1384 2071 θάνω,
1422 2039 1483 2046 -
1523 2010 1837 2076 παραινέσαι

499 2088 718 2156 κειμήλι’
753 2086 916 2139 ἐσθλὰ
949 2087 1039 2140 καὶ
1070 2089 1237 2141 νέοισι
1269 2091 1515 2157 χρήσιμα,

502 2171 690 2235 βραχεῖ
721 2167 777 2220 δὲ
812 2170 971 2236 μύθῳ
1004 2167 1173 2221 πολλὰ
1208 2170 1491 2236 συλλαβὼν
1525 2166 1644 2232 έρῶ.

498 2253 712 2316 πρῶτον
747 2250 946 2315 φρένας
979 2249 1077 2316 μὲν
1111 2251 1302 2318 ἠπίους
1339 2252 1474 2318 ἔχειν
1508 2251 1676 2318 χρεών
1708 2250 1807 2316 **)·

499 2338 571 2397 τῷ
607 2331 845 2398 πλουσίῳ
879 2349 934 2382 τε
969 2329 1040 2398 μὴ
1077 2326 1262 2392 διδοὺς
1295 2335 1473 2398 μεῖζον
1507 2331 1668 2398 μέρος

500 2412 622 2463 ἴσον
658 2411 887 2464 σεαυτὸν
922 2413 1158 2479 εὐσεβεῖν
1189 2419 1354 2465 πᾶσιν
1389 2413 1562 2466 δίδου.

503 2495 664 2546 δυοῖν
698 2495 994 2560 παρόντοιν
1027 2497 1378 2561 πραγμάτοιν,
1414 2493 1550 2559 πρὸς
1582 2491 1817 2557 θάτερον

504 2577 726 2643 γνώμην
759 2576 1094 2641 προςάπτων,
1129 2575 1228 2643 τὴν
1263 2573 1512 2627 ἐναντίαν
1546 2575 1739 2639 στύγει.

503 2658 699 2718 α’δίκως
734 2656 791 2709 δὲ
825 2656 897 2724 μὴ
932 2660 1037 2709 κτῶ
1071 2659 1308 2725 κτήματ’,
1342 2656 1412 2724 ἢν
1446 2655 1615 2722 βούλῃ
1649 2646 1824 2706 πολὺν

499 2740 698 2806 χρόνον
732 2741 1022 2803 μελάθροις
1056 2737 1321 2804 ἐμμένειν·
1357 2737 1422 2789 τὰ
1455 2737 1557 2803 γὰρ
1592 2737 1768 2796 κακῶς

500 2822 684 2881 οἴκους
721 2819 982 2881 ἐςελ-θόντ’
1020 2821 1120 2872 οὐκ
1155 2819 1257 2886 ἔχει
1292 2818 1574 2885 σωτηρίαν.

499 2904 633 2970 ἔχειν
670 2900 727 2953 δὲ
759 2904 946 2963 πειρῶ·
979 2907 1140 2954 τοῦτο
1174 2901 1277 2968 γὰρ
1311 2901 1372 2952 τό
1406 2903 1450 2952 τ’
1485 2897 1694 2965 εὐγενὲς

498 2984 589 3036 καὶ
622 2977 752 3042 τοὺς
785 2983 994 3048 γάμους
1032 2983 1218 3034 δίδωσι
1250 2975 1379 3042 τοὺς
1411 2980 1658 3045 πρώτους
1691 2975 1857 3046 ἔχειν·

500 3062 560 3116 έν
591 3070 664 3130 τῷ
697 3062 951 3115 πένεσθαι
987 3064 1034 3115 δ’
1070 3061 1214 3115 ἐστὶν
1246 3062 1281 3131 ἥ
1314 3065 1359 3114 τ’
1395 3060 1604 3124 α’δοξία,

423 3253 474 3308 9⁶)
504 3250 573 3293 cf.
606 3249 888 3292 Schneidew.
922 3249 1045 3292 Coni.
1078 3249 1191 3291 critt.
1221 3265 1264 3305 p.
1294 3247 1363 3291 51.
1396 3252 1440 3291 et
1467 3245 1536 3289 85.
1568 3241 1830 3303 ὄρθώσειαν
1860 3258 1942 3300 pro
1973 3240 2055 3302 ὄρ-

507 3320 703 3364 θώσειεν
732 3319 903 3375 scripsi.

398 3394 475 3449 ssss)
505 3393 694 3435 Ennius:

591 3460 878 3518 „Lapideo
918 3466 1045 3502 sunt
1085 3460 1255 3502 corde
1292 3457 1482 3508 multi,
1513 3471 1644 3512 quos
1677 3471 1781 3499 ποπ
1822 3455 2054 3499 miseret

1377 3529 1664 3571 nemznzs.’'
