2176 3874
920 286 1044 346 385

144 436 301 487 centis
330 451 426 487 non
450 436 663 487 leviores
687 435 836 486 animi
858 435 1060 485 morbos
1086 451 1148 485 ex
1171 435 1642 504 perturbationibu8‚
1674 454 1820 505 quam

143 517 366 582 corporis
401 532 463 566 ex
495 517 782 582 pestilentia
824 515 962 565 nasci
1006 521 1056 564 et
1109 515 1308 565 dolores
1341 517 1600 584 utriusque
1632 520 1820 573 similes

140 612 270 646 esse.
337 595 472 646 Nihil
505 600 672 645 autem
702 597 907 656 horum,
955 610 1083 658 quae
1128 597 1342 660 tempori
1386 598 1500 648 data
1532 606 1675 662 sunt,
1721 618 1820 653 non

141 681 261 741 apte
290 677 466 725 haeret
499 682 549 725 et
582 676 778 726 fabulae
826 674 1067 724 convenit.
1136 675 1291 726 Cuius
1323 680 1519 742 generis
1552 686 1633 731 est
1666 682 1817 733 etiam

137 755 279 816 illud,
315 755 447 820 quod
482 755 545 805 de
578 756 756 822 spuriis
790 755 904 803 filiis
939 754 1121 803 dictum
1158 762 1235 804 est·
1269 760 1507 808 v.1080:

270 826 313 885 ὦ
346 833 664 894 δυςτοέλαινα
695 836 873 901 μῆτερ,
909 824 951 884 ὦ
984 830 1169 897 πικραὶ
1198 834 1372 900 γοναί.

268 914 451 981 μηδείς
482 917 599 967 ποτ’
634 914 712 981 εἴη
742 915 851 965 τῶν
884 912 1026 978 ἐμῶν
1061 912 1236 978 φίλων
1267 915 1448 977 νόθος.

134 995 342 1046 Tnlerat
372 997 591 1046 Pericles
623 997 813 1063 legem,
863 1013 958 1061 qua
1001 997 1280 1061 quicunque
1323 1013 1420 1048 non
1464 1002 1678 1064 utroque
1722 1017 1811 1066 pa-

134 1082 278 1126 rente
311 1077 599 1126 Atheniensi
629 1077 732 1125 nati
766 1081 952 1135 essent,
990 1077 1145 1141 spurii
1178 1078 1383 1128 iudicati
1415 1079 1616 1129 civitate
1650 1081 1813 1144 priva-

134 1163 340 1218 rentur,
375 1173 472 1222 qua
502 1156 613 1220 lege
646 1172 806 1222 paene
841 1157 1056 1221 quinque
1088 1157 1242 1207 millia
1275 1159 1493 1209 damnati
1525 1160 1814 1225 venditique

134 1242 288 1287 erant.
357 1238 507 1296 ldem,
542 1237 767 1286 omnibus
798 1237 1033 1300 legitimis
1066 1237 1238 1287 liberis
1272 1244 1416 1303 peste
1454 1240 1709 1301 absumtiS‚
1745 1258 1810 1292 ne

132 1317 346 1366 orbitate
370 1331 549 1364 nomen
578 1314 796 1366 familiae
822 1322 874 1365 et
897 1318 1160 1380 progenies
1174 1317 1417 1382 interiret,
1450 1319 1630 1385 legem,
1665 1338 1813 1387 quam

131 1396 340 1456 tulerat,
375 1397 486 1461 ipse
518 1396 788 1462 abrogavit.
858 1396 1207 1447 Gratiflcatum
1241 1398 1335 1447 hoc
1370 1399 1549 1448 Pericli
1583 1417 1723 1462 esse,
1759 1407 1814 1453 ut

130 1476 213 1525 lex
245 1476 611 1540 antiquaretur,
648 1475 771 1524 dicit
805 1475 1122 1526 Plutarchus:
1160 1478 1377 1528 noluisse
1411 1480 1543 1529 enim
1576 1482 1812 1547 populum

130 1557 352 1605 cladibus
384 1556 672 1605 domesticis
705 1555 867 1605 fracto
904 1557 1207 1622 deorumque
1239 1559 1420 1608 invidia
1447 1575 1687 1625 oppresso
1724 1564 1812 1612 ad·-

127 1637 330 1685 versari.
410 1637 512 1685 Sed
556 1637 723 1697 idem,
772 1638 905 1702 quod
939 1637 1038 1695 illi,
1088 1638 1256 1686 multis
1292 1639 1516 1704 patribus
1564 1641 1812 1693 accidisse

130 1715 370 1764 credibile
403 1722 509 1775 est,
556 1722 851 1780 gratumque
885 1717 1110 1766 omnibus
1163 1716 1320 1767 fuisse
1351 1720 1662 1782 remedium,
1712 1738 1811 1786 quo

127 1811 360 1846 numerus
396 1796 572 1844 civium
609 1796 887 1860 pestilentia
906 1795 1190 1845 imminutus
1223 1804 1503 1862 augeretur.
1571 1801 1686 1850 Hoc
1717 1802 1810 1867 igi-

126 1882 211 1925 tur
239 1875 448 1924 Periclis
483 1876 743 1925 consilium
777 1877 951 1940 probat
984 1876 1268 1940 Euripides.
1334 1878 1430 1927 Est
1463 1880 1591 1928 enim
1614 1881 1809 1946 Hippo-

125 1956 260 2020 lytus
294 1971 475 2018 genere
509 1955 725 2020 spuriuS,
760 1962 920 2003 matre
953 1961 1095 2004 natus
1132 1956 1355 2017 barbara,
1392 1958 1481 2007 sed
1515 1959 1698 2011 virtute
1730 1961 1809 2012 vel

125 2035 349 2084 omnibus
385 2035 616 2099 legitimis
652 2035 1011 2100 praestantium
1046 2035 1111 2086 cf.
1137 2051 1180 2085 v.
1217 2038 1339 2086 308:

255 2113 461 2174 νόθον,
497 2116 812 2180 φρονοῦντα
845 2114 1050 2181 γνήσια.

122 2195 284 2244 Huius
318 2196 515 2259 generis
548 2212 646 2245 non
693 2195 866 2245 dubito
915 2197 1034 2261 quin
1077 2196 1220 2261 plura
1264 2196 1476 2247 inveniri
1522 2198 1715 2262 possint
1744 2201 1808 2250 ad

120 2292 219 2338 res,
253 2292 382 2341 quae
413 2282 520 2325 tum
554 2276 763 2325 maxime
790 2277 1105 2342 gerebantur,
1138 2277 1448 2342 pertinentia.
1517 2277 1619 2327 Sed
1652 2280 1808 2330 maius

122 2361 201 2406 est
233 2357 367 2420 quod
399 2360 744 2420 argumentum
787 2356 950 2418 ipsum
997 2371 1058 2403 ex
1091 2356 1240 2406 rebus
1276 2358 1644 2407 Atheniensium
1679 2362 1807 2424 peti-

122 2439 231 2485 tum
261 2439 357 2496 est,
391 2435 521 2499 quod
541 2433 744 2494 Thesei,
782 2435 866 2499 qui
898 2435 1145 2482 civitatem
1175 2435 1413 2496 condidit,
1443 2437 1618 2486 domus
1646 2438 1807 2504 inopi-

123 2522 236 2565 nata
271 2515 548 2564 calamitate
575 2514 890 2578 opprimitur,
926 2513 1059 2576 quod
1093 2529 1198 2574 rex,
1235 2514 1355 2563 dum
1374 2521 1637 2565 coronatus
1659 2522 1808 2581 atque

122 2595 288 2645 omnia
323 2594 488 2643 fausta
530 2609 735 2659 sperans
785 2609 847 2642 ex
881 2593 1080 2641 oraculo
1124 2593 1282 2654 redit,
1327 2594 1580 2643 daemonis
1627 2596 1807 2646 invidia

120 2680 327 2741 repente
362 2680 415 2724 et
446 2689 602 2724 uxore
627 2679 680 2722 et
713 2673 882 2722 adulto
916 2672 1022 2720 filio
1045 2672 1265 2733 orbatur,
1300 2673 1431 2737 quod
1466 2690 1636 2723 omnes
1662 2691 1806 2740 prae-

121 2754 435 2816 stantissimi,
471 2769 642 2804 omnes
677 2753 822 2817 culpa
854 2752 1091 2801 liberrimi
1116 2752 1411 2812 mulcantur‚
1447 2753 1581 2818 quod
1613 2770 1806 2806 summa

118 2835 467 2899 generositate,
501 2848 690 2883 summa
709 2831 1002 2882 fortitudine
1024 2838 1172 2896 atque
1198 2833 1470 2881 constantia
1501 2839 1555 2882 et
1578 2833 1806 2885 Phaedra

121 2921 174 2965 et
204 2915 506 2980 Hippolytus
542 2912 668 2962 mala
701 2912 959 2977 perferunt
992 2918 1043 2960 et
1075 2912 1304 2973 interire,
1352 2928 1498 2975 quam
1534 2913 1803 2978 quidquam

119 3000 265 3059 turpe
309 2993 649 3054 committere,
695 2992 899 3043 malunt.
969 2991 1135 3052 Idem,
1185 2992 1315 3056 quod
1351 2991 1582 3056 Theseo,
1631 2995 1801 3045 multis

119 3075 400 3124 Atticorum
441 3073 525 3122 illa
570 3077 872 3137 tempestate
915 3071 1158 3120 accidisse
1204 3086 1414 3120 necesse
1461 3077 1565 3121 est:
1625 3075 1802 3137 quibus

121 3154 248 3204 hanc
281 3154 498 3221 fabulam
533 3151 856 3200 consolationi
889 3166 1001 3200 esse
1026 3151 1222 3200 volebat
1247 3150 1528 3216 Euripides
1597 3151 1809 3204 Plurimi¹

124 3233 253 3283 enim
288 3237 340 3282 et
372 3236 631 3282 senserant
676 3236 727 3280 et
768 3230 1104 3297 cogitaverant
1151 3247 1238 3292 ea,
1289 3247 1414 3295 quae
1460 3232 1545 3280 illo
1582 3234 1802 3284 carmine

124 3313 464 3362 continentur:
498 3303 533 3377 ἦ
566 3306 701 3376 μέγα
733 3327 826 3376 μοι
858 3308 922 3360 τὰ
954 3309 1100 3361 θεῶν
1132 3307 1461 3377 μελεδήματα
1495 3313 1603 3362 κτλ.

252 3391 458 3442 Plenum
491 3391 672 3442 talibus
705 3391 1107 3441 meditationibus
1131 3390 1229 3440 fuit
1256 3391 1426 3441 drama
1442 3390 1801 3455 Bellerophon-

122 3476 224 3533 tes,
269 3472 401 3535 quod
447 3488 540 3521 una
589 3487 702 3522 cum
735 3472 1010 3537 Hippolyto
1057 3471 1108 3522 in
1139 3470 1390 3522 theatrum
1435 3471 1656 3522 delatum
1689 3486 1803 3521 esse

1450 3554 1513 3601 25
