2144 3854
847 256 971 336 ‘13

100 427 454 494 δραμάτων
486 427 710 479 ποιεῖν
741 422 1003 475 εἴωθεν.
1041 423 1137 473 ch
1161 425 1358 488 quidem
1384 428 1518 475 certe
1540 429 1762 490 aperte

99 510 337 561 nullam
384 506 729 573 Euripidis
776 504 1264 569 tragoediarum
1310 505 1486 555 iusto
1531 521 1761 570 prooe-

99 591 221 638 mio
267 590 571 638 caruisse
615 585 841 634 affirmat.
912 584 1145 633 Caussam
1179 583 1322 632 huius
1356 585 1506 633 moris
1539 587 1763 652 proponit

101 669 367 718 scholiasta
391 668 452 717 ad
476 667 667 716 initium
694 664 968 713 Troadum:
1004 661 1155 722 ὅλος
1189 660 1293 713 ἐπὶ
1323 667 1443 713 τοῦ
1475 664 1763 731 θεάτρου

101 747 133 799 ὁ
175 745 588 813 Εὐριπίδης·
635 743 802 808 πρὸς
851 744 880 795 ὃ
925 743 1203 810 ἀφορῶν
1248 735 1406 804 τοὺς
1440 744 1697 810 λόγους
1732 746 1763 797 ὁ

102 826 461 879 Ποσειδῶν
491 826 685 876 ποιεῖ
712 823 899 890 παρὼν
933 820 990 875 ἐν
1022 830 1087 892 τῇ
1120 821 1386 875 ὑποθέσει.
1453 826 1561 876 Non
1594 827 1762 892 legen-

97 911 254 970 tibus,
300 908 389 958 sed
433 907 771 972 spectantibus
820 907 1081 971 scripsisse
1125 907 1192 955 ait
1235 906 1549 973 Euripidem:
1597 907 1763 972 itaque

98 989 251 1039 semel
294 992 344 1036 et
388 987 651 1052 perspicue
699 992 749 1035 et
796 987 971 1052 plene,
1014 1001 1112 1035 non
1158 987 1317 1037 obiter
1362 992 1415 1036 et
1459 988 1668 1036 obscure
1713 992 1765 1035 et

97 1068 228 1118 aliud
261 1067 451 1133 agendo
489 1067 553 1115 de
586 1082 752 1116 rerum
786 1082 916 1115 nexu
949 1065 1130 1115 docere
1155 1066 1384 1117 voluisse.
1437 1066 1595 1128 Quam
1620 1082 1762 1115 caus·

96 1164 200 1198 sam
234 1163 381 1211 quum
415 1146 466 1194 in
501 1147 724 1195 omnibus
759 1145 937 1196 fabulis
973 1146 1326 1211 componendis
1362 1146 1568 1196 eandem
1607 1146 1764 1196 fuisse

95 1231 353 1294 appareat,
392 1227 644 1292 prooemia
677 1242 884 1275 necesse
917 1231 995 1275 est
1030 1226 1251 1275 omnibus
1285 1226 1560 1301 praemis*
1589 1226 1762 1276 fuisse.

94 1307 270 1373 Neque
314 1323 374 1356 ex
419 1308 630 1371 quinque
677 1311 728 1355 et
773 1306 1082 1371 septuaginta
1125 1305 1304 1354 fabulis
1319 1343 1335 1369 ,
1391 1321 1595 1370 quarum
1650 1322 1762 1372 pars

94 1392 287 1437 servata
335 1391 439 1448 est,
485 1392 706 1447 ceterae,
757 1385 885 1450 quali
931 1390 1177 1435 structura
1220 1385 1435 1447 fuerint,
1481 1386 1658 1451 partim
1701 1403 1764 1435 ex

94 1467 450 1516 narrationibus
465 1467 952 1532 mythographorum,
981 1465 1162 1531 partim
1192 1481 1254 1514 ex
1270 1466 1557 1531 fragmentis
1582 1482 1763 1532 cogno-

94 1547 169 1596 sci
210 1547 392 1612 possit,
442 1547 591 1596 ullam
631 1547 819 1606 inveni,
868 1561 1012 1609 quam
1053 1546 1308 1610 prooemio
1354 1546 1570 1595 caruisse
1615 1547 1764 1595 certis

96 1642 162 1676 ex
191 1627 382 1676 indiciis
416 1626 743 1675 demonstrari
765 1626 938 1689 possit.
998 1625 1098 1674 Aut
1123 1623 1272 1688 igitur
1291 1624 1582 1690 Euripidem
1611 1624 1765 1675 Rhesi

96 1710 348 1755 auctorem
381 1722 495 1754 esse
527 1704 828 1768 negandum,
869 1708 954 1753 aut
989 1705 1244 1769 prooemio
1277 1705 1405 1754 hanc
1439 1704 1654 1755 fabulam
1686 1706 1763 1756 in-

97 1789 332 1835 structam
368 1784 524 1832 fuisse
558 1784 926 1832 concedendum
960 1785 1068 1835 erit.

226 1863 327 1913 Sed
383 1878 623 1928 ponamus
668 1879 776 1911 eam
822 1865 927 1911 sine
972 1863 1229 1928 prooemio
1275 1865 1376 1912 sive
1418 1864 1480 1912 ab
1525 1864 1766 1930 Euripide
1859 1879 1861 1881 ’

96 1945 203 1994 sive
236 1944 295 1992 ab
330 1944 424 1992 alio
460 1947 604 2007 poeta
638 1942 872 2007 scriptam
907 1959 1048 1992 esse:
1082 1948 1310 2008 potestne
1340 1943 1488 1993 etiam
1513 1945 1620 1994 sine
1646 1961 1762 2011 pro-

94 2025 246 2089 logo?
279 2022 528 2088 Stupidius
557 2024 685 2071 enim
713 2023 835 2071 nihil
865 2023 960 2072 dici
983 2028 1165 2089 potest,
1202 2041 1346 2089 quam
1380 2025 1526 2087 quod,
1561 2041 1589 2073 a
1612 2026 1764 2075 choro

92 2104 349 2169 prologum
373 2102 467 2167 agi,
501 2104 713 2168 scriptor
746 2103 946 2168 quidam
979 2104 1254 2171 argumenti
1287 2103 1564 2154 affirmavit.
1634 2105 1763 2154 Con-

92 2183 176 2233 fer
207 2184 395 2232 initium
427 2182 688 2232 Persarum
723 2183 957 2248 Aeschyli
1002 2189 1052 2232 et
1095 2183 1409 2250 Supplicum,
1461 2190 1514 2235 et
1557 2185 1762 2246 videbis,

94 2263 214 2328 quid
246 2263 461 2321 intersit,
500 2268 666 2312 utrum
701 2263 852 2312 solam
886 2265 1126 2328 parodum
1161 2265 1358 2325 chorus,
1392 2282 1454 2315 an
1487 2266 1620 2315 idem
1645 2282 1761 2331 pro-

95 2342 261 2408 logum
294 2348 419 2408 agat.
490 2343 636 2406 Quod
669 2348 834 2393 autem
859 2344 1142 2409 Aeschylus
1174 2344 1325 2404 fecit,
1361 2345 1522 2409 idem,
1562 2347 1763 2396 mutatis

95 2422 193 2472 iam
225 2424 591 2488 imminutisque
625 2424 764 2473 chori
787 2424 1027 2489 partibuS‚
1061 2441 1089 2473 a
1111 2441 1375 2490 quoquam,
1410 2426 1492 2489 qui
1517 2426 1765 2491 posterior

96 2507 232 2552 esset
263 2518 359 2552 non
394 2503 552 2550 solum
586 2504 852 2568 Aeschylo,
887 2504 978 2552 sed
1011 2504 1160 2554 etiam
1195 2503 1444 2571 Sophocle
1476 2511 1624 2571 atque
1656 2507 1760 2556 Eu-

96 2579 283 2645 ripide,
315 2580 503 2630 factum
537 2597 649 2630 esse
682 2598 797 2631 num
833 2583 1073 2632 credibile
1107 2586 1222 2634 est?
1265 2585 1340 2634 An
1374 2585 1628 2650 glandibus
1668 2587 1761 2636 ho-

95 2660 255 2709 mines
287 2661 420 2709 vesci
452 2661 709 2723 maluisse,
742 2663 948 2712 inventis
974 2663 1266 2724 frumentis,
1299 2667 1567 2729 putamus?
1614 2667 1763 2716 Euri-

94 2739 261 2805 pidem
294 2755 441 2800 vero,
478 2741 561 2805 qui
594 2746 726 2791 totus
761 2746 867 2791 erat
897 2743 946 2791 in
978 2743 1174 2791 theatro
1210 2739 1355 2807 (ὅλος
1389 2740 1471 2793 ἐπὶ
1504 2746 1602 2794 τοῦ
1635 2743 1761 2794 θεά-

94 2821 276 2886 τρου),
325 2821 408 2885 qui
441 2821 779 2885 perspicuitati
813 2838 978 2871 rerum
1013 2823 1123 2887 plus
1157 2824 1303 2874 etiam
1337 2840 1480 2889 quam
1515 2825 1761 2875 concinni-

94 2900 187 2950 tati
218 2900 476 2962 tribuebat,
511 2901 595 2966 qui
626 2916 724 2951 non
752 2903 940 2952 minore
965 2903 1218 2968 diligentia
1246 2920 1372 2968 quae
1396 2909 1537 2955 extra
1563 2920 1761 2955 scenam

94 2979 176 3044 agi
205 2979 450 3045 fingebat,
484 2996 628 3044 quam
664 2997 788 3046 quae
822 2983 1087 3046 spectanda
1119 2984 1396 3048 exhibebat,
1427 2986 1761 3050 persequeba-

92 3062 193 3122 tur,
228 3060 311 3125 qui
334 3060 500 3109 doceri
521 3061 770 3113 theatrum
804 3066 856 3112 et
883 3061 946 3111 de
971 3062 1217 3128 prioribus
1242 3070 1294 3114 et
1318 3065 1381 3114 de
1405 3065 1760 3130 posterioribus

93 3140 243 3189 rebus
275 3140 396 3188 tanti
428 3139 657 3202 faciebat,
691 3148 762 3200 ut,
797 3141 1075 3208 ubicunque
1103 3160 1199 3193 non
1228 3151 1399 3210 posset
1422 3161 1513 3209 per
1536 3144 1761 3195 homines

94 3217 224 3280 fieri,
257 3219 377 3268 deos
408 3219 457 3267 in
492 3235 687 3269 scenam
720 3222 995 3284 advocaret,
1031 3223 1113 3288 qui
1139 3224 1253 3273 huic
1278 3225 1373 3289 ipsi
1397 3224 1593 3274 fabulae
1616 3226 1760 3274 huius

95 3298 171 3347 rei
204 3314 378 3348 caussa
410 3299 586 3349 Musae
616 3316 877 3364 personam
912 3303 1159 3364 adhibuit,
1208 3305 1290 3368 qui
1334 3303 1516 3359 nullam
1549 3319 1759 3368 unquam

96 3391 354 3440 personam
387 3379 436 3428 in
459 3394 654 3429 scenam
678 3382 925 3446 produxit,
960 3383 1076 3448 quin
1098 3384 1160 3434 de
1186 3383 1383 3433 nomine
1405 3383 1566 3447 deque
1587 3398 1760 3433 caussa

98 3453 334 3507 adventus
369 3464 672 3522 spectatores
705 3466 845 3511 antea
877 3467 1103 3514 accurate
1135 3464 1355 3526 doceret,
1389 3464 1448 3513 ab
1488 3464 1584 3513 hoc
1613 3463 1761 3527 igitur
