2176 3874
952 284 1079 344 519

163 439 331 486 autem
362 436 624 485 nautarum
657 432 880 483 ferorum
916 434 1115 482 turbam
1148 450 1179 482 a
1206 446 1417 498 corpore
1449 431 1656 499 virginis
1691 431 1869 481 castis-

165 518 320 566 simae
351 515 539 575 arceri3
584 514 738 564 mittit
772 514 1051 563 ministram
1098 515 1346 577 quandam
1392 513 1547 562 fidam
1593 513 1656 562 ad
1690 528 1867 578 aquam

164 596 405 646 marinam
433 595 824 661 apportandam3
858 594 1094 643 hortatur
1124 593 1360 659 captivas,
1383 599 1455 653 ut,
1482 593 1524 640 si
1550 593 1668 657 quid
1698 592 1868 642 mundi

163 693 227 727 ex
258 676 507 743 prioribus
554 676 740 726 divitiis
776 679 1026 724 servatum
1064 675 1158 731 sit,
1212 673 1275 721 ad
1318 672 1523 721 inferias
1559 674 1865 724 conferatur.

162 757 285 807 Inde
316 756 603 807 necessario
638 756 702 805 ad
734 754 1105 804 meditationem
1142 753 1301 813 redit,
1343 753 1662 816 fragilitatem
1697 770 1869 804 rerum

161 838 488 887 humanarum
523 843 780 902 reputans,
812 839 1061 899 negatque
1094 834 1330 884 fortunae
1368 850 1580 899 unquam
1612 835 1869 884 confiden-

161 917 280 966 dum
314 934 460 981 esse,
496 918 588 968 sed
622 917 743 967 satis
775 914 1097 978 habendum,
1148 915 1191 964 si
1225 915 1305 963 cui
1340 914 1391 963 in
1425 915 1556 964 diem
1592 914 1718 964 nihil
1750 913 1868 964 mali

160 999 418 1048 acciderit.
1916 988 1923 999 ⁹

293 1079 391 1128 His
423 1078 498 1128 sic
531 1077 744 1144 peractis
780 1075 981 1136 choruS‚
1016 1075 1078 1124 ad
1102 1075 1290 1125 fontem
1315 1075 1559 1125 malorum
1582 1091 1866 1139 recurrens,

162 1175 227 1209 ex
272 1158 468 1208 Paridis
515 1157 840 1221 Helenaeque
882 1157 1135 1206 dementia
1181 1162 1234 1206 et
1282 1156 1467 1206 Troiae
1512 1156 1767 1206 interitum
1813 1161 1868 1206 et

163 1240 373 1290 Graecis
423 1239 610 1286 luctum
660 1243 831 1287 natum
877 1254 991 1287 esse
1038 1237 1273 1287 ostendit.
1342 1237 1484 1287 Haec
1528 1242 1644 1286 sunt
1675 1237 1867 1286 decan-

161 1325 262 1369 tata
282 1319 366 1368 illa
385 1324 439 1368 et
473 1318 656 1382 ubique
690 1319 848 1367 obvia.
918 1319 982 1368 At
1011 1319 1143 1368 enim
1178 1319 1226 1367 in
1260 1318 1441 1367 talibus
1475 1334 1574 1367 non
1600 1316 1868 1367 studebant

159 1400 368 1450 novitati
402 1405 599 1448 veteres
634 1404 831 1464 poetae,
865 1416 1028 1464 neque
1062 1400 1259 1448 theatra
1280 1399 1458 1448 eadem
1495 1398 1685 1447 centies
1719 1413 1866 1462 repe-

158 1481 250 1529 tita
294 1480 562 1538 inculcari,
609 1480 879 1530 dummodo
926 1496 1044 1529 vera
1094 1488 1245 1544 atque
1291 1479 1431 1529 utilia
1466 1484 1663 1540 essent,
1712 1494 1866 1544 aegre

156 1559 402 1608 ferebant.
468 1559 715 1610 Debuisse
761 1567 930 1610 autem
981 1562 1188 1610 chorum
1235 1562 1287 1609 in
1333 1562 1429 1609 hac
1476 1559 1734 1626 tragoedia
1769 1574 1868 1608 non

158 1643 316 1689 totum
353 1654 410 1687 se
444 1640 508 1688 ad
542 1640 803 1690 Hecubam
839 1642 1119 1708 applicare,
1165 1643 1257 1692 sed
1304 1657 1619 1691 communem
1665 1655 1866 1704 quoque

158 1723 348 1768 sortem
383 1721 704 1784 spectandam
738 1738 1037 1788 proponere,
1071 1723 1203 1772 infra
1236 1723 1546 1772 docebimus,
1872 1772 1874 1774 ,

292 1798 419 1848 Fida
452 1800 668 1863 famula,
713 1804 774 1852 ad
812 1820 951 1852 mare
986 1805 1166 1865 missa,
1203 1805 1337 1852 unde
1371 1818 1552 1867 aquam
1586 1800 1867 1849 abluendae

157 1878 444 1944 Polyxenae
480 1881 709 1942 afferret,
744 1883 796 1929 in
830 1884 999 1933 littore
1035 1885 1251 1934 eiectum
1290 1899 1473 1949 corpus
1510 1881 1748 1946 Polydori
1781 1897 1864 1929 re-

160 1961 297 2025 perit
330 1960 655 2026 agnitumque
689 1961 860 2010 statim
896 1966 960 2011 ad
995 1970 1206 2010 matrem
1242 1963 1640 2011 infelicissimam
1673 1961 1866 2021 retulit,

162 2055 291 2104 quae
325 2039 608 2105 Polyxenae
651 2056 834 2106 corpus
879 2042 1051 2090 afferri
1096 2047 1276 2106 putans
1324 2043 1548 2091 detracta
1593 2046 1736 2090 veste
1780 2057 1864 2090 re-

158 2126 310 2185 pente
343 2120 501 2169 filium
541 2122 817 2171 crudeliter
841 2123 1075 2171 laniatum
1103 2124 1451 2185 abiectumque
1478 2121 1752 2188 cognoscit.
1787 2120 1866 2170 Ab

156 2201 359 2266 hospite
392 2201 613 2251 Thracio
649 2203 745 2251 hoc
779 2209 882 2252 tam
916 2203 1183 2252 scelestum
1206 2242 1221 2264 .,
1255 2202 1551 2260 inauditum,
1587 2202 1751 2250 dirum
1785 2199 1866 2248 fa-

156 2282 298 2330 cinus
333 2283 452 2345 quin
485 2287 738 2347 patratum
774 2284 871 2343 sit,
920 2284 1226 2332 somniorum
1261 2284 1365 2331 visa
1401 2282 1631 2331 dubitare
1665 2298 1764 2330 nou
1800 2280 1866 2330 si-

157 2367 305 2419 nunt,
343 2377 534 2424 neque,
571 2378 699 2425 quae
734 2368 843 2411 erat
875 2363 1073 2410 illorum
1107 2363 1365 2411 hominum
1401 2363 1600 2427 opinio,
1635 2362 1734 2410 alio
1769 2362 1868 2410 fir·-

158 2446 408 2490 mamento
444 2456 570 2506 opus
606 2446 729 2490 erat.
798 2441 968 2490 Potuit
999 2443 1267 2506 Euripides
1314 2444 1539 2491 nuntium
1588 2459 1618 2491 e
1651 2441 1867 2489 Thracia

157 2522 442 2571 venientem
466 2521 734 2582 adhibere,
759 2522 849 2571 sed
877 2523 1136 2572 efficacius
1154 2523 1218 2571 ad
1243 2523 1616 2571 miserationem
1641 2522 1865 2585 indigna-

156 2603 447 2665 tionemque
480 2603 776 2651 movendam
819 2609 940 2652 erat·
964 2604 1221 2652 cadaveris
1260 2603 1418 2668 ipsius
1455 2602 1864 2667 repraesentatio.

157 2682 261 2732 Sed
309 2683 456 2748 plane
505 2682 744 2747 singulari
792 2690 901 2732 arte
935 2683 1204 2749 Euripides
1253 2700 1336 2733 res
1388 2683 1777 2749 spatiosissimas
1813 2686 1867 2731 et

160 2762 595 2828 longinquissimas
628 2763 689 2811 ad
719 2765 1118 2813 communionem
1138 2764 1378 2826 locorum,
1401 2770 1681 2829 temporum
1708 2763 1864 2811 actio-

156 2859 376 2907 numque
410 2843 482 2891 sic
518 2843 616 2891 scit
659 2860 913 2906 revocare,
951 2851 1008 2894 ut
1047 2851 1097 2893 et
1131 2846 1210 2893 ad·
1235 2844 1634 2908 cognoscendum
1675 2859 1861 2910 oppor-

156 2924 454 2974 tunissimae
498 2924 599 2973 sint
646 2929 699 2972 et
735 2926 798 2973 ad
842 2927 1141 2975 movendum
1187 2926 1494 2991 aptissimae.
1566 2925 1658 2973 Cui
1711 2939 1862 2989 quum

155 3005 377 3070 migrare
411 3003 596 3053 theatri
640 3004 778 3067 leges
824 3022 943 3055 sane
990 3011 1221 3071 angustas
1264 3012 1350 3055 aut
1382 3006 1628 3055 recedere
1661 3022 1690 3053 a
1725 3019 1865 3053 more

158 3089 367 3149 recepto
413 3100 512 3134 uon
557 3086 735 3134 liceret
783 3087 1029 3151 simulque
1081 3088 1208 3135 intra
1243 3088 1352 3135 illos
1390 3088 1516 3135 fines
1551 3084 1861 3149 tragoediam

160 3166 439 3214 consistere
474 3182 569 3215 non
606 3183 776 3232 posse,
815 3167 904 3216 sed
939 3168 1189 3217 actionum
1229 3169 1370 3233 copia
1406 3172 1458 3215 et
1492 3167 1735 3215 varietate
1771 3181 1864 3213 au-

158 3246 368 3310 gendam
405 3263 519 3296 esse
566 3264 861 3313 persuasum
913 3254 1076 3309 esset,
1123 3249 1222 3297 hoc
1266 3253 1406 3297 certe
1451 3248 1631 3312 ingenii
1679 3246 1864 3294 virtute

162 3325 408 3391 perfecit,
444 3332 501 3377 ut
535 3345 632 3377 non
666 3346 811 3377 unam
848 3344 1050 3394 semper
1083 3330 1327 3378 actionem
1364 3329 1441 3377 vel
1476 3325 1862 3390 catastropham,

161 3405 252 3455 sed
289 3405 413 3456 duas
449 3413 535 3457 aut
567 3409 754 3473 plures,
790 3425 998 3473 quarum
1032 3408 1129 3458 alia
1162 3425 1225 3458 ex
1259 3409 1354 3458 alia
1387 3411 1710 3466 nasceretur,
1747 3405 1862 3453 dra·

159 3487 376 3538 matibus
417 3489 754 3543 concluderet.
824 3490 875 3541 ln
911 3490 1093 3555 quibus
1126 3490 1257 3554 quod
1291 3489 1624 3541 recentiorum
1661 3485 1860 3550 quidam
