2176 3874
998 318 1121 378 531

215 471 486 540 plaisantes
534 485 656 536 gens
705 484 825 519 avec
870 482 959 518 vos
1005 468 1203 532 regleS,
1254 466 1375 517 dont
1426 482 1548 517 vous
1594 470 1911 519 embarassez

216 553 292 603 les
323 551 559 617 ignorans
595 555 646 599 et
680 565 804 599 nous
840 547 1149 598 etourdissez
1179 552 1293 597 tous
1329 548 1402 598 les
1430 549 1596 615 jours.
1641 548 1682 596 Il
1704 550 1912 612 semble,

216 634 248 682 a
278 647 400 681 vous
436 633 546 680 ou'ir
581 631 762 696 parler,
795 646 894 694 que
930 643 1013 677 ces
1049 628 1212 692 regles
1249 628 1312 677 de
1347 629 1460 678 l’art
1496 631 1658 680 soient
1690 631 1765 680 les
1799 633 1912 696 plus

215 713 429 778 grandes
455 711 706 776 myster-es
741 711 809 760 du
843 709 1040 769 monde,
1076 713 1130 757 et
1164 709 1444 773 cependant
1477 725 1535 758 ce
1569 725 1634 759 ne
1668 716 1779 760 sont
1812 729 1912 777 que

215 792 460 858 quelques
495 792 834 841 observations
869 789 1055 849 aiseeS,
1089 804 1185 852 que
1220 789 1267 837 le
1300 790 1398 839 bon
1433 805 1547 838 sens
1583 807 1611 838 a
1646 791 1792 840 faites
1826 808 1914 842 sur

215 889 276 923 ce
310 873 394 937 qui
427 877 546 938 peut
579 874 691 920 oter
724 870 774 919 le
805 869 978 935 plaisir
1012 883 1108 932 que
1141 869 1243 917 l’on
1276 871 1434 934 prend
1470 871 1498 918 a
1532 886 1618 920 ces
1653 877 1814 921 sortes
1848 873 1913 923 de

216 955 451 1020 poemes,
501 958 552 1001 et
598 952 646 1000 le
693 951 856 1000 meme
902 949 1000 997 bon
1047 965 1192 1010 sens,
1246 949 1330 1012 qui
1365 966 1391 997 a
1427 950 1519 998 fait
1553 951 1790 1003 autrefois
1827 969 1912 1003 ces

215 1033 585 1092 observatiam,
628 1031 703 1079 les
739 1029 836 1078 fait
870 1029 972 1078 fort
1007 1030 1250 1079 aisement
1283 1036 1396 1078 tous
1431 1030 1505 1079 les
1535 1032 1679 1096 jours
1715 1049 1829 1082 sans
1866 1033 1914 1083 la

218 1128 424 1163 secours
485 1112 738 1161 d'Horace
795 1115 845 1159 et
892 1109 1187 1159 d’Aristote.
1268 1109 1299 1158 J
1312 1126 1341 1159 e
1395 1112 1708 1160 voudrois
1761 1114 1914 1164 bien

219 1193 468 1253 savoir,
516 1193 572 1241 si
606 1191 660 1239 la
695 1191 936 1255 grande
971 1190 1155 1255 regle
1190 1190 1262 1239 de
1296 1196 1515 1240 tontes
1552 1192 1647 1241 les
1683 1194 1910 1259 regles

219 1273 388 1322 n'est
420 1287 533 1337 pas
568 1272 644 1320 de
679 1272 920 1336 plaire,
957 1276 1019 1320 et
1054 1271 1106 1319 si
1143 1287 1259 1320 une
1294 1271 1485 1336 piece
1520 1272 1595 1321 de
1629 1273 1912 1336 theatre,

217 1345 322 1418 qui
370 1369 401 1401 a
447 1353 708 1417 attrape
756 1368 866 1402 son
925 1353 1062 1414 but,
1122 1358 1225 1402 n’a
1276 1352 1452 1401 suivi
1509 1368 1620 1419 pas
1667 1369 1744 1403 un
1792 1355 1912 1404 bon

213 1429 531 1482 chemin.''

369 1511 544 1575 Pergit
595 1517 761 1561 autem
812 1513 1129 1562 Hermannus
1185 1512 1285 1561 sic:
1360 1512 1507 1575 „Qui
1558 1514 1607 1562 in
1662 1513 1911 1563 theatrum

216 1591 499 1657 tragoedias
534 1598 810 1658 spectatum
841 1593 1076 1654 veniunt,
1125 1609 1224 1642 non
1273 1593 1559 1656 maleficos,
1611 1594 1700 1642 sed
1748 1593 1913 1642 infeli-

217 1689 332 1735 ces,
385 1688 485 1722 non
534 1673 738 1722 crimina
786 1678 836 1722 et
895 1673 1110 1735 scelera,
1184 1674 1275 1722 sed
1328 1675 1524 1738 culpam
1572 1679 1625 1722 et
1671 1690 1912 1736 errorem,

215 1767 314 1802 non
362 1752 605 1818 supplicia
652 1753 896 1815 sontium,
934 1753 1024 1802 sed
1074 1754 1202 1802 mala
1245 1755 1535 1815 insontium,
1586 1770 1682 1803 non
1719 1755 1913 1819 cupitas

219 1848 407 1898 poenas
450 1834 907 1897 immiserabilium,
953 1835 1043 1883 sed
1079 1841 1266 1883 metuta
1301 1835 1574 1884 infortunia
1606 1835 1915 1884 miserando-

213 1929 326 1962 rum
369 1915 538 1963 videre
580 1915 776 1976 volunt,
829 1931 989 1978 eoque
1024 1915 1309 1979 spectaculo
1343 1916 1531 1963 animos
1568 1931 1682 1963 suos
1718 1915 1779 1963 ad
1814 1915 1915 1964 vir-

215 1998 375 2043 tutem
432 1993 604 2043 extolli
655 2009 714 2041 ac
749 1993 1024 2043 roborari.'’
1094 1995 1226 2056 Quid
1277 1995 1467 2060 igitur‘?
1512 1995 1561 2043 in
1596 1995 1913 2061 Choephoris

215 2074 454 2139 Aeschyli
489 2079 541 2122 et
574 2073 626 2122 in
661 2073 865 2122 Electra
897 2072 1163 2138 Sophoclis
1197 2091 1295 2123 non
1317 2075 1549 2133 malefici,
1584 2077 1915 2138 non'scelera,

214 2169 315 2203 non
361 2153 606 2220 supplicia
654 2154 871 2202 sontium
920 2156 1397 2219 repraesentantur?
1471 2155 1648 2219 Neque
1681 2157 1916 2220 primaria

215 2249 430 2298 persona
464 2239 545 2282 est
577 2233 922 2297 Polymestor,
968 2236 1130 2298 neque
1176 2251 1275 2284 non
1323 2235 1474 2284 etiam
1521 2235 1792 2285 vindicatio
1829 2251 1916 2285 eo-

215 2327 356 2372 rum,
404 2312 492 2376 qui
538 2313 715 2360 iniuria
764 2314 1016 2373 laborant,
1052 2318 1104 2362 et
1138 2316 1330 2377 punitIo
1367 2315 1722 2364 sceleratorum
1760 2321 1810 2365 et
1843 2317 1916 2364 vi-

218 2391 374 2440 ctoria
421 2391 690 2454 proborum
727 2398 777 2440 et
811 2392 970 2440 laetus
1005 2409 1173 2442 rerum
1211 2396 1370 2443 exitus
1406 2397 1455 2444 in
1489 2396 1798 2459 tragoediam
1833 2411 1916 2445 ca-

219 2472 372 2532 dunt,
419 2471 514 2520 nisi
559 2471 696 2520 forte
741 2487 913 2520 verum
966 2477 1072 2532 est,
1130 2474 1262 2537 quod
1311 2474 1609 2538 quibusdam
1644 2476 1916 2539 discipulo-

221 2567 335 2601 rum
371 2567 572 2600 suorum
608 2551 744 2599 illum
778 2551 1094 2616 persuasisse
1126 2553 1301 2614 video,
1339 2554 1518 2602 seriori
1553 2554 1753 2604 demum
1788 2559 1917 2604 tem-

215 2647 371 2698 pore,
406 2631 791 2682 Atheniensibus
826 2632 1021 2682 scilicet
1055 2635 1286 2683 omnibus
1320 2633 1514 2698 pridem
1549 2639 1688 2683 recta
1721 2635 1916 2684 ratione

218 2716 274 2761 et
305 2712 504 2761 sincero
536 2711 722 2760 iudicio
758 2712 1037 2771 destitutis,
1090 2714 1405 2779 tragoedias,
1457 2730 1780 2779 quaecunque
1814 2715 1916 2765 lae-

218 2796 325 2842 tum
361 2807 527 2840 rerum
563 2792 755 2840 exitum
790 2791 1003 2852 habent,
1040 2796 1339 2859 compositas
1376 2810 1506 2843 esse.

351 2871 464 2920 Non
498 2873 722 2935 potuisse
754 2872 962 2921 alteram
1009 2874 1297 2939 tragoediae
1342 2881 1565 2940 partem,
1605 2890 1730 2939 quae
1764 2874 1916 2938 Poly-

218 2953 454 3002 mestoris
487 2951 641 3000 habet
675 2952 998 3017 supplicium,
1048 2954 1232 3002 omissa
1266 2954 1461 3019 priore,
1498 2971 1625 3019 quae
1666 2955 1718 3003 in
1764 2954 1914 3019 Poly-

218 3048 380 3082 xenae
412 3031 753 3080 immolatione
798 3038 1054 3094 versatur,
1099 3034 1360 3084 commode
1395 3034 1620 3084 exhiberi
1652 3034 1801 3083 facile
1836 3039 1916 3084 est

218 3113 493 3162 intellectu.
562 3111 686 3160 Nam
724 3113 831 3175 quis
865 3112 1126 3163 Hecubam
1159 3114 1318 3164 ferret
1352 3115 1490 3164 hosti
1525 3116 1697 3164 oculos
1734 3130 1915 3163 eruen-

220 3198 351 3254 tem,
399 3193 494 3242 nisi
537 3196 683 3242 antea
717 3193 859 3241 malis
894 3192 1216 3256 afflictatam,
1266 3195 1520 3245 doloribus
1556 3197 1915 3255 exacerbatam,

221 3272 442 3322 hostium
477 3275 848 3336 amicorumque
882 3273 1070 3323 iniuriis
1105 3275 1392 3324 lacessitam
1428 3292 1528 3325 non
1561 3275 1714 3324 fando
1747 3274 1915 3323 audis-

221 3357 318 3414 set,
354 3353 444 3403 sed
477 3370 643 3403 coram
680 3354 836 3403 oculis
872 3357 1187 3418 spectasset?
1221 3356 1384 3422 Negat
1418 3356 1732 3405 Hermannus
1767 3353 1917 3418 quid-

220 3447 368 3496 quam
401 3448 665 3484 commune
696 3434 885 3483 habere
919 3433 1053 3484 filiae
1085 3435 1473 3486 immolationem
1509 3451 1600 3501 per
1630 3435 1805 3484 hostes
1842 3432 1915 3481 fa-

222 3515 351 3562 ctam
417 3518 468 3563 et
523 3515 615 3564 filii
678 3515 887 3565 caedem
952 3530 1046 3579 per
1097 3514 1349 3580 hospitem
1402 3520 1659 3582 patratam.
1745 3511 1914 3579 „Quid

1476 3594 1583 3644 34*
