2176 3874
1199 285 1322 345 54⁰

427 435 687 502 Licymnia
730 433 1007 499 Apollinem
1054 433 1394 502 Liberumque
1426 451 1580 486 unum
1613 435 1926 502 eundemque
1957 437 2105 490 deum

428 534 542 566 esse
576 515 858 579 significans
895 515 1096 563 scribit:

561 593 787 646 δέσποτα
806 593 1106 659 φιλόδαφνε
1135 595 1334 662 Βάκχε,
1370 594 1552 647 Παιὰν
1571 589 1840 649 ’Ἄπολλον
1869 596 2106 662 εὔλυρε.”

557 676 698 725 Haec
734 677 840 726 sine
874 676 1027 724 dubio
1060 693 1122 725 ex
1156 677 1298 726 chori
1332 679 1580 739 carmine,
1628 678 1761 742 quod
1804 684 1921 744 post
1953 680 2109 729 nuntii

428 758 758 806 narrationem
794 762 845 804 et
877 756 1088 806 lamenta
1123 757 1391 806 Alcmenae
1423 757 1768 822 interpositum
1805 759 1915 820 fuit,
1946 759 2107 824 petita

427 842 559 886 sunt.
627 837 819 886 Eodem
853 836 1020 885 refero
1068 837 1308 901 Hesychii
1351 838 1558 886 lemma:
1592 837 1938 901 θριάζειν,
1975 841 2109 904 φυλ-

427 920 684 983 λολογεῖν,
721 913 1037 979 ἐνθουσιᾶν,
1074 912 1465 979 ἐνθουσιάζειν,
1500 916 1799 986 Εὐριπίδης
1816 918 2108 986 Λικυμνίῳ.

427 1001 506 1051 Ad
543 999 956 1059 consolationem,
1003 1015 1098 1061 qua
1145 999 1326 1047 chorus
1374 999 1597 1048 dolorem
1631 1001 1851 1050 mulieris
1885 1001 2111 1066 mitigare

428 1081 642 1139 studuit,
677 1080 863 1128 haecce
896 1078 1172 1142 pertinent:

571 1151 680 1210 ἀλλ’
714 1152 772 1209 εὖ
808 1154 990 1222 φέρειν
1024 1152 1123 1221 χρὴ
1158 1156 1441 1222 συμφορὰς
1473 1158 1569 1210 τὸν
1602 1159 1809 1229 εὐγενῆ.

427 1242 611 1293 Merito
646 1245 809 1288 autem
844 1239 1157 1302 affligebatur
1191 1239 1453 1300 Alcmena,
1499 1241 1659 1291 fratre
1711 1243 1902 1307 privata
1948 1245 2003 1291 et
2047 1241 2110 1290 ab

427 1320 657 1371 Herculis
705 1320 861 1385 ipsius
907 1319 1076 1367 liberis
1123 1319 1345 1383 prodita,
1394 1325 1449 1368 ut
1481 1322 1752 1371 mirandum
1786 1338 1883 1371 non
1918 1322 2011 1382 sit,
2064 1321 2109 1370 si

428 1400 774 1467 desperatione
809 1400 870 1448 ad
904 1399 1090 1447 atrocia
1125 1399 1335 1447 dicenda
1370 1401 1623 1464 compulsa
1659 1408 1766 1451 este
1801 1402 1985 1451 etenim

556 1479 617 1531 τὸ
649 1483 743 1547 τῆς
776 1477 1010 1544 ἀνάγκης
1043 1477 1109 1528 οὐ
1142 1476 1340 1544 λέγειν,
1377 1477 1509 1530 ὅσον
1545 1480 1723 1546 ζυγόν.

428 1563 727 1612 Exsecranti
771 1560 1122 1626 Tlepolemum
1179 1562 1363 1610 chorus
1423 1562 1753 1627 adstipulatus
1811 1575 1925 1610 esse
1971 1561 2111 1612 vide-

429 1650 539 1694 tur:

556 1722 773 1787 θάρσει·
806 1713 913 1787 τάχ’
949 1719 1016 1771 ἂν
1049 1718 1284 1786 γένοιτο·
1321 1720 1491 1772 πολλά
1523 1739 1608 1773 τοι
1639 1722 1767 1782 θεὸς
1823 1753 1826 1757 -

558 1803 661 1856 κάκ
694 1803 802 1853 τῶν
837 1799 1077 1853 ἀέλπτων
1109 1804 1292 1866 εὔπορ’
1329 1801 1639 1868 ἀνθρώποις
1670 1804 1807 1854 τελεῖ
1818 1800 1890 1867 *).

561 1886 812 1935 Reversus
847 1885 1171 1950 Tlepolemus
1207 1890 1471 1934 accusatus
1507 1891 1584 1934 est
1619 1900 1942 1948 caussamque
1975 1884 2113 1934 dixit.

426 1969 701 2018 Accusator
748 1966 906 2014 fuisse
952 1966 1087 2014 idem
1128 1965 1345 2014 famulus
1394 1965 1475 2014 vel
1525 1966 1726 2015 satelles
1773 1962 2116 2030 (θεραπεύων

427 2051 489 2098 ab
537 2047 842 2112 Apollodoro
886 2045 1073 2108 dictus)
1134 2046 1355 2104 videtur,
1409 2060 1554 2107 quem
1611 2051 1877 2110 percutere
1927 2046 2116 2110 Tlepo-

428 2129 587 2177 lemus
635 2126 806 2174 volens
855 2141 967 2173 cum
1019 2124 1280 2188 Licymnio
1341 2130 1728 2188 permutaverat.
1809 2125 1933 2174 Eius
1984 2125 2115 2173 enim

428 2209 577 2256 verba
612 2206 738 2254 haec
772 2209 909 2253 sunt:

561 2282 643 2335 ἀεὶ
676 2278 724 2334 δ’
756 2281 995 2349 ἀρέσκειν
1027 2283 1140 2342 τοῖς
1172 2286 1452 2346 κρατοῦσν
1487 2286 1658 2333 ταῦτα
1689 2280 1794 2348 γὰρ

559 2363 774 2424 δούλοις
807 2366 1026 2427 ἄριστα,
1059 2358 1183 2426 κάφ’
1221 2361 1325 2430 ὅτῳ
1359 2362 1675 2429 τεταγμένος

555 2446 634 2512 εἴη
667 2462 774 2508 τις,
809 2443 1114 2496 ἄνδάνοντα
1147 2443 1426 2505 δεσπόταις
1459 2447 1646 2496 ποιεῖν.

429 2526 713 2586 Orationis,
762 2543 857 2591 qua
902 2525 1225 2591 Tlepolemus
1271 2543 1392 2575 usus
1439 2533 1549 2588 est,
1600 2523 1858 2575 exordium
1893 2525 2118 2572 servatur

430 2607 558 2656 hoc:

562 2687 593 2740 ὁ
627 2687 827 2754 φόβος,
864 2685 996 2737 ὅταν
1027 2702 1105 2745 τις
1140 2684 1383 2751 σώματος
1416 2683 1576 2751 μέλλῃ
1610 2682 1731 2749 πέρι

559 2767 761 2834 λέγειν,
795 2764 1059 2827 καταστὰς
1093 2765 1165 2827 εἰς
1199 2760 1356 2832 αγῶν’
1392 2763 1654 2827 ἐναντίον,

562 2850 623 2902 τό
657 2866 711 2900 τε
750 2841 891 2915 στόμ’
929 2848 1001 2908 εἰς
1035 2845 1280 2913 ε’κπληξιν
1313 2846 1621 2912 ἀνθρώπων
1654 2847 1771 2909 ἄγει
1856 2867 1870 2883 ν

562 2932 657 2982 τὸν
688 2933 829 2981 νοῦν
860 2922 898 2980 τ’
936 2928 1173 2994 ἀπείργει
1206 2927 1279 2995 μὴ
1312 2927 1484 2995 λέγειν
1517 2929 1551 2979 ἃ
1585 2926 1846 2991 βούλεται.

561 3013 635 3063 τῶ
669 3009 767 3076 μὲν
800 3009 903 3076 γὰρ
939 3006 1018 3060 ε’νι
1051 3008 1329 3072 κίνδυνος,
1367 3009 1397 3061 ὁ
1432 3009 1481 3061 δ’
1515 3008 1698 3066 danos·
1730 3003 1886 3071 μένει.

565 3092 711 3157 ὅμως
745 3090 793 3141 δ’
830 3090 1013 3156 α’γῶνα
1046 3090 1201 3141 τόνδε
1235 3090 1318 3141 δεῖ
1347 3084 1394 3154 μ’
1430 3088 1813 3154 ὑπερδραμεῖν·

560 3172 740 3239 ψυχὴν
773 3170 875 3237 γὰρ
911 3165 1054 3222 ἆθλα
1086 3169 1370 3236 τιθεμένην
1405 3168 1536 3237 ἐμὴν
1569 3168 1695 3232 ὁρῶ.

489 3357 539 3412 ²¹⁶)
567 3356 712 3411 Vulgo
747 3352 893 3399 πολλὰ
935 3358 1034 3407 τοῖς
1074 3356 1205 3405 θεοῖς
1221 3377 1277 3387 -
1300 3350 1438 3396 πέλει.
1495 3347 1714 3392 Lobeckii
1763 3343 2117 3390 emendationem

575 3423 751 3469 admisi.
