2144 3854
935 289 1059 345 227

151 437 302 488 etiam
336 437 399 486 ad
432 435 622 486 inferos
656 435 1014 486 descensurum
1049 449 1164 484 esse
1196 434 1467 500 praedicit,
1503 451 1667 502 neque
1694 435 1836 501 quie·

149 524 336 579 turum,
370 517 557 576 donec,
590 516 724 565 lucta
758 516 987 581 superior
1018 515 1183 564 factus
1204 552 1218 577 ‚
1254 532 1458 565 uxorem
1493 517 1654 567 amico
1686 519 1838 568 redu-

150 599 298 648 xerit.
331 604 335 613 ¹
363 597 458 646 His
492 597 635 646 dictis
670 596 732 644 ad
766 596 1002 645 sumenda
1037 611 1173 644 arma
1207 596 1257 644 in
1294 596 1494 646 domum
1530 597 1695 661 redit,
1722 597 1839 648 inde

149 694 246 745 per
285 678 478 727 ianuam
529 676 828 742 hospitalem
861 675 924 724 ad
958 676 1203 725 tumulum
1238 691 1545 740 egressurus,
1615 677 1726 740 Quo
1759 680 1839 729 vix

147 758 410 824 digresso,
457 759 696 807 Admetus
744 772 855 806 cum
909 757 1064 805 choro
1117 771 1179 804 ex
1216 754 1390 804 funere
1424 757 1488 805 ad
1523 757 1674 807 aedes
1707 758 1840 810 redit

148 842 204 887 et
235 838 393 887 multo
426 837 768 887 vehementius
816 852 962 900 quam
1008 838 1153 886 antea
1191 836 1334 884 ‘dolet
1367 835 1418 884 in
1453 836 1655 886 domum
1691 838 1839 888 deso·

148 919 294 968 latam
342 919 627 968 intraturus,
710 917 910 965 Beatam
955 918 1140 966 iudicat
1173 917 1489 976 defunctam,
1526 923 1576 965 et
1610 934 1722 967 cum
1755 919 1840 968 illa

148 1015 264 1048 esse
297 998 427 1064 apud
461 998 646 1047 inferos
681 997 845 1063 cupit3
880 1013 1028 1061 aegre
1066 997 1180 1059 fert,
1214 998 1347 1062 quod
1383 1013 1411 1046 a
1435 997 1605 1058 choro,
1641 1000 1840 1062 quomi-

148 1096 240 1128 nus
284 1080 334 1128 in
379 1078 571 1127 fossam
621 1078 839 1142 sepulcri
885 1093 941 1127 se
991 1079 1371 1144 praecipitaret,
1424 1077 1703 1144 prohibitus
1755 1080 1838 1131 sit.

145 1159 343 1208 Felices
378 1159 625 1207 existimat
659 1159 904 1218 coeliboe,
955 1160 1090 1222 quod
1136 1163 1300 1207 morte
1342 1159 1602 1224 coniugum
1653 1159 1839 1210 libero-

144 1238 386 1304 rumque,
436 1239 759 1288 acerbissimo
794 1240 1013 1288 omnium
1047 1239 1207 1299 malo,
1258 1255 1504 1303 nunquam
1539 1239 1838 1291 afficiantur.

144 1318 276 1369 Tum
308 1334 491 1384 pompa
524 1318 776 1381 funebris,
822 1336 919 1384 qua
953 1336 1078 1370 uxor
1112 1320 1242 1370 elata
1276 1326 1380 1381 est,
1433 1320 1719 1370 memoriam
1754 1337 1838 1370 re-

144 1404 288 1449 vocat
318 1415 532 1465 pompae
565 1401 831 1466 nuptialis,
876 1417 972 1465 qua
1026 1401 1270 1465 quondam
1305 1401 1355 1449 in
1389 1399 1590 1450 domum
1624 1400 1839 1451 deducta

144 1484 241 1542 est,
274 1495 421 1545 quam
457 1481 690 1529 laetitiam
728 1497 840 1531 cum
874 1481 972 1530 hoc
1006 1481 1143 1530 luctu
1177 1485 1230 1531 et
1261 1481 1482 1546 priorem
1518 1482 1838 1532 consuetudi-

145 1562 259 1610 nem
292 1577 406 1610 cum
441 1562 694 1626 praesenti
727 1562 995 1611 solitudine
1030 1566 1398 1626 comparantem
1429 1561 1599 1610 taedet
1619 1562 1836 1624 aedium,

147 1641 197 1689 in
242 1641 418 1706 quibus
467 1645 520 1689 et
562 1646 703 1689 torus
752 1646 803 1690 et
852 1642 1004 1691 sellae
1050 1648 1101 1691 et
1133 1642 1280 1691 liberi
1315 1647 1365 1690 et
1397 1642 1694 1691 famulorum
1728 1642 1838 1692 vul-

145 1727 228 1769 tus
273 1721 485 1770 amissae
531 1721 750 1784 coniugis
797 1722 1121 1781 admoneant,
1171 1738 1333 1785 neque
1365 1721 1488 1770 foris
1520 1723 1839 1786 acquiescere

147 1806 332 1865 potest,
367 1801 622 1850 connubiis
656 1801 833 1849 civium
871 1806 922 1848 et
955 1802 1274 1850 conventibus
1298 1802 1561 1850 mulierum
1589 1807 1642 1850 et
1668 1803 1838 1867 specie

147 1881 314 1930 uxoris
349 1881 591 1928 sodalium
626 1895 784 1943 usque
814 1880 1118 1928 desiderium
1140 1882 1350 1928 amissae
1379 1882 1693 1944 augentibus,
1728 1889 1836 1931 tum

144 1975 262 2008 vero
297 1960 444 2008 etiam
479 1960 786 2007 inimicorum
818 1959 1053 2007 invidiam
1089 1966 1143 2008 et
1165 1958 1417 2007 infamiam
1442 1966 1658 2021 veretur,
1685 1962 1835 2025 quod,

145 2039 342 2104 prodita
375 2055 545 2099 uxore,
581 2043 837 2103 superstes
872 2054 986 2088 esse
1019 2039 1242 2088 voluerit.
1311 2039 1451 2088 Haec
1476 2039 1688 2089 lamenta
1715 2041 1834 2090 cho-

58 2126 63 2132 '
145 2134 231 2169 rus
265 2120 565 2168 consolando
613 2119 926 2184 interpellat,
961 2119 1151 2180 dicens,
1186 2119 1310 2168 nihil
1357 2119 1643 2169 defunctam
1677 2121 1835 2170 iuvari

143 2199 484 2265 aegritudine,
534 2216 633 2249 non
678 2200 948 2249 Admetum
983 2199 1145 2248 solum
1179 2216 1342 2264 neque
1378 2200 1590 2264 primum
1625 2201 1835 2266 coniuge

143 2280 388 2346 privatum
425 2295 568 2341 esse,
618 2280 761 2328 malis
809 2281 1046 2329 mortales
1080 2295 1251 2329 omnes
1286 2280 1396 2328 aliis
1431 2280 1555 2329 alios
1590 2281 1833 2343 laborare,

144 2359 268 2409 nihil
297 2361 541 2410 accidisse
572 2361 696 2420 novi,
734 2364 786 2408 et
819 2366 1062 2425 perpetua
1099 2376 1244 2409 usum
1282 2359 1527 2409 felicitate
1564 2360 1834 2410 Admetum

145 2440 486 2505 impatientem
520 2455 633 2488 esse
667 2440 880 2500 doloris;
914 2446 1017 2489 tum
1055 2440 1335 2505 exemplum
1371 2446 1725 2490 commemorat
1753 2457 1834 2490 se-

145 2520 224 2568 nis
257 2520 548 2585 grandaevi,
599 2512 684 2583 qui
729 2520 820 2568 filii
864 2519 997 2568 unici
1033 2526 1241 2568 mortem
1279 2519 1394 2567 forti
1427 2520 1591 2569 animo
1626 2527 1679 2570 et
1713 2537 1833 2572 con-

145 2600 296 2648 stanti
330 2599 528 2658 tulerit;
561 2606 814 2663 postremo
848 2599 910 2648 ad
946 2601 1143 2648 carmen
1178 2599 1433 2648 sublimius
1469 2600 1715 2663 quoddam
1752 2618 1833 2650 ca-

142 2679 357 2728 nendum
391 2680 579 2740 transit,
615 2681 748 2744 quod
774 2695 928 2744 genus
955 2677 1247 2743 μετάβασιν
1273 2679 1511 2743 appellari
1533 2679 1747 2730 diximus
1758 2681 1831 2742 *),

143 2759 457 2808 necessitatis
491 2760 588 2808 vim
623 2760 909 2820 celebrnm,
954 2760 1085 2808 omni
1118 2759 1392 2819 medicina,
1444 2761 1575 2808 omui
1614 2761 1832 2810 incanta-

143 2840 278 2889 tione
309 2845 459 2904 atque
493 2840 641 2888 etiam
674 2839 810 2889 ferro
846 2840 1172 2905 superiorem,
1206 2855 1368 2902 neque
1410 2841 1638 2904 precibus
1672 2857 1833 2905 neque

144 2919 401 2978 sacrificiis
434 2919 729 2981 flexibilem,
776 2921 954 2970 summi
1001 2919 1124 2968 lovis
1160 2920 1361 2968 sociam.
1428 2919 1592 2969 Huius
1622 2921 1831 2971 vinculis

145 3005 427 3064 correptum
462 3001 724 3050 Admetum
759 3001 1031 3066 perdurare
1065 2999 1276 3050 debere:
1326 3015 1488 3063 neque
1522 3001 1652 3051 enim
1687 3002 1830 3051 lacri-

146 3080 239 3128 mis
272 3079 531 3130 det'unctos
564 3082 624 3130 ab
658 3080 831 3131 inferis
865 3071 1063 3142 reduci,
1110 3084 1164 3128 et
1212 3081 1434 3129 consumi
1482 3086 1647 3130 morte
1681 3082 1831 3132 etiam

146 3158 351 3209 deorum
383 3161 531 3213 filios,
600 3161 1027 3225 Quemadmodum
1060 3164 1229 3209 autem
1261 3159 1473 3225 heroaS,
1508 3162 1577 3211 ita
1606 3162 1832 3213 Alcestin

208 3337 258 3393 ⁹⁶)
287 3337 463 3383 schoht
506 3336 531 3384 ὁ
570 3338 766 3398 ποιητὴς
804 3339 887 3386 διὰ
927 3341 1012 3385 τοῦ
1049 3339 1297 3399 argos-&nov
1334 3341 1420 3386 τοῦ
1447 3342 1591 3399 χοροῦ
1618 3339 1831 3399 βούλεται

286 3409 457 3462 δεῖξαι,
500 3407 610 3456 ὅσον
638 3410 822 3468 μετέσχε
850 3412 933 3469 τῆς
960 3411 1266 3464 παιδεύσεως·
1305 3411 1419 3466 „noel
1445 3413 1553 3470 περὶ
1590 3410 1830 3470 μετεώρων

289 3475 581 3538 hminem?
609 3480 712 3528 οἷον
739 3479 1056 3541 η’στρολόγησα
1083 3484 1163 3529 καὶ
1191 3481 1339 3542 ὁρμὴν
1369 3481 1447 3527 ἐπὶ
1474 3479 1625 3539 τούτῳ
1654 3481 1800 3540 ἔσχον.

1387 3556 1450 3603 15
1469 3555 1494 3582 ³²²
