2176 3874
1093 295 1216 352 4⁰4

330 450 511 514 agitare
541 443 608 510 *).
674 443 793 493 {nde
825 445 1081 508 postquam
1114 441 1178 491 ad
1211 455 1377 489 sanam
1403 442 1618 488 mentem
1638 436 1805 499 rediit,
1839 437 1994 504 pudet
2023 475 2026 478 -

330 545 435 578 eam
479 527 721 575 dictorum
764 521 1079 586 obvolvitque
1109 526 1260 586 caput
1299 517 1734 584 prorumpentibus
1765 516 1994 567 lacrimis.

328 607 414 656 Sic
462 621 573 653 cum
616 603 796 651 sanitas
840 601 1037 650 dolores
1082 605 1245 660 creet,
1293 599 1473 648 malum
1516 601 1680 645 autem
1727 597 1790 644 nit
1837 595 1995 650 furor.

329 689 480 749 optat,
514 688 569 733 ut
585 682 710 731 mori
744 681 836 730 sibi
868 681 1125 729 insanienti
1156 680 1320 728 liceat.
1387 677 1517 726 Hinc
1550 677 1609 724 ad
1636 677 1880 726 nutricem
1902 691 1994 724 uos

329 768 697 821 convertamus,
744 761 883 810 cuius
934 776 1096 808 mores
1131 775 1228 808 non
1261 759 1419 806 minus
1454 772 1570 804 vere
1605 756 1828 820 expressi
1863 761 1992 805 sunt.

327 842 585 906 Proprium
611 845 691 890 est
717 855 907 900 eorum,
935 839 1018 901 qui
1044 838 1349 902 aegritudine
1373 837 1610 895 laborant,
1633 835 1696 884 de
1719 835 1996 884 conditione

328 927 380 970 et
412 920 610 986 propria-
641 924 693 967 et
725 918 972 968 communi
1005 917 1281 966 mortalium
1314 916 1556 964 meditari.
1624 915 1770 976 Quod
1802 915 1846 964 si
1878 914 1994 964 sub-

325 1001 516 1050 limiora
547 999 815 1062 quaedam,
865 1013 1010 1060 quam
1057 1012 1181 1057 quae
1221 997 1271 1043 in
1303 996 1780 1043 mulierisnaturam
1817 994 1997 1044 cadere

325 1079 596 1137 videantur,
629 1078 836 1142 cogitata
870 1076 983 1122 huie
1014 1075 1182 1122 tribuit
1202 1073 1484 1137 Euripides,
1518 1073 1639 1122 fecit
1661 1075 1769 1122 iure
1799 1079 1852 1122 et
1874 1089 1995 1122 con—

329 1157 586 1207 suetudine
617 1144 875 1220 poetarum
909 1153 1187 1216 neutiquam
1211 1152 1529 1216 vituperanda
1565 1154 1660 1215 ²¹²²¹²).
1727 1153 1993 1218 Egregium

329 1242 408 1287 est
441 1237 584 1285 etiam
619 1234 729 1294 hoc,
764 1231 894 1296 quod
922 1231 1109 1296 proprii
1146 1231 1389 1280 commodi
1409 1232 1624 1280 studium
1649 1233 1995 1282 commendari·
2019 1228 2025 1237 ’

327 1322 429 1365 tem
463 1314 587 1362 fecit
621 1328 758 1373 eam,
793 1311 934 1360 cuius
968 1325 1132 1358 mores
1168 1311 1228 1359 ab
1263 1326 1323 1358 eo
1357 1311 1516 1360 studio
1551 1316 1663 1360 sunt
1694 1312 1994 1373 alienissimi,

327 1399 383 1442 ut
426 1393 574 1441 factis
617 1391 751 1439 dicta
792 1392 901 1455 ipsa
944 1389 1225 1452 redarguat.
1293 1388 1595 1453 Saepissime
1637 1392 1766 1440 enim
1798 1391 1994 1455 probis-

327 1474 561 1522 simorum
595 1470 840 1518 hominum
874 1469 1172 1532 improbiora
1206 1473 1319 1517 sunt
1350 1468 1557 1528 iudicia,
1601 1474 1654 1519 et
1698 1476 1868 1520 contra
1899 1471 1992 1520 im-

326 1550 732 1617 probissimorum
767 1548 1077 1614 probissima.
1146 1547 1371 1597 Laudant
1417 1549 1545 1598 enim
1577 1550 1768 1614 utrique
1801 1550 1995 1600 diversa

327 1635 606 1695 sequenteS,
640 1628 907 1693 iidemque,
943 1628 985 1676 si
1018 1627 1125 1691 quis
1160 1633 1366 1692 repente
1398 1629 1522 1677 deus
1545 1629 1607 1677 iis
1627 1629 1847 1678 mutandi
1875 1646 1994 1695 per-

326 1724 472 1759 sonas
521 1708 808 1758 facultatem
856 1707 1031 1769 faciat,
1077 1707 1246 1759 nolint.
1312 1707 1486 1771 Itaque
1532 1708 1657 1757 haec
1705 1710 1885 1761 nutrix-..⁷>
1915 1709 1996 1773 (ut

329 1788 582 1838 Ciceronis
615 1794 725 1836 utar
757 1786 944 1849 verbis)
999 1788 1447 1837 commodissimum
1492 1803 1605 1837 esse
1652 1789 1800 1838 docet
1849 1805 1994 1854 quam

326 1868 601 1918 laxissimas
648 1867 862 1915 habenas
910 1867 1095 1916 habere
1143 1867 1414 1925 amicitiae,
1473 1883 1593 1931 quas
1638 1869 1715 1917 vel
1761 1870 1993 1930 adducas,

327 1964 439 1997 cum
456 1947 594 2007 velis,
625 1946 702 1994 vel
736 1947 974 1998 remittas.
1040 1945 1152 1995 Hoc
1183 1951 1501 2011 praeceptum
1523 1948 1565 1995 si
1586 1950 1670 2012 qui
1696 1954 1811 1998 sunt
1834 1950 1994 2013 philo-

325 2028 472 2092 sophi
505 2025 718 2090 amplexi
751 2030 898 2089 atque
916 2025 1119 2090 argutiis
1154 2025 1499 2085 defenderunt,
1534 2042 1651 2076 sane
1683 2027 1993 2093 vituperandi

329 2111 469 2166 sunt3
502 2110 553 2153 at
584 2110 730 2168 poeta
762 2105 905 2168 culpa
936 2110 1096 2162 vacat,
1132 2105 1215 2168 qui
1248 2105 1475 2155 tribuerit
1507 2106 1555 2154 ei
1576 2122 1834 2170 personae,
1867 2123 1993 2171 quae

326 2183 663 2233 vehementius
688 2184 845 2232 alieno
865 2183 990 2231 malo
1025 2200 1167 2247 quam
1203 2199 1292 2233 suo
1316 2183 1449 2232 dolet
1478 2190 1758 2250 tantamque
1777 2187 1991 2251 aegritu·-

299 2257 493 2312 'dinem
526 2277 586 2310 ex
618 2261 845 2311 dominae
880 2263 1157 2311 calamitate
1192 2263 1429 2327 suscipit,
1466 2271 1521 2314 ut
1553 2266 1702 2314 etiam
1735 2267 1799 2315 de
1830 2271 1991 2316 morte

328 2342 424 2390 sibi
455 2340 805 2389 consciscenda
838 2342 1033 2406 cogitet.
1098 2341 1273 2405 Neque
1300 2342 1396 2391 hoc
1422 2345 1692 2394 mirandum
1727 2351 1822 2407 est,
1857 2347 1993 2410 quod

328 2421 380 2470 in
411 2420 582 2468 eadem
616 2420 923 2468 dubitatione
956 2425 1102 2482 atque
1133 2421 1391 2472 Hamletus
1425 2424 1634 2472 haerens
1669 2425 1813 2473 simili
1843 2418 1994 2476 modo

328 2504 476 2562 atque
510 2498 593 2545 hic
627 2499 1019 2570 philosophatur.
1088 2499 1260 2549 Solent
1293 2502 1423 2550 enim
1458 2503 1604 2552 etiam
1629 2504 1875 2564 ineruditi,
1909 2506 1993 2555 ubi

327 2578 484 2641 aliqua
518 2577 662 2625 animi
697 2578 1067 2641 perturbatione
1100 2580 1226 2628 ultra
1268 2580 1514 2644 vulgarem
1552 2584 1992 2633 modum·incitan—

326 2662 436 2718 tur,
486 2657 669 2720 ingenii
712 2657 757 2704 vi
790 2657 1001 2720 inopiam
1047 2659 1296 2708 doctrinae
1342 2677 1662 2726 compensare
1707 2669 1760 2712 et
1789 2668 1992 2714 naturae

326 2735 535 2800 quodam
588 2736 775 2799 impetu
820 2736 1147 2787 conditionem
1201 2755 1338 2787 suam
1385 2741 1644 2791 excedere.
1723 2742 1862 2791 Haec
1906 2743 1990 2806 qui

324 2813 708 2880 reprehendunt,
742 2829 827 2863 eos
860 2815 1014 2863 miror
1037 2832 1130 2865 uon
1156 2834 1458 2868 communem
1485 2821 1697 2869 omnium
1731 2826 1989 2885 poetarum

325 2893 726 2942 consuetudinem
771 2894 1073 2957 vituperare,
1139 2914 1235 2962 qua
1278 2915 1415 2948 suam
1461 2899 1667 2962 quisque
1714 2899 1990 2951 disserendi

380 3089 429 3142 Χ)
457 3087 753 3132 scholiastes:
793 3091 1026 3139 Ἐνταῦθα
1063 3096 1112 3140 δὲ
1160 3098 1233 3141 δεῖ
1272 3095 1355 3142 τὸν
1405 3095 1764 3154 ’ὑποκρινόμενον
1803 3099 1986 3154 κινῆσαι

464 3155 628 3201 ἑαυτὸν
656 3161 730 3204 καὶ
762 3162 955 3219 σχήματι
984 3165 1063 3209 καὶ
1081 3167 1230 3224 φωνῇ,
1260 3167 1336 3211 καὶ
1363 3165 1412 3212 ἐν
1438 3169 1503 3227 τῷ
1533 3165 1650 3224 εἶμι
1676 3166 1820 3225 πρὸς
1843 3165 1987 3220 ὕλας

463 3225 721 3284 ἀναπηδᾶν,
752 3228 815 3282 ὥς
842 3229 961 3289 αὐτὴ
990 3236 1289 3293 πορευομένη.

354 3297 428 3352 Ἡζ)
455 3298 718 3342 Rectissime
735 3303 1018 3346 scholiastes:
1052 3303 1103 3349 τὸ
1135 3299 1254 3363 ἦθος
1282 3306 1580 3364 ἀπειρηκυίας
1609 3307 1692 3365 τῆς
1718 3308 1984 3365 θεραπείας,

461 3364 573 3418 ὤςτε
594 3370 727 3427 κοινῇ
740 3367 821 3415 τὸν
834 3373 936 3429 βίον
957 3376 1237 3432 βλασφημεῖν
1254 3373 1518 3435 προάγεται.
1560 3375 1646 3422 Διὸ
1663 3379 1740 3422 καὶ
1758 3377 1986 3436 γνωμικόν

459 3434 765 3494 ἕπειςᾶγεται,
793 3437 904 3501 ὅπερ
933 3444 1131 3502 σύνηθες
1154 3451 1250 3499 τοῖς
1276 3447 1576 3519 διζςτυχοτῒσιν
1606 3446 1684 3493 ἐπί
1708 3462 1841 3494 τισιν.
2012 3438 2018 3443 ’
