2144 3854
1133 245 1252 304 128

1119 473 1254 543 IV.
1931 496 2002 536 a*

355 604 478 673 De
539 598 1120 695 philosophia
1163 599 1632 694 Euripidis
1685 603 2020 675 morali.

482 863 592 915 Non
623 864 719 913 hoc
753 879 871 928 ago,
919 867 973 912 ut
1017 878 1331 928 quaecunque
1363 867 1625 928 praecepta
1658 864 1717 913 ad
1754 881 1916 916 mores
1950 868 2020 916 vi-

351 949 548 1008 tamque
579 945 871 1010 pertinentia
914 945 964 993 iu
1010 932 1184 993 fabulis
1232 943 1485 1008 Euripidis
1531 949 1820 1004 occurrunt,
1870 946 1947 1001 vel
1992 964 2022 997 a

350 1025 672 1090 scriptoribus
707 1025 889 1088 passim
916 1024 1186 1081 laudantur,
1220 1023 1270 1071 in
1296 1038 1442 1072 unum
1467 1031 1698 1086 congesta
1717 1041 2022 1085 recenseam,

349 1106 402 1154 id
445 1105 574 1168 quod
620 1104 743 1152 fecit
788 1103 1056 1169 Wideburg
1101 1104 1163 1152 de
1212 1103 1333 1168 phil.
1387 1104 1503 1151 Eur.
1552 1104 1723 1152 morali
1768 1105 2019 1155 disserens

351 1184 670 1248 (Helmstadii
703 1183 884 1249 1805),
933 1183 1021 1232 sed
1057 1188 1141 1244 ut,
1185 1183 1427 1246 quomodo
1472 1199 1587 1232 suos
1620 1185 1729 1250 ipse
1761 1201 1923 1233 mores
1957 1186 2022 1234 ad

346 1263 750 1330 philosophorum
774 1270 1036 1329 praecepta
1051 1263 1315 1328 Euripides
1330 1263 1720 1326 conformaverit,
1741 1264 2017 1315 ostendam.

476 1344 791 1406 Anaxagorae
825 1343 974 1408 igitur
1008 1343 1311 1408 disciplinam
1347 1359 1443 1392 non
1476 1343 1634 1392 minus
1669 1344 1718 1391 in
1738 1350 2019 1408 temperan-

348 1419 423 1472 dis
456 1423 671 1472 moribus
706 1425 898 1487 vitaque
929 1429 1031 1472 tota
1066 1423 1422 1481 constituenda,
1455 1439 1600 1486 quam
1630 1423 1678 1471 in
1712 1439 2020 1489 cognoscen-

345 1502 423 1550 dis
457 1518 621 1552 rerum
656 1503 841 1553 caussis
875 1502 1139 1566 Euripides
1174 1508 1372 1552 secutus
1407 1508 1512 1559 est,
1563 1504 1615 1551 id
1647 1503 1779 1565 quod
1811 1508 2020 1552 testatur

349 1581 522 1630 Cicero
557 1580 706 1631 Tusc.
742 1582 822 1640 ΙΙΙ,
859 1584 938 1643 14,
971 1585 1053 1634 29.
1087 1581 1230 1630 hisce
1262 1582 1449 1630 verbis:
1489 1581 1663 1642 „Haec
1695 1582 1843 1644 igitur
1874 1598 2020 1647 prae-

345 1661 599 1710 meditatio
632 1662 912 1712 futurorum
946 1662 1183 1710 malorum
1217 1661 1338 1710 lenit
1371 1677 1538 1710 eorum
1573 1662 1863 1719 adventum,
1897 1677 2022 1725 quae

344 1742 586 1790 venientia
632 1743 777 1808 longe
824 1748 937 1791 ante
982 1742 1179 1790 videris.
1257 1741 1424 1804 ltaque
1480 1741 1610 1806 apud
1656 1741 1944 1805 Euripidem
1991 1758 2019 1790 a

344 1819 543 1869 Theseo
577 1823 704 1870 dicta
736 1823 993 1871 laudantur
1026 1820 1169 1886 (licet
1201 1820 1359 1884 euim,
1405 1826 1458 1870 ut
1492 1837 1642 1885 saepe
1683 1819 1917 1882 facimus,
1969 1822 2018 1872 in

344 1900 546 1950 latinum
580 1901 663 1949 illa
698 1899 1028 1967 convertere):
1832 1919 1834 1921 ·

481 1979 625 2030 Nam
658 1982 747 2048 qui
776 1982 937 2031 haec
972 1981 1212 2031 audita
1266 1999 1299 2031 a
1343 1981 1540 2032 docto
1581 1982 2019 2032 meminissem

1180 2064 1344 2121 viro,

476 2142 709 2192 Futuras
742 2158 938 2212 mecum
973 2143 1351 2193 commentabar
1384 2142 1639 2200 miseria-3,

469 2222 583 2271 Aut
615 2230 826 2273 mortem
860 2223 1125 2283 acerbam,
1161 2230 1251 2272 aut
1287 2223 1415 2271 exili
1446 2228 1689 2271 moestam
1708 2223 1915 2288 sugam,

476 2302 592 2351 Aut
625 2320 828 2370 semper
863 2306 1090 2371 aliquam
1122 2304 1304 2353 molem
1336 2303 1629 2352 meditabar
1660 2302 1804 2365 mali,

486 2379 569 2443 Ut,
603 2385 651 2431 si
682 2400 784 2450 qua
818 2385 1022 2434 invecta
1055 2383 1240 2432 diritas
1273 2399 1396 2432 casu
1415 2384 1581 2446 foret,

480 2460 568 2510 Ne
598 2478 682 2512 me
714 2464 1026 2530 imparatum
1060 2479 1185 2513 cura
1218 2465 1475 2512 laceraret
1508 2462 1706 2529 repens.

342 2539 484 2603 Quod
518 2547 680 2591 autem
712 2542 940 2593 Theseus
975 2561 1001 2592 a
1036 2545 1184 2593 docto
1218 2560 1272 2592 se
1305 2544 1501 2592 audisse
1550 2543 1696 2604 dicit,
1725 2542 1805 2612 „id
1839 2542 1914 2592 de
1947 2558 2017 2592 se

341 2621 482 2685 ipso
516 2620 814 2686 loquitur
845 2624 1224 2689 Euripides,
1291 2623 1474 2672 Fuerat
1507 2623 1634 2671 enim
1661 2623 1855 2672 auditor
1885 2623 2014 2671 Ana-

339 2716 563 2764 xagorae,
599 2714 745 2768 quem
777 2704 962 2763 ferunt,
994 2705 1215 2754 nuntiata
1247 2707 1408 2752 morte
1442 2703 1547 2760 filii,
1581 2702 1792 2750 dixisse:
1841 2701 2013 2750 Scie-

337 2782 466 2829 bam
514 2798 608 2830 me
646 2785 952 2846 genuisse
987 2782 1390 2835 mortalem*
1453 2782 1649 2847 Operae
1682 2781 1897 2846 pretium
1932 2785 2011 2830 est

338 2875 654 2926 cognoscere,
691 2868 920 2927 quantum
955 2864 1168 2913 valuisse
1200 2863 1329 2910 illius
1363 2861 1454 2910 viri
1487 2861 1828 2910 auctoritatem
1859 2860 2015 2911 disci-

337 2939 616 3004 plinamque
650 2948 702 2991 et
736 2958 1031 2992 summarum
1067 2959 1233 2992 rerum
1269 2942 1594 3007 cognitionem
1630 2941 1691 2989 ad
1719 2940 2010 2990 imbuendos

337 3019 501 3067 studio
536 3021 782 3084 dignitatis
815 3023 1188 3087 honestatisque
1228 3023 1413 3070 animos
1447 3019 1674 3068 ostendat
1705 3020 2010 3070 Plutarchus,

337 3097 412 3147 De
436 3098 643 3148 Periclis
670 3103 797 3150 enim
831 3104 1117 3152 doctoribus
1153 3117 1426 3168 exponensz
1465 3100 1771 3159 „Plurimum
1803 3099 2013 3158 autem,'’

336 3177 526 3242 inquit,
573 3197 726 3240 „usus
762 3188 838 3231 est
871 3184 1158 3248 Anaxagora
1191 3182 1517 3242 Clazomenio,
1552 3182 1634 3245 qui
1666 3180 1930 3230 maximum
1965 3179 2014 3228 ei

334 3258 528 3322 pondus
563 3264 615 3309 et
649 3263 848 3326 spiritus
880 3265 1116 3321 maiores,
1153 3279 1297 3326 quam
1333 3263 1416 3325 qui
1448 3262 1731 3327 popularem
1765 3264 2013 3309 oratorem

335 3338 599 3401 decerent,
655 3342 926 3391 conciliavit
950 3377 957 3387 .
981 3345 1270 3407 omninoque
1315 3342 1380 3390 ad
1424 3341 1599 3390 altiora
1643 3341 1804 3390 evexit
1835 3339 2013 3406 ingenii

335 3416 440 3467 eius
484 3420 805 3473 maiestatem.
875 3422 1021 3472 Hunc
1066 3423 1217 3488 igitur
1249 3421 1407 3471 virum
1441 3422 1618 3471 mirum
1651 3425 1882 3484 quantum
1925 3417 2012 3467 ad-
