2144 3854
931 257 1048 313 135

150 405 453 472 generositas
486 402 698 453 miseriis
731 401 1078 464 calumniisque
1109 402 1284 450 invicta
1320 402 1620 463 ostenditur;
1656 403 1823 453 illain—

151 484 391 545 felicem,.
431 484 559 533 haec
605 481 803 550 felicem
847 480 997 530 habet
1044 480 1245 531 exitum.
1324 483 1418 531 His
1462 481 1663 547 Syleum
1707 484 1823 532 sub-

151 565 325 632 iungo,
347 552 350 553 ⁷
371 563 539 613 drama
571 561 865 625 satyricum,
901 574 996 623 qno
1027 558 1183 608 virum
1219 559 1400 609 fortem
1437 567 1489 611 et
1522 567 1823 613 constantem

150 659 388 709 regnare,
435 642 625 693 etiamsi
669 655 838 689 servus
885 639 978 701 sit,
1026 637 1328 704 lepidissima
1370 641 1560 690 ratione
1603 642 1822 692 docetur.

153 722 369 774 Primum
403 727 569 773 autem
599 722 647 774 in
681 718 949 769 didascalia
990 718 1153 766 locum
1199 717 1478 784 Chrysippo
1510 721 1823 778 fabulaeas-

150 802 309 868 signo,
341 807 522 867 quaet
551 801 659 865 ipsa
692 813 829 848 amor
860 803 1008 862 atque
1041 798 1304 847 aemulatio
1340 803 1518 863 quanta
1549 801 1824 853 hominibus

149 882 504 948 mala.gignant
556 879 846 930 declaratur.
914 877 1054 927 Hanc
1089 879 1214 927 enim
1253 877 1467 928 fabulam
1501 896 1704 930 numero
1739 900 1822 933 an-

148 961 529 1027 tiquissimarum
562 959 720 1008 fuisse
751 958 866 1008 inde
898 958 1107 1024 colligo,
1154 959 1286 1023 quod
1331 974 1466 1008 mera
1509 961 1825 1026 Anaxagorae

148 1041 327 1106 placita
357 1040 573 1092 carmine
623 1039 762 1088 chori
796 1038 1034 1109 explicata
1069 1038 1364 1088 continebat.
1430 1038 1628 1090 Fictum
1661 1045 1824 1090 autem

146 1121 255 1170 sine
287 1121 437 1171 dubio
470 1118 710 1182 estquod
746 1118 980 1172 Aelianus
1016 1118 1076 1169 V.
1096 1118 1160 1167 H.
1196 1119 1257 1179 Π,
1291 1121 1370 1167 21.
1405 1119 1499 1179 ait,
1526 1120 1585 1168 in
1616 1120 1822 1186 gratiam

144 1199 416 1264 Agathonis
448 1203 642 1265 poetae,
674 1215 821 1263 quem
855 1203 1043 1265 amaret
1074 1198 1370 1264 Euripides,
1417 1199 1628 1250 fabulam
1663 1199 1822 1265 Chry-

145 1279 342 1346 sippum
374 1280 437 1329 ab
470 1280 566 1328 hoc
601 1278 924 1343 compositam
959 1294 1084 1328 esse.

277 1359 581 1425 Olympiadis
602 1360 777 1408 84mae
796 1372 922 1407 anno
947 1359 1109 1418 tertio,
1126 1357 1328 1423 Diphilo
1348 1363 1588 1424 praetore,
1614 1360 1820 1425 primam

143 1440 397 1491 victoriam
430 1439 703 1504 reportavit
733 1437 1016 1502 Euripides»,
1047 1453 1197 1487 annos
1230 1443 1372 1486 natus
1406 1443 1509 1487 tres
1545 1444 1596 1488 et
1615 1441 1819 1504 quadra-

142 1520 277 1585 ginta
302 1517 371 1585 *).
436 1520 684 1582 quosnam
718 1523 889 1583 poetas
921 1518 1120 1578 vicerit,
1171 1533 1268 1566 non
1303 1523 1380 1566 est
1410 1519 1678 1568 memoriae
1704 1535 1819 1583 pro-

141 1600 314 1662 ditum,
347 1599 438 1652 sed
469 1599 761 1662 Antigonam
810 1614 839 1644 a
886 1596 1134 1660 Sophocle
1164 1597 1339 1646 eodem
1371 1603 1597 1663 tempore
1627 1598 1821 1648 doctam

141 1693 256 1728 esse
287 1677 553 1726 verisimile
585 1680 661 1725 est
712 1675 849 1741 (vide
882 1675 1071 1725 Welck.
1120 1693 1168 1741 p.
1203 1679 1285 1725 84.
1321 1677 1532 1726 Schoell.
1567 1679 1631 1727 de
1666 1677 1818 1743 Soph.

142 1757 237 1807 vita
269 1761 418 1820 atque
451 1757 684 1821 operibus
718 1774 766 1821 p.
802 1758 912 1804 131.
949 1760 1000 1804 et
1035 1754 1186 1822 133.).
1253 1745 1507 1807 Praelatus
1547 1758 1701 1823 igitur
1742 1763 1820 1808 est

142 1835 406 1902 Sophocli,
456 1841 508 1884 et
547 1835 755 1900 quidem
800 1851 924 1899 opus
971 1836 1447 1899 praestantissimum
1488 1838 1539 1885 in
1570 1842 1820 1887 certamen

142 1914 407 1967 deferenti.
468 1913 552 1964 Sic
585 1915 742 1979 prima
776 1915 1026 1980 Euripidis
1060 1916 1262 1964 victoria
1309 1917 1483 1966 eadem
1516 1915 1818 1981 amplissima

138 1993 248 2044 fuit.
317 1993 463 2058 Quod
497 1994 542 2045 si
573 1994 667 2054 jis,
700 2010 819 2059 quas
855 1994 1044 2059 delegi,
1080 1994 1256 2048 fabulis
1289 1997 1350 2045 ab
1383 1995 1625 2062 Euripide
1655 2001 1817 2046 certa-

137 2078 240 2124 tum
276 2090 388 2124 esse
422 2079 697 2137 constaret,
745 2075 824 2124 vix
859 2075 1042 2124 erroris
1076 2075 1264 2126 iudices
1298 2075 1410 2126 illos
1445 2076 1814 2128 Atheniensium

135 2168 369 2204 accusare
400 2154 586 2205 liceret.

535 2454 602 2508 A.
689 2454 1423 2531 Chrysippus.

269 2597 619 2670 Argumentum
668 2599 811 2648 huius
857 2600 1052 2648 fabulae
1099 2599 1577 2666 Pseudoplutarchns
1607 2599 1674 2648 -in
1723 2617 1809 2665 pa—

136 2674 317 2724 rallelis
363 2674 543 2739 (cs-33.
579 2696 625 2744 p.
662 2681 775 2727 4:31.
812 2677 980 2743 Hutt.)
1017 2679 1189 2740 refert,
1223 2679 1305 2743 qui
1330 2679 1456 2743 sugit
1480 2678 1808 2730 Welckerum.

134 2754 254 2803 Elius
285 2757 432 2804 verba
467 2755 592 2806 haec
627 2765 764 2824 sunt:
822 2757 1004 2820 Πέλοψ
1061 2757 1335 2808 Ταντάλου
1370 2756 1458 2808 καὶ
1490 2757 1808 2821 Εὐρυανάσ-

41 2871 46 2874 >
133 2842 243 2899 6ης,
278 2833 448 2900 γήμας
486 2828 877 2903 Ἱπποδάμειαν,
913 2837 1058 2903 ἔσχεν
1095 2833 1274 2902 Ἀτρέα
1309 2835 1397 2890 καὶ
1431 2835 1700 2904 Θυέστην,
1750 2837 1807 2890 ἐκ

132 2913 190 2965 δὲ
223 2914 496 2976 Δαναΐδος
528 2918 743 2986 νύμφης
760 2920 840 2985 **)
876 2919 1221 2983 Χρύσιππον,
1255 2916 1320 2970 ὃν
1351 2917 1510 2970 πλέον
1541 2921 1649 2971 τῶν
1681 2938 1806 2986 yvo]-

132 2993 261 3046 σίων
292 2991 506 3061 ἔστερξε.
587 2999 751 3060 Λάϊος
785 2998 841 3051 δὲ
875 2999 906 3052 ὁ
942 3000 1174 3066 Θηβαῖος
1206 2999 1536 3068 ἐπιθυμήσας
1573 2999 1806 3068 ἥρπασεν

193 3163 238 3217 *)
267 3163 429 3208 Marm.
459 3165 562 3207 Par.
591 3180 662 3221 ep.
691 3164 770 3207 5⁰:
801 3163 887 3222 ἀφ’
915 3158 972 3210 οὗ
1001 3164 1276 3226 Εὐριπίδης,
1314 3168 1429 3214 ἐτῶν
1458 3167 1524 3214 (ὃν
1550 3174 1803 3226 ΔΔΔΔΙΙΙ,

267 3235 497 3294 τραγῳδίᾳ
525 3236 708 3292 πρῶτον
746 3234 973 3292 ἐνίκησεν,
1009 3236 1088 3294 ἔτη
1116 3269 1129 3282 .
1161 3270 1171 3281 .
1209 3236 1430 3298 ἄρχοντος
1463 3237 1677 3300 Ἀθήνῃσι
1716 3249 1801 3287 Δι-

308 3306 420 3349 ι’λου.

172 3373 239 3429 η)
266 3319 671 3489 Ξοὴὲιι.0(1)ι·(ἰει.1ἶὲ
695 3376 748 3420 52
778 3377 826 3431 ἐξ
853 3375 1044 3435 Ἀξιόχης
1079 3376 1263 3437 νύμφης
1287 3379 1452 3427 νόθον.
1508 3384 1618 3428 Item
1646 3384 1798 3429 Schol.

306 3459 347 3488 m
383 3476 391 3485 .
486 3481 491 3488 .
547 3478 557 3498 ,
675 3479 683 3489 .
