2144 3854
905 239 1027 297 269

134 387 241 441 ὅτι
271 387 586 456 γαμήσας
615 385 725 439 καὶ
756 386 920 455 μίαν
949 383 1205 452 ἡμέραν
1238 383 1450 452 μόνον
1484 385 1802 452 συγγενό-

134 488 174 535 μ
189 486 257 521 εν
272 487 302 521 o
317 487 344 531 ς
390 474 456 535 τῇ
489 466 706 535 γυναικὶ
737 465 1047 535 ἠναγκάσθη
1082 465 1210 531 μετὰ
1241 467 1351 517 τῶν
1373 459 1641 533 Ἑλλήνων
1671 464 1805 518 κατὰ

144 549 345 616 Τροίαν
379 549 643 611 ἀπελθεῖν,
675 547 766 600 καὶ
796 547 1004 614 πρῶτος
1037 544 1222 611 ἐπιβὰς
1253 549 1346 614 τῆς
1385 546 1580 612 Τροίας
1612 546 1805 599 ἐτελεύ-

133 641 271 697 τησε.
339 631 448 682 Καί
480 641 674 697 φασιν,
721 627 800 680 ὅτι
831 621 959 688 τοὺς
990 627 1132 679 κάτω
1168 626 1421 693 δαίμονας
1453 627 1684 695 ᾐτήσατο
1718 627 1808 680 καὶ

132 710 388 776 ἀφείθη
437 712 596 778 μίαν
627 708 887 778 ἡμέραν
919 707 1009 760 καὶ
1041 705 1350 774 συνεγένετο
1383 713 1449 775 τῇ
1485 705 1679 761 ἑαυτοῦ
1711 727 1806 775 γυ-

132 790 291 843 ναικί.
341 793 481 842 Patet
514 795 645 843 enim
673 808 734 841 ex
759 792 855 851 his,
891 795 1150 854 utrumque
1180 790 1410 854 spatium,
1447 792 1580 853 quod
1604 796 1656 839 et
1693 796 1808 841 ante

132 873 494 938 profectionem
531 881 580 923 et
613 878 728 939 post
759 872 973 919 reditum
1010 885 1300 920 concessum
1334 869 1448 930 fuit,
1476 877 1807 934 permutatum

132 969 247 1002 esse
291 969 320 1001 a
363 954 718 1018 scriptoribu8‚
766 957 1000 1016 tantoque
1046 951 1310 1016 proclivior
1354 949 1449 998 fuit
1492 951 1806 1013 permutatio,

131 1032 265 1097 quod
298 1048 392 1082 uon
441 1034 664 1082 solebant
708 1031 1078 1081 accuratissime
1122 1036 1397 1094 temporum
1449 1031 1631 1094 spatia,
1683 1046 1808 1094 quae

130 1113 407 1162 actionibus
442 1116 863 1171 consumerentur,
897 1126 925 1158 a
949 1111 1159 1160 scenicis
1183 1110 1343 1174 poetis
1378 1109 1586 1161 definiri.
1620 1111 1808 1160 Eadem

131 1196 296 1241 autem
332 1193 397 1242 de
429 1208 486 1242 re
521 1192 631 1240 fieri
665 1193 844 1256 potuit,
879 1196 934 1240 ut
968 1191 1115 1239 etiam
1149 1191 1372 1254 Hyginus
1405 1190 1514 1255 ipse
1547 1191 1595 1240 in
1631 1191 1807 1240 defini-

130 1272 260 1321 endo
291 1277 521 1337 tempore
553 1276 757 1320 erraret.
825 1270 926 1320 Sed
961 1271 1114 1332 haec,
1169 1274 1281 1319 utut
1313 1276 1458 1330 sunt,
1510 1270 1634 1319 levia
1678 1275 1807 1321 sunt.

130 1352 460 1415 Quamobrem
484 1351 737 1418 Hyginum
760 1351 811 1400 in
839 1351 1222 1415 interpretandis
1245 1355 1346 1398 tam
1360 1349 1641 1415 Euripideis
1662 1367 1807 1416 quam

128 1431 383 1482 Laeviauis
425 1432 714 1495 fragmentis
760 1431 902 1495 sequi
946 1447 1045 1481 non
1091 1430 1280 1478 dubito.
1347 1429 1468 1478 Eius
1513 1431 1807 1482 narrationis

129 1510 323 1561 initium
356 1512 454 1560 hoc
490 1517 592 1560 est:
640 1512 873 1572 „Achivis
907 1511 1005 1561 fuit
1036 1525 1346 1575 responsum,
1383 1510 1466 1574 qui
1500 1511 1690 1574 primus
1726 1512 1807 1562 lit-

130 1595 238 1640 tora
271 1590 600 1640 Troianorum
632 1591 897 1657 attigisset,
931 1592 1219 1656 periturum.
1287 1589 1412 1639 Cum
1461 1591 1637 1640 Achivi
1682 1592 1807 1641 clas-

131 1687 214 1720 ses
248 1671 580 1735 appulissent,
624 1673 834 1743 caeteris
870 1672 1239 1728 cunctantibus,
1287 1670 1472 1732 Iolaus,
1520 1670 1722 1734 Iphiclis
1756 1676 1808 1722 et

128 1749 432 1800 Diomedeae
463 1751 595 1800 filius
613 1749 681 1818 *),
717 1752 904 1817 primus
933 1768 961 1800 e
985 1753 1093 1801 navi
1113 1751 1360 1816 prosiluit,
1396 1751 1477 1814 qui
1503 1751 1563 1799 ab
1586 1751 1808 1802 Hectore

130 1831 394 1880 confestim
460 1837 540 1880 est
583 1831 880 1881 interfectus
908 1830 1017 1895 **):
1086 1847 1231 1895 quem
1287 1832 1450 1880 cuncti
1499 1832 1809 1896 appellarunt

129 1910 472 1969 Protesilaum,
524 1912 752 1976 quoniam
785 1912 972 1975 primus
1009 1926 1070 1960 ex
1105 1912 1331 1960 omnibus
1365 1912 1595 1976 perierat.
1663 1912 1809 1974 Quod

128 2006 253 2039 uxor
293 1989 585 2052 Laodamia,
639 1992 811 2040 Acasti
854 1991 990 2053 filia,
1039 2007 1150 2040 cum
1197 1991 1420 2040 audisset
1453 2008 1562 2040 eum
1598 1991 1809 2056 perisse,

126 2070 251 2120 flens
284 2071 432 2136 petiit
464 2087 494 2119 a
527 2072 641 2135 diis,
678 2078 732 2121 ut
766 2072 859 2120 sibi
895 2087 1004 2120 cum
1042 2087 1102 2120 eo
1137 2076 1240 2120 tres
1275 2072 1422 2120 horas
1450 2071 1664 2135 colloqui
1687 2072 1808 2120 lice-

126 2155 227 2200 ret:
265 2167 362 2215 quo
394 2151 678 2217 impetrato,
714 2169 743 2200 a
778 2150 1027 2200 Mercurio
1061 2152 1326 2213 reductus,
1377 2157 1480 2201 tres
1514 2152 1661 2200 horas
1698 2167 1810 2201 cum

125 2246 188 2281 ea
222 2231 530 2296 colloquutus
565 2237 643 2282 est
668 2233 793 2294 ‘²²²²‘²²²).
863 2231 1008 2294 Quod
1045 2232 1222 2281 iterum
1243 2248 1356 2281 cum
1385 2233 1571 2281 obisset
1592 2232 1809 2281 Protesi-

125 2311 249 2371 laus,
283 2312 506 2361 dolorem
541 2312 645 2377 pati
678 2328 775 2363 non
807 2313 973 2377 potuit
994 2310 1310 2363 Laodamia.”
1343 2313 1435 2362 His
1459 2314 1810 2378 supplementa

127 2390 366 2455 quaedam
414 2407 476 2440 ex
531 2392 635 2440 aliis
687 2392 967 2441 auctoribus
1023 2391 1264 2443 addimus,
1343 2392 1582 2442 caussam
1630 2393 1808 2443 mortis

125 2469 312 2531 fuisse,
362 2470 495 2534 quod
542 2473 719 2521 domus
754 2487 926 2521 recens
961 2471 1218 2520 aedificata
1252 2471 1400 2520 nullis
1435 2488 1692 2522 sacrorum
1727 2488 1808 2522 so-

123 2548 386 2611 lemnibus,
405 2553 671 2615 antequam
685 2558 839 2618 nupta
851 2553 1202 2612 deduceretur,
1213 2551 1400 2600 initiata
1421 2558 1573 2614 esset,
1588 2552 1811 2604 ostendit

125 2627 349 2680 Catullus
383 2632 464 2691 68,
501 2633 565 2680 '29
584 2648 598 2680 ε

180 2855 231 2911 *J
260 2854 445 2900 Lucian.
476 2857 532 2899 D.
554 2856 617 2899 M.
647 2855 730 2900 23:
762 2855 852 2912 εἰμὶ
880 2855 964 2913 μὲν
993 2856 1311 2914 Πρωτεσίλαος
1341 2853 1366 2901 ὁ
1410 2853 1623 2912 Ἰφίκλου,
1655 2852 1810 2899 Φυλά-

262 2941 386 2978 κιος,
427 2925 710 2984 στρατιώτης
736 2929 830 2973 τῶν
866 2925 1078 2984 Ἀχαιῶν,
1116 2926 1195 2972 καὶ
1223 2927 1404 2985 πρῶτος
1433 2923 1693 2971 άποθανών
1717 2925 1810 2970 τῶν

262 2992 333 3038 ἐπ’
363 2991 489 3056 Ἰλίῳ.

153 3065 237 3120 *ἢ
266 3065 452 3110 Lucian.
483 3069 539 3110 D.
569 3068 634 3110 M.
665 3067 749 3110 192
794 3064 846 3119 ὃς
876 3063 1183 3124 ἐκλαθόμενος
1210 3072 1295 3126 τῆς
1322 3066 1553 3124 νεογάμου
1582 3064 1812 3123 γυναικός,

263 3135 363 3181 ἐπεὶ
404 3138 743 3196 προςεφέρεσθε
793 3139 851 3197 τῇ
911 3138 1115 3195 Τρῳάδι,
1172 3134 1294 3183 οὕτω
1343 3137 1682 3194 φιλοκινδύνως
1733 3135 1811 3181 καὶ

262 3204 642 3266 ἀπονενοημένως
678 3208 1007 3268 προεπήδησας
1046 3211 1138 3253 ταῖν
1181 3206 1354 3263 ἄλλων,
1401 3207 1542 3264 δόξης
1584 3207 1811 3265 ἐρασθείς,

261 3274 322 3321 δι’
350 3273 411 3334 ἣν
439 3280 620 3338 πρῶτος
650 3279 698 3325 ἐν
718 3283 776 3339 τῇ
803 3276 1032 3339 ἀποβάσει
1054 3276 1302 3334 ἀπέθανες.
1332 3281 1459 3325 Idem
1473 3277 1808 3324 dia1.23.0vid.

258 3347 445 3393 Heroid.
474 3352 596 3405 xm,
619 3350 690 3396 93.
717 3356 762 3395 et
782 3350 853 3395 65.

123 3416 233 3471 *¹‘*)
259 3418 432 3476 Vulgo:
475 3436 564 3466 cum
596 3437 646 3467 eo
676 3423 888 3468 collocuta
922 3427 998 3466 est.
