2144 3854
1114 276 1233 332 144

340 441 465 490 quae
497 422 724 491 cupidine
754 420 931 472 ductam
960 419 1158 471 videndi
1187 421 1318 472 viros
1351 418 1670 482 clarissimos,
1702 428 1870 473 contra
1895 423 2000 474 bel-

339 505 468 555 luam
501 501 819 552 cummaxime
850 499 1180 566 profecturos,
1211 500 1431 551 laborem
1464 500 1667 551 texendi
1698 517 1809 552 cum
1841 503 2002 554 studio

340 581 544 632 canendi
576 585 942 647 permutarunt:

465 659 704 726 κερκίδος
733 657 924 710 άοιδοῦ
964 656 1187 724 μελέτας.

336 739 392 789 In
423 741 608 806 parodo
641 740 791 806 igitur
822 740 1016 790 laudem
1049 740 1289 800 virorum,
1339 740 1422 804 qui
1454 740 1505 790 in
1538 740 1685 790 domo
1716 740 1852 804 regia
1883 755 2000 789 con-

333 820 525 884 gregati
557 823 713 881 erant,
745 818 1072 885 praedicatam
1106 834 1219 869 esse
1250 819 1510 869 verisimile
1537 825 1629 870 est.
1673 819 1878 870 Nomina
1917 834 2000 868 eo-

334 913 446 948 rum
494 897 823 963 Apollodorus
865 898 975 947 fere
1019 898 1189 948 eadem
1237 913 1362 962 quae
1407 898 1606 948 Ovidius
1657 899 1821 963 ponitz
1885 898 2000 948 Με-

231 1007 245 1023 .
332 974 550 1044 λέαγρος
612 973 833 1038 Οἰνέως,
894 975 1080 1041 Δρύας
1120 970 1329 1041 Ἄρεος·
1399 973 1457 1028 ἐκ
1519 976 1848 1038 Καλυδῶνος
1909 967 2002 1029 οὗ-

332 1072 430 1108 τοι.
503 1050 647 1118 Ἴδας
693 1054 783 1108 καὶ
823 1049 1065 1123 Λυγκεὺς
1101 1050 1367 1123 Ἀφαρέως
1413 1052 1470 1107 έκ
1515 1057 1816 1125 Μεσσήνης.
1888 1057 2000 1109 Κά-

335 1147 473 1204 στωρ
519 1133 610 1189 καὶ
660 1135 1004 1202 Πολυδεύκης
1048 1137 1180 1197 Διὸς
1223 1134 1311 1189 καὶ
1352 1136 1535 1204 Λήδας
1580 1136 1638 1188 ἐκ
1677 1136 2000 1205 Λακεδαίμο-

331 1233 440 1278 νος.
508 1209 708 1284 Θησεὺς
740 1214 943 1284 Αἰγέως
975 1214 1027 1279 ἐξ
1066 1212 1324 1282 Ἀθηνῶν.
1395 1211 1653 1283 ’Ἀδμητος
1687 1217 1918 1286 Φέρητος
1942 1215 2000 1272 έκ

334 1297 537 1364 Φερῶν.
608 1292 848 1363 Ἀγκαῖος
879 1294 968 1348 καὶ
1001 1291 1219 1364 Κηφεὺς
1261 1297 1582 1364 Λυκούργου
1615 1294 1668 1360 ἐξ
1707 1293 1997 1365 Ἀρκαδίας.

335 1372 522 1430 Ἰάσων
558 1377 802 1439 Α’ίσωνος
833 1375 886 1440 ἐξ
934 1371 1167 1432 Ἰωλκοῦ.
1240 1370 1466 1446 Ἰφικλῆς
1517 1371 1911 1444 Ἀμφιτρύωνος
1940 1377 2000 1432 ἐκ

334 1460 546 1526 Θηβῶν.
626 1457 915 1524 Πειρίθους
949 1453 1164 1520 Ἰξίονος
1210 1455 1268 1510 ἐκ
1314 1456 1591 1524 Λαρίσσης.
1658 1452 1867 1526 Πηλεὺς
1897 1459 1999 1511 Αἰ-

330 1542 466 1592 ακοῦ
500 1537 558 1590 ἐκ
582 1537 788 1599 Φθίας.
865 1536 1114 1602 Τελαμὼν
1156 1535 1363 1589 Αἰακοῦ
1411 1536 1469 1588 έκ
1500 1539 1820 1606 Σαλαμῖνος.
1884 1540 1996 1592 Eir-

329 1619 530 1687 ρυτίων
558 1611 814 1684 ’Ἀκτορος
845 1614 903 1668 ἐκ
929 1616 1114 1678 Φθίας.
1187 1611 1467 1684 Ἀταλάντη
1499 1616 1762 1684 Σχοινέως
1793 1617 1846 1682 ἐξ
1882 1615 1996 1686 Ἀρ-

329 1698 530 1759 καδίας.
602 1692 930 1765 Ἀμφιάραος
978 1694 1246 1758 Ὀϊκλέους
1291 1694 1343 1761 ἐξ
1378 1690 1623 1764 Ἄργους.
1689 1697 1844 1752 Μετὰ
1873 1700 1996 1752 τού-

327 1796 437 1831 των
470 1776 528 1831 δὲ
562 1777 616 1830 οἱ
647 1777 869 1830 Θεστίου
903 1778 1100 1840 παῖδες.

457 1861 633 1911 Statim
675 1860 854 1910 deinde
912 1860 1221 1926 Meleagrum
1281 1875 1391 1909 cum
1438 1860 1645 1910 Althaea
1685 1860 1751 1911 de
1794 1860 1995 1928 virginis

325 1955 493 1994 amore
519 1938 824 1989 collocutum
858 1955 971 1989 esse
1005 1939 1222 1989 coniicio.
1289 1939 1445 1989 Antea
1497 1941 1653 2003 enim,
1704 1955 1848 2004 quam
1892 1940 1995 1991 fra-

324 2028 458 2073 trum
490 2019 692 2070 caedem
723 2018 1064 2081 ulcisceretur,
1095 2018 1353 2069 Althaeam
1387 2019 1540 2068 semel
1561 2020 1756 2070 theatro
1799 2020 1996 2071 ostendi

323 2101 470 2168 plane
500 2113 708 2149 necesse
738 2097 861 2161 fuit,
903 2113 1064 2163 neque
1106 2104 1303 2163 praeter
1335 2098 1431 2147 hoc
1465 2104 1660 2164 tempus
1695 2098 1841 2149 ullam
1875 2114 1994 2165 pro-

324 2179 577 2231 ducendae
600 2177 706 2229 eius
730 2178 1148 2244 opportunitatem
1166 2177 1322 2227 fuisse
1347 2178 1501 2228 video.
1567 2177 1805 2228 caussam
1837 2182 1993 2230 mate-

323 2260 542 2323 riamque
587 2258 691 2308 eius
734 2256 966 2323 colloquii
1010 2255 1226 2307 ostendit
1271 2257 1598 2321 Apollodorus
1630 2257 1772 2309 hisce
1802 2258 1992 2308 verbis:

323 2333 632 2404 Μελέαγρος
676 2334 811 2403 ἔχων
863 2337 1094 2403 γυναῖκα
1148 2334 1519 2401 Κλεοπάτραν,
1570 2332 1670 2403 τὴν
1708 2330 1860 2387 ’Ίδου
1902 2334 1993 2387 καὶ

324 2415 658 2485 Μαρπήσσης
687 2413 984 2482 θυγατέρα,
1037 2413 1360 2481 βουλόμενος
1394 2415 1450 2468 δὲ
1475 2414 1564 2468 καὶ
1596 2413 1648 2479 ἐξ
1685 2408 1994 2484 Ἀταλάντης

324 2497 816 2564 τεκνοποιήσασθαι.
899 2497 1246 2562 Spartanorum
1319 2498 1558 2562 virginum
1626 2513 1790 2546 mores
1844 2497 1990 2547 Euri-

319 2579 466 2646 pides
514 2579 566 2627 in
615 2577 873 2628 Atalantae
935 2575 1129 2639 ingenio
1187 2575 1466 2641 effingendo
1522 2582 1990 2641 repraesentaverat,

319 2674 415 2710 nec
454 2658 614 2707 minus
661 2656 918 2722 Meleager
970 2654 1191 2704 instituta
1242 2654 1589 2719 Spartanorum
1647 2656 1989 2716 admirabatur,

321 2754 470 2803 quum
513 2735 844 2801 procreandae
889 2734 1043 2801 prolis
1103 2734 1396 2784 robustioris
1443 2750 1614 2784 caussa
1672 2751 1782 2784 cum
1816 2735 1989 2789 ,aliena

320 2816 502 2867 femina
545 2822 750 2882 cuperet
798 2813 1136 2865 concumbere.
1210 2813 1504 2878 Fragmenta
1564 2813 1708 2863 huius
1758 2814 1990 2878 colloquii

319 2900 514 2946 exstant
554 2895 672 2944 satis
717 2893 978 2944 luculenta.
1045 2892 1122 2942 Ex
1170 2891 1409 2956 Meleagri
1457 2892 1588 2942 enim
1635 2892 1853 2944 oratione
1896 2883 1988 2944 de-

317 2978 511 3039 promta
543 2979 658 3023 sunt
689 2973 905 3023 haecce.

445 3050 724 3119 ήγησάμην
756 3045 876 3111 οὗν,
910 3050 954 3102 εἰ
985 3047 1312 3116 παραζεύξειέ
1345 3066 1423 3110 τις

407 3136 650 3198 χρηστῷ
682 3130 921 3198 πονηρὸν
949 3128 1185 3197 λέκτρον,
1219 3130 1318 3182 οὐκ
1350 3128 1418 3180 ἂν
1451 3127 1727 3194 εὖτεκνεῖν

444 3208 660 3264 ἐσθλοῖυ
692 3210 741 3263 δ’
774 3210 862 3263 ἀπ’
896 3210 1102 3277 άμφοῖν
1135 3210 1326 3264 ἐσθλὸν
1359 3208 1426 3260 αν
1458 3212 1630 3276 φῦναι
1660 3209 1840 3277 γόνον.

441 3317 1672 3331 μ--α-..ῌψ--ο-ι-

444 3369 534 3423 καὶ
564 3372 737 3440 κτῆμα
770 3371 835 3432 δ’,
873 3363 914 3422 ὦ
945 3374 1261 3434 τεκοῦσα,
1295 3369 1570 3422 κάλλιστον
1601 3368 1739 3432 τόδε,

442 3452 676 3505 πλούτου
711 3451 769 3504 δὲ
800 3454 1067 3518 κρεῖσσον·
1100 3454 1200 3504 τοῦ
1231 3448 1328 3518 μὲν
1360 3446 1517 3502 ὠκεῖα
1548 3447 1753 3515 πτέρυξ,
