2144 3854
1013 311 1132 367 341

239 459 357 524 plex
391 459 455 507 sit
487 445 636 518 usus,
671 457 815 506 nulla⁴
837 455 1107 515 serviente,
1155 455 1288 504 nulla
1319 456 1594 520 imperante
1604 463 1629 515 ,‘
1670 453 1909 504 universis

240 544 404 588 antem
438 537 712 586 admirabili
763 537 968 601 quadam
1004 536 1049 582 vi
1081 535 1214 583 inter
1248 551 1305 584 se
1338 535 1740 600 conspirantibus,
1794 535 1909 584 'Ita-

241 634 338 683 que
371 617 638 667 blanditiae
683 618 819 681 ipsae
851 614 1067 664 Medeae
1101 615 1401 663 iracundiam
1439 616 1546 664 eius
1581 615 1910 677 manifestant,

242 713 353 746 cum
387 696 438 745 in
470 697 674 746 ironiam
708 697 873 745 abiens
906 694 1240 758 impudentem
1277 695 1459 743 Iasonis
1493 697 1818 760 arrogantiam
1843 696 1911 744 ir-

238 776 426 836 rideat3
478 782 612 835 tum,
657 776 795 840 quasi
839 775 888 822 in
923 789 1165 839 praeceps
1199 775 1413 822 adducta
1447 774 1788 824 dissimulandi
1823 791 1910 824 an-

238 857 394 916 dacia,
428 861 636 921 repente
666 859 868 919 abrepta
903 853 1088 903 doloris
1124 853 1172 901 vi
1205 854 1268 901 ad
1291 853 1571 915 prodendos
1601 871 1744 904 veros
1763 856 1912 904 animi

239 951 415 985 sensus
451 937 721 994 delabitur,
757 935 886 983 unde
920 949 1109 994 rursus,
1145 933 1283 998 quasi
1304 948 1366 981 ex
1400 934 1575 981 mentis
1600 935 1909 995 alienatione,

238 1016 468 1076 rediens,
501 1015 616 1064 dum
650 1015 790 1063 fictas
825 1030 1026 1063 caussas
1060 1014 1190 1064 veris
1225 1014 1490 1062 affectibus
1536 1015 1801 1079 praetexit,
1849 1031 1912 1063 ex

236 1096 347 1160 ipsa
378 1097 538 1156 ruina,
571 1099 799 1159 tanquam
836 1110 900 1144 ex
932 1094 1134 1154 insidiis,
1170 1095 1219 1143 in
1253 1110 1455 1143 caecum
1488 1094 1686 1142 hostem
1724 1094 1912 1157 impetu

239 1173 388 1235 facto,
422 1175 567 1224 citius
595 1191 706 1223 enm
731 1175 1060 1239 miseriusque
1078 1174 1375 1238 prosternit;
1408 1173 1637 1236 denique,
1663 1174 1779 1223 dum
1806 1190 1911 1222 ma—

237 1270 329 1304 nns
364 1270 420 1303 se
452 1255 572 1303 dare
605 1256 755 1303 victas
791 1254 1002 1315 simulat,
1037 1255 1292 1303 victoriam
1326 1255 1420 1303 sibi
1454 1254 1726 1319 gratulatur
1758 1258 1910 1318 atque

236 1335 524 1399 triumphat.
567 1335 735 1384 Liberi
763 1334 977 1383 Medeae
1003 1335 1100 1383 hoc
1125 1335 1235 1399 ipso
1269 1338 1511 1399 tempore,
1547 1350 1643 1398 quo
1682 1338 1909 1382 ornatum

235 1415 298 1464 ad
321 1413 543 1464 Glaucen
568 1414 908 1477 deferunt,·ad
931 1420 1143 1464 mortem
1170 1415 1419 1481 proficisci
1438 1416 1680 1475 videntur,
1696 1429 1908 1477 quorum

235 1500 424 1545 sortem
442 1495 703 1560 deplorans
722 1495 902 1545 chorus
916 1496 1062 1545 simul
1086 1501 1136 1544 et
1163 1513 1415 1560 sponsam,
1442 1496 1702 1545 funeream
1720 1499 1908 1543 vestem

235 1591 330 1642 pro
362 1575 569 1640 nuptiali
604 1577 902 1636 induturam,
937 1581 990 1625 et
1023 1576 1248 1626 Iasonem
1283 1582 1334 1625 et
1367 1576 1600 1625 Medeam
1633 1575 1909 1623 miseratur.

370 1654 602 1704 Reversis
646 1655 817 1705 liberis
867 1657 1051 1705 certior
1095 1656 1225 1705 facta
1274 1656 1455 1705 Medea
1499 1660 1760 1718 acceptum
1795 1669 1911 1702 esse

237 1734 418 1784 donum
454 1741 507 1784 et
538 1735 703 1800 fugam
748 1736 847 1783 illis
889 1737 1172 1797 remissam,
1223 1736 1320 1785 iam
1364 1736 1768 1784 immanissimum
1817 1734 1911 1782 sibi

235 1814 426 1864 facinus
461 1815 751 1879 patrandum
788 1830 900 1863 esse
932 1815 1119 1875 videns,
1152 1816 1445 1881 ingemiscit.
1513 1814 1831 1864 Adstantibus
1848 1813 1909 1860 fi-

235 1894 317 1943 liis
353 1895 565 1943 obscure
599 1894 948 1958 conqueritur,
999 1896 1129 1959 quod
1164 1896 1215 1943 in
1247 1901 1542 1960 perpetuum
1576 1895 1638 1943 iis
1672 1894 1909 1959 privetur,

236 1974 368 2039 quod
402 1974 586 2023 frustra
620 1975 902 2038 pepererit,
951 1974 1136 2023 frustra
1187 1975 1437 2033 educarit,
1488 1974 1678 2023 frustra
1711 1973 1910 2022 dolores

234 2054 528 2116 laboresque
562 2054 858 2117 susceperit,
894 2054 1028 2117 quod
1062 2055 1290 2102 acerbam
1325 2059 1631 2103 transactura
1663 2054 1729 2102 sit
1761 2054 1909 2102 vitam

233 2134 488 2198 reliquam.
554 2132 688 2181 Inter
710 2134 835 2182 haec
857 2133 1028 2182 liberis
1058 2135 1102 2182 ei
1133 2134 1483 2194 arridentibus,
1517 2139 1621 2182 tam-
1643 2133 1910 2183 vehemen-

233 2219 311 2263 ter
342 2214 520 2262 horum
554 2212 822 2262 securitate
855 2220 1220 2272 commovetur,
1268 2220 1322 2262 ut
1362 2230 1458 2263 non
1505 2214 1712 2262 multum
1763 2213 1910 2274 absit,

233 2294 348 2358 quin
382 2293 547 2342 valere
581 2294 784 2342 consilia
818 2310 906 2342 sua
952 2293 1134 2343 iubeat.
1199 2294 1329 2343 Hinc
1371 2299 1630 2359 postquam
1679 2292 1910 2343 recorda-

234 2374 371 2423 tione
418 2389 474 2422 se
518 2373 684 2422 irrisui
729 2373 957 2422 hostibus
1003 2389 1116 2422 esse
1163 2389 1219 2422 se
1251 2390 1422 2423 rursus
1467 2374 1699 2438 collegit,
1746 2374 1911 2422 denuo

234 2453 434 2518 pietatis
468 2468 619 2500 sensu
651 2452 891 2514 vincitur,
942 2452 1059 2502 dum
1087 2452 1155 2501 'in
1203 2453 1402 2502 domum
1447 2442 1718 2503 destinatos
1766 2453 1911 2502 caedi

234 2534 414 2582 intrare
447 2532 600 2581 iubet.
668 2532 732 2581 At
755 2534 885 2581 enim
920 2532 1320 2582 committendum
1355 2548 1451 2582 non
1485 2549 1599 2582 esse
1632 2539 1821 2594 censet,
1854 2537 1910 2581 ut

234 2613 450 2662 hostium
484 2612 658 2660 ultioni
704 2612 847 2662 liberi
893 2618 1227 2677 exponantur:
1275 2628 1396 2678 ergo
1441 2628 1612 2661 eorum
1657 2613 1909 2661 interitum

234 2708 333 2742 non
377 2707 491 2741 esse
533 2692 802 2743 vitandum.
877 2693 1119 2741 Ultimum
1162 2693 1315 2756 igitur
1371 2693 1655 2741 dulcissima
1699 2708 1910 2757 corpora

233 2772 486 2822 osculatur
518 2778 665 2836 atque
697 2773 1037 2838 amplectitur,
1083 2772 1365 2822 vehementi
1401 2772 1598 2837 quidem
1634 2772 1804 2821 dolore
1835 2773 1908 2821 vi-

235 2859 350 2914 cta,
402 2853 492 2907 aad
529 2853 897 2902 vehementiore
929 2853 1194 2903 iracundia.
1261 2853 1401 2901 Haec
1435 2854 1544 2901 sine
1577 2853 1726 2902 dubio
1760 2869 1907 2917 prae-v

234 2934 536 2983 stantissima
572 2938 650 2983 est
697 2934 927 2983 dramatis
973 2950 1120 2998 pars,
1175 2939 1227 2982 et
1274 2933 1619 2996 frequentibus
1662 2933 1906 2982 artificum

233 3014 584 3063 imitationibus
621 3014 867 3063 celebrata
899 3014 1009 3075 fuit,
1044 3030 1163 3079 quas
1196 3017 1370 3079 postea
1397 3015 1905 3063 commemorabimus.

365 3094 495 3143 Dum
529 3094 734 3155 Medea,
787 3110 1047 3159 quemnam
1087 3095 1213 3144 dona
1260 3099 1489 3143 eventum
1524 3095 1758 3144 habitura
1791 3096 1905 3155 sint,

234 3175 379 3224 anxie
411 3179 694 3238 exspectat,
740 3175 938 3224 interim
972 3175 1152 3224 chorus
1186 3174 1433 3224 subtiliori
1465 3176 1654 3224 ratione
1684 3175 1906 3241 philoso-

232 3255 391 3320 phans
425 3256 633 3319 quaerit,
667 3260 953 3321 praestetne
986 3255 1177 3319 prolem
1209 3255 1412 3320 gignere
1440 3272 1501 3304 an
1528 3254 1698 3304 liberis
1720 3271 1905 3316 carere,

234 3351 294 3383 ac
328 3336 651 3385 consideratis
686 3336 966 3397 laboribus,
1023 3337 1269 3384 aerumnis
1303 3351 1360 3383 ac
1393 3335 1679 3396 doloribus,
1729 3336 1906 3398 quibus

231 3421 463 3480 parentes
497 3432 524 3463 a
557 3415 725 3465 liberis
762 3416 898 3465 affici
950 3415 1169 3477 soleant,
1211 3431 1308 3466 non
1354 3416 1559 3482 gignere
1602 3416 1905 3465 commodius

236 3509 349 3544 esse
382 3501 564 3546 censet.
630 3495 781 3548 Venit
826 3498 1004 3547 deinde
1037 3496 1235 3548 nuntius
1266 3501 1412 3561 atque
1445 3495 1776 3562 interponitur
1807 3496 1905 3545 hu-
