2144 3854
897 297 978 355 45

232 447 292 501 ἐν
323 450 604 514 πλησμονῇ
636 463 718 498 τοι
752 443 977 511 Κύπρις,
1012 441 1072 495 ἐν
1102 446 1349 510 πεινῶντι
1376 446 1423 498 δ’
1454 449 1536 510 οὔ,

104 532 182 581 cui
214 531 486 598 praemissa
521 529 676 578 fuisse
709 527 939 576 videntur
971 527 1123 576 haec:

235 609 346 676 6ρῶ
375 608 439 661 δὲ
469 610 580 668 τοῖς
610 607 882 658 πολλοῖσιν
915 604 1224 671 ἀνθρώπων
1256 604 1359 671 ἐγὼ

233 691 518 743 τίκτουσαν
548 685 710 754 ὕβριν
742 684 841 754 τὴν
871 685 1092 752 πάροιθ’
1128 685 1414 753 εὐπραξίαν

236 850 399 919 ὕβριν
428 866 482 901 τε
516 847 674 900 τίκτει
705 849 937 909 πλοῦτος
967 846 1001 915 ἢ
1036 846 1201 914 φειδὼ
1235 847 1376 915 βίου.

104 934 198 983 His
231 949 328 983 non
360 934 485 981 victa
520 924 746 980 Phaedra
780 947 836 980 se
870 935 1030 979 sumto
1084 931 1267 979 vestitu
1299 930 1429 980 virili
1462 929 1786 996 Hippolytum

106 1014 155 1064 in
188 1014 335 1063 silvas
370 1016 654 1061 secuturam
689 1027 802 1060 esse
835 1012 1128 1076 profitetur:

237 1091 438 1158 „Hunc
472 1094 528 1142 in
561 1092 728 1141 nivosi
760 1092 904 1141 collis
937 1092 1241 1141 haerentem
1276 1091 1412 1156 iugis

237 1174 316 1225 Et
351 1189 540 1240 aspera
576 1173 707 1238 agili
739 1188 873 1221 saxa
908 1172 1198 1222 calcantem
1227 1171 1367 1238 pede

241 1255 404 1322 Sequi
430 1270 532 1320 per
567 1254 680 1302 alta
713 1269 940 1312 nemora,
973 1269 1072 1320 per
1105 1259 1319 1315 monte-9,
1349 1251 1578 1318 placet.'’

107 1338 150 1386 A
196 1351 294 1401 quo
340 1339 518 1384 conatu
564 1335 759 1383 monitis
792 1334 1126 1399 precibusque
1159 1334 1364 1383 nutricis
1401 1333 1630 1398 depulsa,
1682 1349 1790 1382 rur-

108 1433 193 1468 sus
239 1421 474 1466 mortem·
499 1415 592 1463 sibi
638 1415 951 1464 consciscere
996 1414 1269 1464 constituit.
1320 1414 1468 1463 'Tum
1503 1429 1621 1462 vero
1654 1429 1792 1473 anuS‚

107 1502 164 1548 ut
195 1498 342 1547 vitam
373 1495 589 1545 tolerare
622 1495 757 1554 velit,
794 1496 1083 1561 suppliciter
1115 1500 1342 1559 precata,
1379 1511 1436 1544 se
1470 1510 1671 1560 operam
1706 1494 1792 1543 da'-

108 1584 269 1629 turam
304 1593 434 1639 esse,
480 1581 534 1624 ut
580 1580 665 1625 aut
708 1576 943 1641 precibus
989 1581 1076 1625 aut
1121 1576 1282 1639 aliqua
1324 1581 1431 1624 arte
1479 1574 1656 1625 durum
1702 1575 1795 1624 viri

112 1659 326 1708 animum
360 1657 545 1718 flectat,
579 1655 867 1721 pollicetur:

243 1737 561 1801 „Tentemus
595 1737 824 1785 animam
857 1737 1058 1786 tristem
1095 1743 1146 1787 et
1184 1739 1591 1788 intractabilem:

249 1816 403 1867 Meus
438 1818 536 1866 iste
570 1816 713 1866 labor
748 1821 842 1875 est,
877 1817 1098 1883 adgredi
1131 1818 1366 1867 iuvenem
1389 1821 1568 1884 ferum

249 1896 582 1964 Mentemque
612 1912 822 1946 saevam
839 1899 1065 1959 flectere
1098 1899 1311 1947 immitis
1345 1900 1498 1951 viri.’‘

113 1979 377 2046 Conspirat
420 1977 909 2042 Pseudoplutarchus
944 1979 1014 2027 -in
1066 1979 1286 2044 parallel.
1337 1994 1379 2029 c.
1427 1982 1519 2028 34:
1579 1975 1800 2047 ἐπέγημε

112 2057 377 2127 μητρυιὰν
412 2056 658 2122 Φαίδραν
690 2055 788 2124 τὴν
820 2056 1075 2121 Μίνωος,
1113 2057 1241 2126 ἥτις,
1273 2063 1374 2110 τοῦ
1418 2059 1694 2127 προγόνου
1728 2061 1801 2123 εἰς

114 2139 407 2208 ἐπιθυμίαν
438 2137 770 2204 ἐμπεσοῦσα,
805 2135 929 2206 τὴν
962 2141 1228 2207 τροφὸν
1261 2139 1533 2207 ἔπεμψε.
1584 2151 1590 2157 ’

244 2223 480 2272 Inseritur
501 2221 737 2289 atSeneca
764 2237 961 2272 carmen
984 2224 1240 2286 eiusmodi,
1270 2240 1368 2289 quo
1392 2225 1590 2274 Amoris
1615 2226 1686 2276 vis
1712 2226 1799 2275 de-

114 2305 376 2355 scribatur.
444 2302 605 2352 Aliter
629 2303 688 2351 ab
725 2302 966 2367 Euripide
986 2303 1172 2355 factum
1216 2321 1329 2354 esse
1355 2304 1482 2355 haec
1506 2307 1798 2357 ostendunt:

242 2379 361 2435 ἀντὶ
391 2380 494 2449 γὰρ
529 2379 700 2447 πυρὸς
733 2383 860 2433 ἄλλο
894 2385 1003 2448 πῦρ

246 2465 424 2530 μεῖζον
459 2460 817 2528 ἐβλαστοῢμεν
848 2466 1037 2530 γυναῖ-

245 2561 334 2605 κες
377 2537 516 2595 πολὺ
552 2543 974 2611 δυςμαχώτερον.

118 2627 318 2678 initium
362 2627 510 2676 huius
560 2627 790 2674 carminis
838 2627 999 2675 fuisse
1032 2632 1244 2691 possunt
1276 2643 1480 2690 versuS‚
1529 2644 1653 2693 quos
1688 2629 1800 2678 Ari-

117 2709 412 2774 stophanem
448 2707 637 2772 (Equit.
672 2703 838 2772 1290.)
875 2722 939 2756 ex
962 2707 1239 2772 Hippolyto
1274 2709 1462 2773 petisse
1504 2709 1658 2760 schol.
1697 2725 1801 2758 mo·

119 2795 204 2840 net
237 2789 364 2842 Ven.
384 2788 435 2855 *)
453 2805 468 2836 ε

447 2859 482 2934 ἦ
515 2867 768 2929 πολλάκις
801 2866 1096 2935 ἐννυχίαισι

448 2948 696 3017 φροντίσι
728 2947 1134 3017 συγγεγένημαι,

448 3029 539 3084 καὶ
573 3025 840 3099 διεζήτηχ’,
875 3031 1075 3083 ὁπόθεν
1107 3029 1232 3084 ποτὲ
1265 3033 1374 3083 κτλ.

118 3112 335 3163 Posthac
379 3113 592 3164 absurda
633 3116 874 3164 mixtione
907 3120 1072 3164 actum
1117 3115 1391 3165 secundum
1434 3113 1637 3164 alterius
1680 3114 1806 3180 Hip—

119 3194 277 3261 polyti
323 3195 540 3259 tragicus
591 3195 842 3245 Romanus
890 3196 1110 3245 imitatus
1159 3201 1251 3245 est.
1321 3195 1468 3261 Apud
1514 3195 1808 3261 Euripidem

122 3275 353 3324 continuo
377 3275 703 3342 Hippolytum
725 3277 776 3326 in
801 3292 1000 3325 scenam
1025 3277 1258 3341 prodisse
1294 3277 1531 3342 suspicor.
1602 3276 1807 3335 Durum,

122 3361 371 3421 agrestem
404 3360 454 3406 et
486 3356 786 3407 laboriosum
818 3358 950 3406 hunc
987 3355 1160 3416 fuisse,
1197 3357 1330 3422 quod
1363 3373 1518 3422 genus
1553 3356 1808 3406 hominum

123 3450 153 3483 a
197 3435 406 3486 mollitie
452 3441 602 3502 atque
661 3437 863 3489 libidine
913 3438 1266 3490 alienissimum
1314 3442 1422 3499 est,
1490 3443 1541 3488 et
1603 3437 1809 3486 Ovidius

178 3590 220 3644 ·)
250 3592 319 3634 cf.
366 3592 535 3636 Weick.
570 3608 612 3648 p.
642 3592 767 3636 1599.
