2144 3854
1185 261 1267 316 44

395 411 519 461 Cum
553 410 728 475 quibus
763 407 1075 458 consentiunt
1106 423 1308 472 versus,
1342 409 1424 472 qui
1456 408 1505 457 in
1536 408 1738 467 incertis
1773 408 2059 476 fragmentis

391 507 437 541 n.
470 494 518 542 6.
553 491 804 552 ponuntur
821 505 836 536 ε

519 564 580 615 τὸ
613 563 685 631 μὴ
714 563 905 618 εἰδέναι
939 577 995 618 σε
1028 564 1196 632 μηδὲν
1229 555 1306 621 ὧν
1341 564 1654 632 ἁμαρτάνεις

521 644 757 711 ἔκκαυμα
787 645 980 714 τόλμης
1013 645 1198 699 ἱκανόν
1231 645 1338 699 ἐστι
1369 646 1459 700 καὶ
1490 647 1749 714 θράσους.

390 727 680 792 Respondet
710 728 963 778 Phaedra:

1008 808 1195 871 „Quae
1225 825 1490 872 memoras,
1521 811 1627 861 scio

528 887 664 938 Vera
699 905 823 949 esse,
860 890 1055 950 nutrix,
1089 888 1181 938 sed
1200 892 1356 954 furor
1389 892 1526 956 cogit
1560 893 1708 958 sequi

518 968 755 1019 Peiora.'’

382 1049 674 1099 Inferiorem
724 1051 873 1116 igitur
918 1066 973 1100 se
1023 1050 1206 1099 fatetur
1250 1066 1364 1101 esse
1411 1050 1666 1115 cupidine,
1711 1067 1861 1116 quum
1905 1051 2061 1101 altera

382 1130 612 1180 Phaedra
658 1137 725 1195 (v,
781 1133 879 1180 380
922 1130 1082 1196 seqq.)
1132 1146 1187 1179 se
1198 1168 1214 1195 ,
1264 1147 1389 1195 quae
1436 1147 1552 1181 vera
1602 1147 1716 1180 esse
1761 1133 2061 1196 cognoverit,

383 1211 532 1259 etiam
567 1213 706 1276 sequi
737 1227 887 1277 posse
930 1210 1172 1261 ostendat.
1241 1210 1433 1261 Deinde
1482 1212 1560 1261 sui
1605 1211 1843 1278 purgandi
1887 1226 2062 1261 caussa

381 1291 537 1340 multa
583 1297 661 1341 est
705 1292 756 1341 in
798 1291 1129 1357 praedicanda
1163 1292 1346 1341 amoris
1394 1291 1615 1357 potentia
1646 1307 1693 1344 v,
1742 1292 2058 1352 leo—195„

381 1372 514 1436 quod
532 1373 722 1422 'eadem
755 1373 941 1422 ratione
974 1371 1106 1438 apud
1137 1372 1428 1439 Euripidem
1462 1372 1648 1422 factum
1684 1371 1844 1422 fuine
1875 1371 2060 1422 haecce

378 1452 583 1502 docent:

494 1524 669 1596 ’Ἑρως
700 1530 803 1597 γὰρ
837 1531 1041 1595 ἄνδρας
1073 1531 1140 1582 οὐ
1174 1531 1376 1596 μόνους
1409 1527 1674 1598 ἐπέρχεται

511 1610 629 1662 οὐδ’
665 1607 733 1663 αὖ
767 1615 1043 1678 γυναῖκας,
1078 1610 1210 1662 ἀλλὰ
1243 1611 1332 1663 καὶ
1363 1612 1509 1662 θεῶν
1542 1614 1655 1662 ἄνω
1723 1660 1727 1665 .

508 1690 683 1758 ψυχὰς
715 1692 962 1758 ταράσσει
994 1689 1120 1743 κάπὶ
1151 1693 1354 1744 πόντον
1385 1691 1611 1759 ἔρχεται·

507 1770 598 1824 καὶ
628 1774 772 1826 τόνδ’
809 1774 1076 1839 ἀπείργειν
1111 1773 1228 1825 οὐδ’
1265 1773 1295 1826 ὁ
1328 1769 1633 1840 παγκρατὴς
1666 1770 1845 1824 σθένει

508 1853 660 1915 Ζεύς,
695 1854 807 1906 ἀλλ’
841 1854 1038 1907 ὑπείκει
1070 1852 1160 1908 καὶ
1191 1853 1368 1906 θέλων
1401 1852 1688 1919 ἐγκλίνεται
1711 1852 1781 1918 *).

376 1934 527 1984 Plane
573 1935 846 2003 Euripiden
892 1941 1039 1997 sunt,
1099 1953 1224 2003 quae
1266 1937 1397 2002 apud
1459 1937 1698 1988 Senecam
1755 1935 1917 1985 nutrix
1976 1949 2055 1984 re-

374 2014 617 2079 spondet:

506 2096 713 2158 „Deum
749 2115 858 2149 esse
895 2115 1118 2149 amorem
1151 2100 1318 2166 turpis
1355 2104 1406 2148 et
1441 2097 1568 2147 vitio
1589 2097 1785 2162 savena

516 2176 703 2228 Finxit
736 2179 894 2229 libido
903 2197 925 2239 ,·
957 2196 1155 2246 quoqae
1187 2179 1396 2229 liberior
1415 2180 1582 2244 foret,

509 2260 738 2310 Titalam
758 2262 940 2326 furori
970 2261 1195 2309 numinis
1216 2261 1351 2325 falsi
1386 2258 1593 2308 addidit
1628 2263 1726 2307 etc.

507 2341 747 2408 Quisquis
779 2339 1019 2389 secandis
1050 2340 1200 2389 rebus
1236 2341 1439 2389 evultat
1473 2339 1626 2388 nimis

506 2420 754 2487 Fluitque
787 2421 934 2479 laxa,
969 2436 1169 2487 semper
1202 2421 1413 2470 insolita
1450 2419 1667 2486 adpetit.

510 2501 686 2551 Tune
719 2502 850 2551 illa
882 2517 1165 2568 magnae
1200 2500 1355 2549 dira
1375 2502 1704 2565 fortunae
1746 2514 1956 2548 eomes

505 2582 705 2631 Subit
739 2582 990 2631 libido.-
1025 2598 1129 2630 non
1157 2582 1373 2648 placent
1407 2586 1592 2630 saetae
1625 2579 1788 2647 dapes

501 2661 619 2712 Nec
651 2668 795 2712 tecta
827 2664 948 2712 sani
978 2666 1134 2714 moris
1169 2668 1259 2711 aut
1294 2662 1411 2711 vilis
1446 2662 1601 2711 cibus,

503 2740 630 2791 Cu'r
663 2744 730 2792 in
760 2749 1051 2809 penates
1086 2744 1312 2792 rarius
1343 2748 1589 2791 tenues
1620 2740 1798 2790 subit

500 2821 691 2873 Haec
725 2823 1069 2874 delicatas
1105 2824 1367 2889 eligens
1393 2821 1617 2889 pestis
1651 2820 1939 2870 domos?”

369 2904 508 2966 Quae
540 2903 668 2952 mire
702 2910 977 2967 congruunt
1011 2921 1122 2954 cum
1155 2905 1345 2954 incerto
1380 2901 1556 2967 fragm.
1594 2902 1720 2949 164:

426 3102 467 3157 *)
504 3103 607 3145 Hoc
635 3101 943 3159 fragmentum
972 3103 1145 3160 Musgr.
1175 3104 1538 3158 Welckerusque,
1566 3101 1783 3145 editiones
1803 3099 1991 3163 Gesneri
2004 3103 2048 3142 et

508 3173 635 3216 Grot.
663 3172 819 3224 secuti,
849 3176 1085 3229 spretaque
1115 3175 1213 3217 cod.
1240 3173 1442 3217 Vossiani
1470 3177 1515 3216 et
1542 3172 1783 3216 Clementis
1809 3172 1933 3220 Alex.
1965 3184 2046 3212 au-

505 3243 731 3295 ctoritate,
768 3244 987 3298 Sophocli
1021 3245 1283 3289 tribuerunt.
1337 3245 1464 3287 Idem
1503 3243 1614 3287 dixit
1649 3243 1918 3299 Sophocles,
1967 3241 2045 3282 sed

507 3314 609 3358 aliis
635 3327 741 3355 usus
767 3317 834 3357 est
861 3315 1036 3358 verbis:
1687 3329 1695 3334 ‘

618 3384 668 3428 εἴ
691 3399 771 3440 μοι
797 3385 934 3440 θέμις
963 3384 1120 3442 (θέμις
1147 3385 1200 3430 δὲ
1227 3380 1410 3442 τάληθῆ
1438 3383 1617 3441 λέγειν),

616 3451 729 3506 Διὸς
756 3459 976 3514 τυραννεῖ
1013 3454 1283 3513 πνευμόνων
1310 3460 1402 3502 κτλ.
