2176 3874
1153 279 1277 337 39ss

518 428 648 493 πρὸς
677 425 775 492 τὴν
806 422 1044 490 ανάγκην
1075 424 1265 481 πάντα
1280 417 1433 476 τᾶλλ’
1455 420 1557 476 ἐστ’
1591 407 1880 535 άσθεψὶ
1819 452 1865 487 ,ρ

517 537 581 544 -—-
707 534 772 545 9-
900 531 967 542 ⁶-
1099 535 1162 544 ⁶-—
1290 532 1356 542 —-
1484 533 1551 543 ⁸¹—
1651 517 1706 570 ἐν)
1736 492 1831 567 *wls

518 586 582 638 τὰ
613 588 734 636 θεῖα
766 583 1028 650 πυργοῦσ’
1062 583 1119 636 αἱ
1140 582 1317 636 κακαί
1338 577 1392 636 τε
1425 552 1794 651 συμφορᾰΐίὶιῖ,

979 666 1069 721 Γ
1063 667 1167 716 ΛΑ
1172 666 1272 717 YK
1273 666 1381 717 ΟΣ

514 826 627 884 τοῖς
655 824 958 890 πράγμασιν
987 822 1090 889 γὰρ
1126 821 1242 890 οὐχὶ
1273 825 1601 888 θυμοῦσθαι,
1623 823 1822 890 χρεών·

514 902 654 971 μέλει
684 902 787 970 γὰρ
821 903 1001 964 αὐτοῖς
1032 902 1194 955 οὐδέν
1208 940 1222 963 ,
1244 902 1366 955 ἀλλ’
1401 903 1782 972 οὑντυγχάνων
1838 949 1841 953 .
1901 941 1904 947 ·

516 984 581 1036 τὰ
613 982 871 1051 πράγματ’
904 980 1081 1048 ὀρθῶς
1113 982 1182 1050 ἢν
1213 986 1339 1051 τιθῇ
1356 1022 1370 1046 ,
1405 984 1624 1049 πράσσει
1654 984 1842 1046 καλῶς.

389 1067 596 1117 Surdum
630 1067 828 1131 quidem
862 1064 978 1114 dicit
1027 1071 1176 1127 atque
1207 1065 1554 1116 inexorabilem
1602 1082 1715 1116 esse
1757 1073 1942 1116 rerum
1961 1079 2048 1116 na-

389 1153 562 1207 turam,
596 1148 684 1195 sed
717 1160 867 1209 posse
897 1159 924 1192 a
957 1143 1279 1209 prudentibus
1307 1161 1389 1194 res
1407 1145 1639 1196 fortuitas
1655 1146 1717 1196 ad
1735 1141 2048 1196 commodum

389 1225 556 1292 dirigi,'
586 1230 639 1274 et
670 1225 877 1274 fortibus
913 1221 1080 1277 favere
1113 1222 1386 1273 fortunam·

513 1303 716 1369 θάρσος
747 1299 804 1353 δὲ
835 1301 968 1366 πρὸς
997 1300 1091 1361 τὰς
1123 1300 1406 1368 συμφορὰς
1437 1300 1570 1369 μέγα
1601 1301 1794 1356 σθένει.

385 1384 720 1434 Praesentiam
751 1387 914 1431 autem
950 1383 1155 1431 deorum
1189 1384 1383 1432 ostendi
1414 1384 1667 1449 insperato
1691 1386 1905 1445 auxilio,
1949 1401 2048 1451 quo

386 1464 672 1528 saepissime
704 1467 902 1528 praesto
947 1463 1042 1511 sint
1073 1462 1168 1523 iis,
1214 1463 1297 1525 qui
1329 1462 1462 1511 nulla
1494 1478 1591 1529 ope
1624 1465 1832 1515 humana
1863 1466 2048 1516 servari

384 1543 654 1609 potuerint·

514 1620 643 1688 όρᾷς
677 1619 723 1671 δ’
758 1619 994 1671 ἀέλπτων
1026 1618 1233 1686 μυρίων
1263 1605 1632 1687 άναστροφάς·

513 1698 699 1752 πολλοὶ
730 1698 828 1764 μὲν
860 1695 1022 1765 οἶδμα
1054 1700 1315 1767 διέφυγον
1346 1700 1658 1764 θαλάσσιον,

509 1779 695 1833 πολλοὶ
729 1779 786 1831 δὲ
818 1780 1030 1846 λόγχαις
1060 1781 1323 1846 πολεμίων
1356 1780 1645 1846 ἀμείνονες,

507 1860 709 1930 ἥσσους
739 1862 986 1927 γεγῶτες,
1020 1861 1283 1927 κρείσσον’
1314 1855 1487 1928 ἦλθον
1521 1859 1574 1921 ἐς
1603 1859 1781 1927 τύχην.

509 1971 575 1981 -
703 1970 770 1982 ,-
897 1970 963 1978 -ι-
1090 1969 1154 1980 .-
1259 1969 1265 1975 =
1285 1968 1353 1979 -ι
1481 1969 1546 1978 .-

510 2036 577 2046 —-
641 2036 708 2045 —
771 2005 882 2057 ἄλλ’
917 2006 1051 2068 ἔστι,
1084 2008 1188 2058 κᾶν
1217 2023 1296 2066 τις
1329 2003 1514 2074 ἐγγελᾷ
1545 2006 1701 2073 λόγῳ,

515 2080 650 2148 Ζεὺς
680 2084 769 2138 καὶ
799 2084 921 2137 θεοὶ
953 2086 1163 2150 βρότεια
1196 2086 1504 2145 λεύσσοντες
1535 2086 1682 2152 πάθη
1719 2086 1784 2151 ²¹²).

879 2166 1547 2217 ΒΕΛΛΕΡΟΦΟΝΊἨΣ.

512 2238 554 2296 ὦ
585 2247 706 2307 παῖ,
738 2243 874 2296 νέων
905 2264 956 2296 τι
989 2245 1126 2310 δρᾶν
1158 2243 1254 2310 μὲν
1287 2244 1494 2297 ἔντονοι
1524 2242 1684 2312 χέρες,

509 2326 714 2392 γνῶμαι
747 2325 795 2377 δ’
829 2325 1077 2392 άμείνους
1108 2325 1204 2376 εἰσὶ
1235 2326 1343 2377 τῶν
1373 2323 1717 2392 γεραιτέρων·
1900 2328 1929 2359 ‘²'

508 2405 539 2457 ὁ
571 2406 673 2471 γὰρ
706 2404 895 2472 χρόνος
929 2405 1159 2471 δίδαγμα
1191 2406 1586 2458 ποικιλώτατον.

506 2564 639 2630 πρὸς
671 2563 769 2633 τὴν
799 2565 966 2619 νόσον
998 2583 1082 2618 τοι
1114 2564 1204 2617 καὶ
1234 2565 1329 2617 τὸν
1365 2561 1548 2629 ἰατρὸν
1580 2564 1747 2632 χρεὼν
1791 2577 1793 2581 “

510 2644 672 2698 ἰδόντ’
706 2645 975 2710 οἰκεῖσθαι,
1009 2643 1081 2714 μὴ
1117 2646 1357 2699 ’πίτακτα
1390 2647 1643 2713 φάρμακα

511 2726 726 2789 διδόντ’,
761 2725 854 2779 ἐὰν
886 2727 958 2795 μὴ
991 2731 1158 2779 ταῦτα
1191 2732 1258 2794 τῇ
1290 2728 1434 2797 νόσῳ
1467 2725 1655 2793 πρέπῃ.

376 2809 612 2858 Iustitiam
648 2809 768 2858 dicit
798 2810 1034 2859 institutis
1071 2809 1272 2874 quidem
1309 2811 1600 2874 legibusque
1633 2806 1909 2868 civitatum,
1955 2813 2045 2861 sed

376 2888 509 2938 nulla
541 2888 746 2937 deorum
778 2889 1070 2938 auctoritate
1093 2887 1312 2952 defendi,
1348 2891 1470 2939 deos
1486 2887 1677 2937 iustitia
1699 2889 2046 2956 probitateque

376 2968 657 3018 hominibus
690 2983 785 3016 non
820 2984 932 3016 esse
965 2969 1261 3032 superiores.

507 3045 659 3097 νόσοι
692 3043 749 3096 δὲ
781 3047 995 3112 θνητῶν
1031 3045 1088 3097 αἱ
1119 3045 1217 3110 μέν
1251 3046 1343 3098 εἰσ’
1379 3043 1701 3110 αὐθαίρετοι,

507 3124 566 3176 αἱ
595 3125 643 3176 δ’
679 3122 735 3175 ἐκ
767 3125 912 3176 θεῶν
944 3125 1212 3191 πάρεισιν,
1247 3127 1379 3179 άλλὰ
1410 3131 1483 3191 τῷ
1515 3125 1662 3195 νόμῳ

508 3204 691 3270 ἰῶμεθ’
728 3204 915 3265 αὐτάς·
949 3205 1081 3257 άλλά
1115 3219 1199 3259 σοι
1228 3206 1367 3271 λέξαι
1397 3203 1553 3268 θέλω,

507 3284 552 3336 εἰ
583 3284 702 3337 θεοί
732 3303 781 3338 τι
815 3285 981 3351 δρῶσι
1013 3289 1251 3351 φαῦλον,
1287 3288 1386 3340 οὐκ
1419 3283 1550 3339 εἰσὶν
1582 3281 1701 3336 θεοί
1735 3283 1836 3346 **).

445 3401 496 3455 Χ)
523 3400 706 3456 Fragm.
736 3400 820 3443 inc.
853 3415 895 3442 n.
926 3399 1022 3442 144.

338 3461 339 3466 ¹
417 3470 493 3525 >wi)
523 3470 735 3526 Respexit
764 3471 823 3513 ad
850 3471 966 3514 haec
994 3470 1311 3526 Aristophanes
1338 3470 1443 3513 Pac.
1476 3466 1580 3511 848:
