2176 3874
1123 294 1246 351 384

360 443 517 503 Obiit,
573 439 755 504 inquit,
811 438 1028 487 Pericles
1085 440 1319 490 archonte
1376 441 1574 490 Aminia
1631 457 1806 492 mense
1859 441 2026 494 Meta-

355 522 602 589 geitnione
638 518 703 583 (v.
728 517 964 568 Dodwell.
989 519 1164 572 Annal.
1187 519 1417 585 Thucyd.
1451 537 1499 586 p.
1524 524 1639 574 657.
1674 521 1870 587 Lips.);
1902 539 2026 589 pau-

355 604 425 651 cis
457 599 729 648 interiectis
760 599 1012 647 mensibus
1046 603 1163 648 sunt
1195 600 1406 660 Lenaea,
1442 602 1616 665 quibus
1651 609 1762 651 acta
1794 603 1919 652 haec
1951 603 2028 652 fa-

351 681 465 733 bula
499 680 607 728 erit.
674 678 809 727 Idem
843 677 976 726 haud
1011 695 1166 744 pauca
1200 680 1334 729 dicta
1368 682 1587 730 ostendit
1618 682 1863 732 eiusmodi
1897 698 2026 743 esse,

351 766 408 811 ut
439 759 644 826 perinde
680 759 742 807 ad
785 758 1023 818 civitati&
1069 775 1214 824 quam
1257 761 1319 808 ad
1352 777 1705 825 personarum,
1750 763 1838 828 qui
1871 762 2026 812 effan-

349 847 460 903 tur,
492 840 620 888 mala
652 838 835 888 referri
866 839 1084 902 possint:
1118 838 1252 887 velut
1282 839 1366 888 illa
1400 842 1604 890 nutricis

482 921 728 984 κρεῖσσον
760 916 818 969 δὲ
850 920 1029 969 νοσεῖν
1060 915 1094 983 ἢ
1127 918 1444 981 θεραπεύειν
1475 922 1601 982 κτλ.,

352 1017 478 1066 quae
521 1005 635 1062 apte
677 1000 809 1048 idem
856 999 1062 1048 contulit
1105 1015 1215 1047 cum
1261 998 1571 1064 Thucydidis
1618 1001 1781 1050 verbis
1817 1000 1886 1062 ll,
1931 1003 2026 1050 51:

351 1079 433 1131 ὅτι
475 1077 648 1143 ἕτερος
697 1077 790 1144 ἀφ’
850 1075 1030 1143 ἑτέρου
1085 1075 1369 1141 θεραπείας
1412 1078 1876 1145 ἀναπιμπλάμενοι
1917 1081 2025 1132 κτλ.

348 1161 525 1226 Neque
556 1161 716 1208 minus
750 1159 1011 1208 Phaedrae
1045 1159 1274 1207 verbum:

476 1267 538 1277 ——
676 1267 742 1276 »-
870 1265 937 1274 —-
1071 1235 1202 1287 ἀλλὰ
1235 1242 1418 1302 κρατεῖ

477 1318 551 1385 μὴ
583 1317 924 1383 γιγνώσκοντ’
960 1316 1267 1379 ἀπολέσθαι,

348 1415 459 1449 cum
492 1399 587 1459 his,
623 1416 748 1464 quae
782 1400 915 1450 idem
946 1399 1158 1463 scriptor
1191 1401 1592 1450 commemoravit
1611 1427 1679 1437 -
1701 1391 1829 1458 τοὺς
1853 1397 1911 1450 δὲ
1935 1397 2026 1450 καὶ

347 1477 488 1546 λήθη
545 1475 804 1545 ἐλάμβανε
883 1476 1189 1542 παραυτίκα
1249 1476 1579 1539 ἀναστάντας
1637 1479 1746 1531 τῶν
1811 1479 2026 1531 πάντων

347 1558 577 1626 ὁμοίως,
621 1557 711 1611 καὶ
742 1558 1014 1626 ἠγνόησαν
1060 1564 1199 1624 σφοῖς
1233 1576 1287 1610 τε
1323 1553 1520 1620 αὐτοὺς
1565 1558 1655 1610 καὶ
1686 1554 1812 1620 τοὺς
1845 1556 2026 1624 ἐπιτη-

347 1639 523 1699 δείους
543 1666 610 1677 —-
635 1656 902 1705 congruere
929 1643 1132 1690 monuit.
1180 1641 1354 1705 Neque
1383 1646 1656 1707 potuerunt
1679 1641 2026 1703 Atheznieuse8‚

346 1739 460 1774 cum
493 1721 720 1770 audirent
751 1721 876 1770 haec
911 1720 1193 1770 Phaedrae:

467 1802 636 1866 ἀφελ’,
671 1796 974 1865 ἀμπέτασον
1007 1799 1306 1866 βόστρυχον
1340 1800 1518 1866 ὤμοις,

346 1897 618 1946 rursusque
634 1898 647 1929 :

476 1962 589 2022 πῶς
622 1958 690 2012 ἂν
723 1961 981 2028 δροσερᾶς
1014 1962 1119 2015 ἀπὸ
1153 1962 1403 2030 κρηνῖδος

474 2043 734 2107 καθαρῶν
764 2041 980 2094 ὑδάτων
1014 2044 1152 2107 πῶμ’
1188 2043 1493 2109 ἀρυσαίμαν
1526 2043 1636 2094 κτλ.

345 2140 443 2174 nou
469 2123 721 2172 recordari
756 2140 942 2180 eorum,
986 2142 1109 2189 quae
1145 2126 1317 2173 morbo
1351 2124 1687 2172 laborantibus
1722 2121 2022 2181 acciderant,

345 2210 478 2254 teste
511 2202 807 2266 Thucydide
841 2221 882 2252 c.
918 2207 1009 2252 49:
1053 2202 1118 2255 τὰ
1154 2203 1199 2255 δ’
1237 2201 1385 2263 ἐντὸς
1419 2200 1590 2262 οὕτως
1625 2199 1854 2262 ἐκαίετο,
1897 2197 2025 2260 ῶςτε

345 2282 474 2350 μήτε
520 2282 628 2332 τῶν
671 2282 815 2332 πάνυ
863 2284 1066 2334 λεπτῶν
1097 2283 1321 2348 ἱματίων
1364 2281 1455 2335 καὶ
1489 2281 1755 2334 σινδόνων
1786 2279 1880 2341 τὰς
1913 2278 2022 2332 ἐπι-

345 2361 508 2430 βολὰς
550 2362 668 2429 μήτ’
701 2364 829 2413 ἄλλο
872 2381 921 2414 τι
953 2362 988 2430 ἢ
1022 2363 1232 2430 γυμνὸν
1280 2361 1593 2431 ἀνέχεσθαι,
1641 2361 1829 2430 ἥδιστά
1875 2363 1920 2412 τ’
1956 2359 2026 2412 ἂν

345 2443 399 2505 ἐς
446 2441 592 2507 ὕδωρ
641 2443 850 2510 ψυχρὸν
896 2449 1036 2510 σφοῖς
1080 2439 1278 2506 αὐτοὺς
1324 2444 1526 2511 ῥίπτειν
1570 2446 1678 2496 κτλ.
1757 2444 1901 2493 Adde
1948 2459 2023 2504 ea,

345 2541 474 2591 quae
507 2525 568 2572 ad
605 2525 927 2574 consolandos
978 2528 1440 2592 confirmandosque
1473 2531 1704 2593 aegrotos
1747 2524 2024 2589 pertinent:

478 2603 698 2667 θάρσει,
733 2600 948 2666 τέκνον,
985 2605 1076 2657 καὶ
1116 2605 1189 2674 μὴ
1225 2607 1460 2674 χαλεπῶς

476 2684 763 2751 μετάβαλλε
798 2683 958 2750 δέμας
990 2688 1097 2738 κτλ.

342 2766 568 2830 Denique
600 2782 725 2830 quae
759 2767 822 2815 de
854 2768 1006 2817 nimio
1039 2769 1284 2818 amicitiae
1329 2767 1495 2818 studio
1530 2766 1692 2816 nutrix
1725 2762 2023 2829 pronuntiat,

342 2846 519 2896 eadem
550 2845 696 2910 vulgo
730 2847 954 2897 dictitata
1000 2864 1114 2897 esse
1125 2884 1140 2909 ,
1177 2847 1490 2913 Thucydidis
1526 2863 1570 2895 c.
1606 2848 1687 2896 52.
1734 2844 1905 2909 legens
1948 2843 2023 2891 iu-

343 2927 556 2992 telliges.

471 3006 611 3054 Haec
657 3008 817 3056 omnia
851 3008 894 3057 si
928 3025 986 3057 ea
1020 3025 1197 3059 caussa
1228 3010 1415 3058 inserta
1450 3020 1563 3055 esse
1595 3003 1759 3063 dicaS‚
1795 3006 1848 3050 ut
1882 3001 2023 3065 quasi

341 3085 587 3135 lenocinio
631 3087 938 3137 audientium
982 3105 1125 3138 aures
1174 3092 1519 3154 captarentur,
1576 3083 1802 3132 iniuriam
1850 3081 2020 3132 facias,

342 3165 453 3214 Non
495 3164 803 3214 lenocinatur
844 3169 972 3215 enim
1006 3169 1077 3227 is,
1132 3170 1215 3233 qui
1250 3166 1562 3234 popularium
1598 3163 1878 3212 conditione
1911 3166 2021 3210 tau-

341 3245 475 3310 gitur
523 3251 590 3304 et,
624 3244 741 3294 dum
777 3248 840 3295 de
876 3250 1119 3297 communi
1152 3247 1434 3297 mortalium
1470 3248 1605 3294 sorte
1638 3241 1924 3302 meditatur,
1959 3240 2022 3289 ad

294 3329 297 3336 ⁴
341 3325 619 3389 praesentia
654 3330 706 3374 et
737 3328 935 3391 propria
969 3328 1145 3376 civium
1179 3328 1306 3376 mala
1337 3325 1568 3389 respicit,
1621 3321 1709 3371 sed
1747 3337 1894 3370 sensu
1927 3321 2022 3370 hu-

341 3404 588 3453 manitatis
623 3420 678 3454 se
712 3406 1000 3457 destitutum
1048 3423 1145 3457 non
1180 3422 1292 3456 esse
1325 3404 1581 3469 significat.
1651 3401 1824 3450 Potius
1858 3399 2022 3464 philo-

342 3484 487 3548 sophi
533 3484 904 3537 meditationem
950 3488 1030 3537 his
1074 3486 1317 3538 declarari
1362 3482 1735 3548 intelligendum
1772 3485 1881 3542 est,
1931 3479 2021 3528 do-
