2144 3854
882 297 960 353 19

80 445 173 496 dos
198 445 407 505 animos,
441 445 741 495 Graecorum
769 442 1070 508 praesertim
1099 443 1373 502 hominum,
1409 447 1578 509 aptum
1599 444 1759 496 fuisse

79 527 351 592 putamus‘!
401 525 523 589 Quis
567 528 823 590 praeterea
870 523 1065 586 ignorat
1110 538 1300 571 summa
1347 540 1459 574 cum
1503 525 1759 591 voluptate

81 624 110 656 a
144 607 352 656 Graecis
387 608 634 670 spectatos
670 619 782 652 esse
812 603 1038 654 homines
1075 602 1346 652 calliditate
1381 605 1588 668 perinde
1611 612 1759 671 atque

80 685 370 736 fortitudine
403 685 700 734 excellentes
735 688 882 747 atque
917 700 979 732 ex
1013 683 1287 748 desperatis
1320 685 1471 733 rebus
1503 702 1599 750 per
1626 703 1759 737 sum-

80 782 184 815 mas
219 765 542 815 difficultates
578 763 784 813 consilio
820 768 872 813 et
904 764 1090 813 virtute
1124 763 1441 813 eluctantes?
1501 765 1760 826 Quomodo

78 861 198 895 vero
233 845 478 911 capiendi,
512 844 742 907 tenendi,
781 844 1148 905 commovendi,
1196 843 1504 905 delectandi,
1551 845 1760 898 docendi

78 927 124 975 vi
157 942 325 975 carere
355 929 523 990 potest
555 925 754 983 drama,
802 925 933 989 quod
970 931 1070 974 tam
1105 940 1304 989 gravem
1338 940 1503 973 rerum
1540 941 1759 976 commu-

77 1007 312 1056 tationem
345 1009 721 1070 repraesentat,
767 1022 861 1068 qua
910 1004 1231 1054 contunditur
1275 1003 1540 1053 insolentia
1573 1022 1759 1070 eorum,

77 1087 160 1150 qui
191 1091 417 1149 tanquam
453 1085 551 1133 iam
588 1088 722 1132 certa
757 1085 1110 1149 explorataque
1135 1084 1344 1133 victoria
1369 1084 1757 1150 triumphabant,

76 1165 428 1216 confirmantur
460 1164 609 1212 animi
645 1180 816 1212 eorum
852 1170 903 1213 et
929 1165 991 1212 ad
1021 1164 1316 1229 sperandam
1341 1165 1574 1214 maiorem
1603 1166 1758 1216 victo-

71 1245 196 1294 riam
228 1245 509 1309 eriguntur,
544 1244 722 1308 quibus
759 1249 979 1294 extrema
1015 1261 1240 1311 quaeque
1273 1245 1488 1296 verenda
1524 1246 1760 1297 fuerant'!

71 1323 208 1390 Ego,
243 1325 637 1390 quotiescunque
669 1324 944 1374 Homerum
973 1326 1072 1390 legi
1098 1326 1259 1377 noctis
1285 1326 1415 1376 illius
1447 1326 1759 1378 decretoriae

72 1418 218 1454 casus
259 1409 614 1470 exponentem,
662 1406 931 1454 admiratus
979 1423 1088 1456 sum
1137 1407 1427 1472 sapientiam
1475 1412 1658 1473 poetae
1707 1412 1760 1457 et

70 1484 206 1534 visus
240 1489 320 1534 est
355 1485 506 1547 mihi,
542 1485 606 1541 de
641 1485 848 1535 Graecis
873 1484 1205 1552 Troianisque
1237 1503 1470 1548 narranS,
1504 1488 1757 1540 Romano-

70 1581 182 1614 rum
224 1566 288 1614 ad
331 1565 523 1615 Cannas
568 1566 809 1615 victorum
842 1567 1079 1616 invictum
1115 1567 1332 1618 animum
1369 1572 1420 1616 et
1458 1568 1757 1634 Poenorum,

70 1644 265 1709 plagam
299 1644 610 1693 mortiferam
654 1647 920 1710 prostratis
963 1647 1189 1712 infligere
1230 1646 1634 1712 dedignantium,
1680 1665 1758 1699 er-

72 1739 236 1772 rorem
287 1723 596 1788 exprimere,
645 1742 704 1773 ac
752 1728 900 1774 totius
945 1727 1063 1774 belli
1096 1731 1328 1776 eventum
1361 1727 1414 1777 in
1447 1728 1758 1794 depingenda

72 1803 153 1852 illa
186 1809 331 1853 nocte
366 1805 646 1853 ostendere.
714 1804 890 1870 Neque
935 1807 1068 1854 aliud
1115 1806 1407 1871 quidquam,
1461 1823 1605 1871 quam
1650 1809 1758 1859 Ho-

70 1898 289 1943 merum,
336 1884 627 1948 Euripidem
674 1891 928 1949 spectasse
975 1890 1302 1950 secutumque
1348 1901 1462 1935 esse
1504 1892 1655 1953 puto,
1705 1896 1759 1941 ut

70 1964 258 2013 rectius
303 1962 665 2029 Nyctegresia,
726 1981 870 2028 quam
916 1966 1146 2024 RhesuS,
1199 1967 1297 2015 hoc
1342 1967 1512 2016 drama
1555 1970 1758 2020 inscribi

67 2045 314 2108 potuerit:
368 2059 467 2094 non
511 2045 640 2095 enim
687 2045 748 2093 ab
797 2045 920 2109 ipsis
966 2047 1294 2111 scriptoribus
1338 2049 1536 2099 nomina
1575 2050 1756 2100 fabulis

67 2122 298 2190 imposita
345 2140 457 2173 esse
503 2125 816 2174 manifestum
865 2131 957 2177 est.
1031 2128 1394 2191 Quamobrem,
1444 2130 1487 2178 si
1530 2138 1672 2180 recte
1701 2137 1758 2182 et

68 2219 184 2253 vere
228 2204 294 2253 de
339 2209 515 2254 natura
563 2206 765 2256 humani
809 2207 956 2257 animi
992 2223 1229 2274 expressa
1263 2214 1379 2259 sunt
1410 2209 1496 2259 illa
1527 2211 1756 2274 Homeri,

60 2289 122 2333 et
164 2284 489 2334 similitudine
534 2302 701 2335 rerum
748 2303 776 2335 a
819 2289 1040 2353 populis¹
1067 2289 1446 2355 quibuscunque
1501 2297 1754 2357 gestarum

67 2364 450 2427 confirmantur,
484 2382 585 2416 non
610 2367 772 2416 minus
795 2373 935 2416 recta
963 2372 1015 2416 et
1038 2384 1154 2416 vera
1180 2374 1230 2416 et
1254 2385 1499 2434 personae
1519 2372 1754 2422 Hectoris

68 2445 410 2494 convenientia
446 2452 558 2496 sunt
592 2463 666 2508 ea,
703 2447 882 2510 quibus
908 2447 1195 2512 Euripides,
1229 2450 1506 2499 Homerum
1534 2457 1754 2514 secutus,

68 2521 210 2573 ducis
232 2523 437 2574 Troiani
469 2525 780 2576 insolentiam
814 2529 1152 2588 adumbravit3
1190 2529 1256 2580 cf.
1280 2529 1335 2578 Il.
1366 2531 1426 2588 θ,
1453 2531 1753 2581 497-541.

68 2618 181 2652 cum
213 2609 413 2653 nostrae
445 2604 644 2654 fabulae
676 2620 723 2654 v.
751 2609 988 2655 52—75.
1047 2608 1186 2670 Quae
1219 2609 1483 2659 insolentia
1517 2627 1614 2675 quo
1648 2628 1752 2662 ma-

66 2682 143 2748 gis
179 2688 315 2732 esset
347 2685 642 2749 conspicua,
687 2701 898 2736 necesse
946 2685 1043 2735 fuit
1089 2692 1230 2737 antea
1265 2693 1317 2736 et
1352 2689 1752 2754 desperationem

64 2761 448 2856 Agamemnonis
475 2769 526 2814 et
547 2765 854 2829 reliquorum
879 2765 1061 2815 ducum
1087 2768 1410 2818 constantiam
1425 2770 1752 2836 intrepidum-

64 2858 162 2909 que
195 2843 410 2894 animum
446 2845 654 2895 ostendi.
724 2845 888 2908 Quum
923 2849 1090 2895 autem
1124 2848 1384 2897 concilium
1430 2848 1614 2901 ducum
1645 2850 1751 2900 Eu-

64 2923 254 2989 ripides
275 2930 654 3002 repraesentans
678 2926 846 2976 Iliadis
869 2926 954 2975 lib.
973 2924 1055 2974 lx.
1072 2942 1117 2978 v.
1137 2927 1341 2977 1—79.
1372 2934 1425 2979 et
1451 2932 1749 2997 697—713.

63 3002 371 3067 imitaretur,
418 3006 501 3056 uni
535 3005 766 3054 Diomedi
799 3006 974 3055 tribuit
1004 3012 1198 3071 partes,
1236 3024 1357 3073 quas
1392 3011 1524 3076 apud
1557 3012 1748 3061 Home-

64 3099 174 3133 rum
206 3085 338 3144 idem
359 3102 471 3136 cum
494 3085 710 3135 Nestore
745 3087 980 3151 suscepit,
1017 3092 1075 3136 ut
1097 3088 1335 3155 castigato
1359 3090 1746 3156 Agamemnone,

65 3164 151 3228 qui
181 3163 350 3230 fugam
386 3166 652 3226 suadebat,
688 3166 821 3215 ultro
857 3183 913 3215 se
947 3166 1008 3215 ad
1044 3168 1343 3233 exploranda
1375 3170 1595 3221 hostium
1630 3188 1747 3223 con-

66 3243 177 3294 silia
211 3246 542 3311 damnumque
575 3247 638 3296 iis
673 3246 986 3297 inferendum
1021 3247 1069 3297 in
1093 3247 1421 3300 Troianorum
1456 3256 1616 3301 castra
1650 3253 1745 3303 itu-

66 3337 175 3372 rum
222 3341 335 3374 esse
378 3327 716 3391 profiteretur.
802 3327 1048 3392 Colloquii
1093 3327 1241 3378 huius
1287 3345 1458 3379 versus
1510 3333 1747 3397 quosdam

66 3404 198 3467 apud
229 3411 484 3455 auctorem
511 3406 701 3457 Christi
732 3408 963 3473 patientis
997 3407 1389 3474 deprehendisse
1415 3411 1540 3460 mihi
1563 3413 1745 3485 videor.

69 3481 115 3530 Is
149 3483 305 3543 enim,
352 3501 503 3550 quum
537 3503 599 3537 ex
632 3487 821 3553 reliqua
854 3487 1011 3538 Rhesi
1043 3492 1187 3553 parte
1219 3490 1458 3553 plurimos
1493 3507 1663 3541 versus
1697 3488 1747 3541 in

1156 3570 1189 3617 2
1213 3567 1242 3597 *
