2176 3874
1103 269 1227 325 4⁰8

329 419 705 481 conviciansque
721 419 772 465 et
788 414 1222 465 vehementissima
1237 414 1457 464 oratioue
1477 414 1528 463 iu
1553 428 1707 479 genus
1741 415 1999 468 mulierum

328 502 603 551 universum
639 495 891 544 invehens.

458 577 578 626 Duri
596 575 741 624 animi
760 574 1058 639 superbique
1080 579 1157 623 est
1189 574 1306 622 nihil
1339 573 1470 623 vitiis
1507 574 1713 623 aliorum
1740 575 1999 640 ignoscere

326 663 394 719 et,
427 657 558 722 quod
591 660 644 704 te
675 655 838 720 ipsum
873 653 1213 704 imbecillitate
1261 660 1465 703 naturae
1498 653 1740 704 humanae
1770 655 2010 720 superio·‘

323 753 431 786 rem
465 751 577 784 esse
612 739 783 800 μήτε,
832 734 1062 783 damnare
1096 750 1257 798 neque
1304 733 1403 782 ulla
1436 734 1575 783 venia
1607 733 1778 798 dignos
1812 735 1999 786 habere

322 821 603 882 peccantes,
670 812 797 862 Tam
830 800 1282 863 sublimem'a'utem
1317 830 1455 863 suam
1493 829 1605 863 esse
1625 814 1855 864 virtutem
1871 814 1997 880 Hip-

322 895 519 962 polytus
551 899 723 959 putat,
772 899 828 943 ut
860 910 923 942 ne
955 900 1143 943 vestem
1193 893 1390 957 quidem
1424 895 1484 943 ab
1518 895 1831 958 impura-anu
1865 895 1999 958 tangi

322 975 539 1041 patiatur
581 989 826 1038 auresque
870 978 1013 1038 putet
1054 974 1222 1022 statim
1266 975 1373 1022 vivo
1425 973 1565 1022 fonte
1598 973 1832 1024 eluendas
1866 989 1994 1024 esse.

321 1054 588 1119 Egregium
634 1055 732 1103 hoc
776 1069 972 1116 quoque
1005 1053 1192 1116 signum
1242 1058 1319 1102 est
1365 1053 1519 1102 studii
1562 1053 1836 1118 exquisitae
1881 1069 1995 1103 san-

322 1133 525 1194 ctitatis,
561 1133 707 1197 quod,
743 1133 963 1195 quamvis
988 1147 1043 1179 se
1064 1132 1376 1180 iureiurando
1400 1133 1600 1181 minime
1628 1134 1785 1182 teneri
1813 1133 1995 1183 intelli-

320 1218 402 1278 gat
435 1211 636 1277 (iuravit
670 1212 798 1260 enim
831 1212 1025 1275 lingua,
1060 1217 1274 1261 mentem
1306 1212 1565 1261 iniuratam
1600 1210 1783 1276 gerit),
1830 1219 1994 1263 tamen

319 1299 418 1342 tam
452 1293 695 1343 obstinate
728 1296 913 1351 servat,
946 1295 1004 1340 ut
1036 1291 1357 1340 atrocissimis
1391 1307 1447 1340 se
1479 1293 1735 1341 calumniis
1769 1293 1995 1354 lacerari,

322 1387 468 1436 quam
514 1372 664 1420 fidem
712 1370 812 1419 ullo
858 1377 1002 1434 pacto
1035 1371 1220 1419 violare
1254 1370 1405 1420 malit.
1471 1370 1811 1436 imprudenter
1842 1372 1995 1438 igitur

316 1450 674 1500 inconstantiae
719 1449 1012 1515 Euripidem
1059 1450 1217 1514 arguit
1260 1449 1628 1499 Valckenarius,
1695 1450 1892 1501 Tenere
1935 1468 1993 1502 se

315 1544 413 1578 non
445 1534 611 1594 potest
642 1529 979 1594 Hippolytus»,
1019 1545 1078 1578 re
1112 1529 1396 1594 turpissima
1430 1530 1647 1592 cognita,
1682 1530 1798 1594 quin
1829 1532 1993 1597 palam

317 1608 513 1672 clamet,
549 1626 702 1674 seque
734 1610 1063 1669 iureiurando,
1100 1610 1230 1673 quod
1266 1610 1446 1658 invitus
1469 1609 1677 1670 dederit,
1710 1610 1810 1658 ullo
1844 1613 1993 1662 modo

314 1689 572 1753 prohiberi
616 1694 778 1753 negat.
862 1689 963 1739 Sed
1010 1689 1211 1737 Theseo
1259 1705 1314 1738 se
1362 1705 1469 1737 rem
1518 1689 1829 1753 proditurum
1879 1706 1994 1741 esse

313 1782 553 1832 nusquam
587 1768 846 1832 professus
879 1774 971 1828 est,
1006 1785 1166 1833 neque
1201 1785 1261 1817 ex
1297 1783 1375 1827 eo,
1411 1770 1542 1832 quod
1577 1767 1627 1816 in
1658 1768 1820 1832 primo
1844 1770 1994 1820 animi

315 1848 508 1906 timore,
543 1848 662 1896 dum
696 1849 819 1896 iram
853 1849 1016 1897 verbis
1045 1849 1273 1908 effundit,
1306 1848 1558 1911 prohiberi
1578 1863 1634 1896 se
1657 1848 1991 1912 iureiurando,

314 1928 573 1991 quominus
607 1927 768 1992 palam
803 1927 1066 1987 clamaret,
1101 1928 1326 1992 negavit,
1378 1927 1705 1989 sequebatur,
1756 1935 1808 1976 ut
1840 1929 1991 1980 etiam

312 2005 375 2054 ad
408 2012 601 2071 patrem
635 2022 742 2055 rem
777 2007 1035 2056 deferendi
1058 2006 1152 2055 sibi
1177 2007 1422 2055 licentiam
1448 2021 1562 2055 esse
1583 2006 1904 2059 arbitraretur
1915 2007 1987 2075 *).

314 2083 547 2134 Ceterum
581 2085 699 2134 illud
734 2086 947 2135 dictum:

442 2161 479 2229 ἦ
510 2163 700 2229 γλῶσσ’
734 2161 981 2230 ὀμώμοκ’,
1015 2162 1051 2230 ἦ
1084 2160 1142 2214 δὲ
1175 2162 1321 2230 φρὴν
1353 2161 1644 2229 ἀνώμοτος,

312 2243 492 2293 merito
526 2249 579 2293 et
610 2245 911 2310 sapientibus
945 2246 1206 2310 probatum
1243 2250 1322 2294 est
1358 2245 1436 2306 ²²²22‘)
1473 2251 1524 2293 et
1570 2245 1832 2296 ineruditis
1863 2247 1986 2297 reli-

368 2452 419 2507 ²i)
447 2453 716 2496 Rectissime
766 2455 926 2508 poetae
966 2457 1161 2496 mentem
1209 2456 1435 2497 assecutus
1477 2457 1544 2498 est
1581 2453 1869 2498 scholiastes:
1922 2453 1988 2500 ον’

449 2525 634 2566 καθολ
650 2523 789 2573 ικαῖς
817 2541 843 2566 τ
859 2521 883 2567 ὁ
915 2525 1231 2576 τοιοῦτον,
1259 2520 1374 2567 ἀλλὰ
1402 2525 1515 2580 νῦν,
1559 2516 1742 2583 ἐπὲίπερ
1769 2522 1799 2580 η“
1827 2525 1985 2583 γραῦς,

448 2593 558 2650 πρὶν
595 2594 741 2637 εἰπεῖν
781 2589 835 2637 τό
876 2591 1034 2645 πάθος
1080 2591 1208 2652 αὐτῷ
1246 2594 1327 2638 καὶ
1364 2594 1473 2652 πρὶν
1511 2596 1574 2646 εἰς
1611 2594 1794 2639 ἔννοιαν
1831 2593 1987 2640 ἐλθεῖν

446 2660 592 2707 αὐτὸν
621 2663 706 2707 τοῦ
735 2663 1054 2720 ῥηθησομένου
1065 2697 1079 2718 ,
1119 2658 1260 2722 ὅρκον
1296 2663 1437 2723 ᾔτησε
1464 2665 1548 2721 τῆς
1585 2666 1760 2721 σιωπῆς
1796 2665 1875 2710 καὶ
1903 2668 1987 2722 τῆς

445 2733 671 2784 διανοίας,
699 2730 724 2776 ὁ
755 2732 806 2778 δὲ
833 2731 894 2790 μὴ
925 2732 1152 2791 προειδώς
1180 2732 1252 2790 ἐφ’
1281 2729 1312 2777 ἃ
1341 2731 1518 2791 ὤμοσεν
1546 2732 1694 2791 ὤμοσε
1706 2767 1717 2786 ,
1749 2736 1912 2791 φησίν·
1951 2735 1983 2793 ἦ

450 2803 628 2857 γλῶσσα
646 2803 1005 2862 προπετέστερον
1021 2804 1100 2848 καὶ
1115 2803 1241 2862 παρὰ
1257 2802 1441 2861 γνώμην
1455 2805 1536 2860 τῆς
1549 2804 1718 2862 φρενὸς
1732 2801 1984 2862 ὀμώμοκεν.

443 2870 769 2931 Ἀριστοφάνης
796 2873 1270 2931 καθολικώτερον
1299 2874 1516 2932 νοήσας
1546 2875 1658 2931 φησὶ
1678 2873 1762 2920 τὸν
1781 2873 1984 2934 Εὐριπί-

448 2944 535 2999 δην
546 2941 746 3000 ’ὑβρίζειν
763 2945 848 2999 τῆς
866 2942 1064 3001 γλώττης
1078 2941 1163 3000 τὴν
1179 2944 1402 2998 διάνοιαν,
1433 2942 1495 2995 οἷς
1525 2941 1583 2987 ἂν
1600 2943 1662 3001 μή
1693 2943 1751 2988 τοὶ
1781 2944 1984 3000 δόξαντα

445 3014 505 3070 τῇ
535 3015 675 3069 κρίσει
704 3014 787 3068 τῆς
824 3015 1036 3065 διανοίας
1075 3016 1407 3073 φθεγγομένης.
1455 3013 1534 3057 ”At
1549 3019 1571 3058 λ
1585 3032 1619 3058 ω
1634 3032 1655 3066 ς
1683 3033 1708 3058 τ
1721 3030 1740 3059 ε
1780 3017 1981 3072 φαίνει

446 3082 547 3126 διὰ
593 3084 705 3126 τῶν
735 3082 870 3139 ἑξῆς
910 3083 970 3128 vd
1003 3082 1245 3142 εὐσεβὲς
1275 3083 1460 3130 αὐτῶν
1488 3083 1821 3140 φυλάττων·
1867 3086 1981 3143 φησὶ

442 3150 529 3209 γὰρ
561 3153 635 3207 ,,εἰ
660 3150 722 3208 μὴ
752 3150 838 3210 γὰρ
868 3148 1021 3211 ὅρκοις
1048 3158 1175 3200 θεῶν
1202 3155 1435 3213 ἄφρακτος
1463 3151 1696 3213 ᾖρέθην,”
1728 3153 1869 3206 diste
1902 3156 1977 3213 μή

445 3221 698 3278 δόκησιν
727 3219 887 3283 αὐτῷ
918 3223 1252 3283 ἐπιορκίας
1278 3223 1582 3270 πλάττειν.

334 3292 412 3348 ⁹⁶⁹⁶)
441 3293 558 3335 Plat.
589 3293 746 3349 Symp.
788 3308 832 3349 p.
874 3293 973 3336 199.
1014 3295 1064 3337 Α.
1098 3297 1271 3339 Seneca
1298 3295 1435 3351 Hipp.
1470 3310 1515 3338 v.
1556 3294 1653 3337 891.
1693 3294 1823 3339 ovid.
1865 3297 1977 3340 Her.

444 3363 565 3415 XXI,
591 3362 690 3406 135.
720 3363 813 3406 Cic.
845 3363 932 3407 Off.
963 3365 1039 3419 111,
1067 3364 1137 3408 29.
1169 3366 1347 3410 Livius:
1377 3379 1568 3421 „corpus
1595 3368 1662 3407 est
1683 3369 1853 3412 tantum
1871 3365 1976 3411 vio-

443 3433 598 3487 latum,
627 3432 800 3479 animus
827 3432 1018 3479 iusons.'‘
1077 3435 1146 3480 Cf.
1179 3437 1387 3481 Valckeu.
1417 3435 1475 3480 ad
1502 3450 1546 3479 v.
1574 3434 1671 3479 612.
