2176 3874
960 286 1086 347 515

167 440 400 492 invidiam
432 442 740 501 reverentes,
774 438 1064 501 noluerunt,
1099 437 1252 487 iidem
1281 436 1535 503 peregrini
1561 438 1875 504 punitionem

168 521 515 572 lubentissime
549 519 830 570 concedunt
862 534 1025 582 neque
1058 518 1234 568 alienis
1273 519 1517 584 impensis
1552 534 1698 570 suum
1729 519 1874 571 debi-

167 607 272 653 tum
306 602 495 651 exsolvi
530 617 681 666 aegre
714 600 897 649 ferunt.

299 682 380 732 Ad
409 682 670 731 Hecubam
696 681 850 730 redeo
867 716 882 741 ,
917 694 1043 742 quae
1070 679 1296 743 perinde,
1320 683 1469 745 atque
1492 679 1704 745 Ulysues
1730 697 1872 732 suam

167 765 415 829 quondam
451 763 678 812 dextram
713 760 923 826 supplex
957 761 1137 824 attigit,
1172 760 1283 824 ipsa
1312 760 1535 809 vicissim
1560 778 1760 812 manum
1794 764 1871 813 in-

165 845 297 912 grati
332 845 573 908 contingit
604 845 791 893 haecce
825 840 1026 888 dicens:
1077 840 1229 901 „Noli
1263 841 1436 902 filiam,
1471 842 1674 891 unicum
1712 844 1871 893 malo-

166 942 279 976 rum
309 926 556 986 solatium,
584 940 613 973 e
638 922 862 972 manibus
893 922 1021 970 meis
1062 921 1380 970 abstrahere:
1416 922 1543 970 haec
1579 923 1711 972 enim
1747 923 1874 973 mihi

165 1022 260 1072 pro
294 1007 488 1072 patria,
523 1020 616 1070 pro
649 1003 868 1062 nutrice,
916 1018 1009 1068 pro
1045 1002 1269 1068 scipione
1304 1006 1398 1053 est.
1469 1001 1579 1050 Non
1615 1003 1763 1053 decet
1796 1005 1872 1053 vi-

167 1092 337 1137 ctores
372 1085 597 1150 potentia
631 1084 795 1143 abuti,
848 1099 1011 1147 neque
1048 1083 1131 1147 qui
1177 1084 1330 1133 rebus
1380 1082 1613 1132 secundis
1663 1089 1873 1135 utuntur

165 1172 464 1232 perpetuam
497 1165 608 1213 fore
642 1162 935 1213 felicitatem
972 1180 1192 1228 sperare.
1263 1163 1512 1213 Miserere
1544 1163 1646 1212 mei
1699 1170 1749 1214 et
1790 1181 1871 1215 re-

165 1262 341 1296 versus
377 1246 440 1295 ad
475 1245 754 1294 exercitum
790 1245 1100 1294 Graecorum
1136 1244 1293 1305 doce,
1345 1260 1490 1308 quam
1526 1245 1594 1293 sit
1626 1260 1708 1294 res
1745 1245 1870 1294 invi-

164 1325 307 1376 diosa
339 1324 578 1375 mulieres
615 1326 898 1374 interficere
933 1331 1107 1390 raptas,
1132 1327 1192 1375 ab
1232 1324 1351 1385 ariS,
1387 1325 1565 1388 quibus
1598 1330 1745 1374 antea
1778 1342 1871 1391 pe-

161 1407 443 1473 perceritis.
514 1406 667 1454 Certe
702 1407 831 1454 enim
857 1407 1036 1455 vestris
1059 1407 1252 1470 legibus
1286 1405 1395 1470 pari
1425 1420 1587 1471 poena
1615 1421 1870 1456 servorum

162 1489 347 1538 caedes
370 1492 524 1550 atque
551 1486 874 1549 ingenuorum
903 1487 1196 1536 vindicatur.
1249 1486 1530 1535 Auctoritas
1565 1491 1730 1536 autem
1766 1492 1870 1549 tua,

163 1569 318 1618 'etiam
364 1566 606 1615 siminus
642 1572 784 1631 grata
817 1568 984 1628 dices,
1038 1567 1410 1632 persuadebit.”
1493 1566 1637 1616 Haec
1684 1566 1871 1617 frustra

161 1653 422 1698 tentantur
454 1647 503 1695 in
538 1662 599 1694 eo
634 1646 756 1707 viro,
793 1647 878 1710 qui
911 1648 1074 1696 omnia
1099 1647 1372 1708 ambitioni,
1408 1647 1477 1696 nil
1497 1648 1871 1697 misericordiae

161 1742 328 1792 neque
359 1726 653 1776 humanitati
677 1727 865 1788 tribuit,
903 1728 1000 1792 qui,
1035 1729 1130 1776 nisi
1166 1727 1364 1777 ferreae
1398 1727 1580 1777 frontis
1615 1733 1771 1788 esset,
1806 1727 1870 1776 ad

158 1808 501 1859 abducendam
529 1807 833 1872 Polyxenam
859 1824 955 1857 non
991 1809 1102 1873 ipse
1135 1809 1368 1858 venisset.
1439 1808 1570 1871 Quin
1597 1808 1767 1869 etiam,
1802 1823 1867 1857 ne

161 1889 302 1954 virgo
336 1891 559 1938 mentum
608 1895 692 1938 aut
738 1889 965 1938 dextram
1013 1889 1397 1954 apprehendere
1441 1889 1654 1954 supplex
1687 1888 1868 1953 possit,

164 1985 223 2020 os
258 1974 398 2019 retro
434 1975 636 2033 torquet
669 1986 972 2033 manumque
1005 1970 1156 2034 pallio
1192 1970 1428 2019 occultat.
1497 1970 1566 2019 At
1600 1969 1725 2018 haec
1758 1973 1869 2017 tan-

159 2055 268 2101 tum
303 2051 464 2110 abest,
499 2056 558 2098 ut
591 2065 753 2116 genna
786 2050 876 2097 viri
911 2050 1202 2098 advolvatur
1227 2055 1313 2098 aut
1337 2066 1394 2098 se
1416 2050 1632 2114 turpiter
1651 2049 1869 2111 abiiciat,

159 2136 216 2182 ut
248 2131 377 2180 mori
413 2130 542 2179 ultro
578 2131 762 2195 cupiat,
798 2146 974 2179 necem
1009 2130 1275 2178 humilitati
1309 2146 1368 2178 ac
1404 2129 1650 2189 servituti,
1685 2130 1736 2178 in
1771 2145 1870 2194 qua

158 2212 286 2263 nihil
318 2212 437 2261 boni
466 2227 670 2274 sperare
695 2211 861 2270 liceat,
899 2217 1223 2274 anteponens.
1294 2209 1422 2259 Tam
1458 2225 1753 2276 generosam
1787 2225 1870 2259 re-

161 2293 272 2356 giae
303 2291 507 2355 virginis
541 2289 760 2337 indolem
794 2297 1182 2352 repraesentans
1230 2297 1381 2356 poeta
1430 2290 1664 2339 heroicos
1698 2305 1868 2339 mores

159 2385 395 2420 servasse
424 2368 726 2417 scholiastae
760 2369 960 2417 videtur
994 2367 1075 2431 *),
1127 2371 1211 2434 qui
1248 2371 1451 2433 quidem
1486 2370 1740 2419 immerito
1774 2370 1868 2419 he-

158 2451 326 2502 roicae
375 2447 671 2512 discipliuae
717 2449 889 2496 tribuit
944 2448 1077 2512 quod
1136 2450 1518 2515 philosophicae
1567 2454 1701 2498 erat:
1760 2449 1867 2498 sola

159 2531 294 2582 enim
309 2528 631 2595 philosophia
654 2530 899 2577 rationem
924 2529 1164 2591 ostendit,
1200 2546 1296 2593 qua
1325 2530 1508 2595 possis,
1532 2529 1682 2578 etiam
1713 2545 1865 2593 quum

159 2612 256 2661 vim
302 2610 536 2676 patiaris,
584 2625 737 2674 quum
783 2610 1140 2659 contumeliose
1190 2615 1242 2659 et
1291 2610 1563 2660 crudeliter
1613 2610 1865 2668 tracteriS,

157 2692 318 2742 victor
352 2697 404 2740 et
438 2690 748 2755 triumphans
794 2706 1055 2755 apparere.
1126 2691 1462 2754 Quamobrem
1514 2694 1628 2739 ante
1665 2689 1865 2755 Euripi-

157 2773 275 2823 dem
309 2787 456 2821 nemo
491 2772 791 2834 tragicorum
828 2771 1188 2820 immolationes
1220 2771 1472 2820 hominum
1509 2771 1710 2820 theatro
1746 2786 1863 2836 spe-

158 2854 363 2903 ctandas
389 2857 527 2901 recte
553 2852 789 2900 exhibere
817 2853 993 2916 potuit.
1063 2852 1330 2901 Hominem
1366 2851 1496 2900 enim
1522 2851 1679 2899 instar
1710 2866 1864 2915 peco-

157 2933 229 2982 ris
252 2932 316 2982 ad
344 2947 518 2981 necem
550 2948 641 2996 per
666 2931 766 2979 vim
794 2932 903 2996 rapi
939 2932 1136 2996 indigna
1161 2948 1244 2981 res
1272 2937 1365 2994 est,
1399 2947 1563 2995 neque
1593 2931 1862 2995 erigendiS,

158 3013 251 3064 sed
282 3011 569 3078 frangendis
603 3012 777 3060 animis
828 3019 1169 3077 spectatorum
1213 3013 1409 3061 idonea.
1481 3011 1660 3076 Neque
1693 3015 1862 3061 tamen

158 3095 417 3160 quisquam
453 3109 647 3153 eorum,
688 3091 773 3156 qui
809 3098 1020 3143 mortem
1055 3093 1299 3142 malorum
1334 3108 1584 3142 summum
1619 3107 1734 3140 esse
1769 3091 1861 3139 dn-

160 3178 296 3236 cunt,
330 3189 489 3239 aequo
522 3174 757 3238 laetoque
791 3175 953 3223 animo
981 3190 1088 3223 eam
1117 3173 1259 3223 obire
1286 3178 1469 3240 potest.
1539 3172 1708 3236 Atque
1727 3170 1859 3221 aliud

217 3349 271 3406 *)
302 3347 512 3395 ἐνταῦθα
541 3350 768 3408 ἐφύλαξεν
809 3348 834 3395 ὁ
868 3346 1121 3407 Εὐριπίδης
1159 3347 1213 3394 τὸ
1253 3345 1456 3408 ἡρωϊκόν
1493 3340 1640 3404 ἦθος·
1685 3342 1742 3391 οὖ
1770 3343 1859 3403 ’γὰρ

301 3422 555 3503 τἀπεινῶς,
598 3421 714 3468 ἀλλὰ
750 3420 866 3480 μετὰ
906 3421 1164 3482 παῤῥησίας
1190 3417 1276 3479 τὴν
1305 3416 1572 3476 Πολυξένην
1600 3416 1747 3475 λέγειν
1774 3416 1860 3468 εἰς·

302 3506 509 3548 ηνεγκεν.

1300 3566 1302 3568 ’
1382 3559 1501 3612 33*
