2144 3854
935 272 1058 332 283

154 421 440 481 Cleobula.”
521 419 729 473 Accedit
771 419 1102 470 testimonium
1149 415 1478 483 Etymologici
1512 415 1582 466 M.
1617 434 1667 484 p.
1703 419 1816 478 795,

152 507 236 557 4⁰.
266 510 322 569 vet
354 501 788 568 numerationis,
834 515 931 564 quo
975 497 1265 563 Euripidem
1299 497 1444 547 demo
1477 497 1696 563 Phlyeae
1727 499 1818 549 tri-

155 587 249 636 bus
283 582 574 647 Cecropidis
608 581 905 645 adscriptum
940 578 1096 627 fuisse
1123 577 1384 626 docemur:
1423 576 1622 636 Φλυεία
1652 576 1821 646 δῆμος

154 666 248 733 τῆς
281 659 638 728 Κεκροπίδος·
673 658 731 712 ἐκ
762 657 956 710 τούτου
990 654 1048 707 δὲ
1077 659 1178 707 τοῦ
1212 654 1387 722 δήμου
1420 650 1488 722 ἦν
1522 658 1821 727 Εὐριπίδης

155 742 188 796 ὁ
219 746 315 812 τῆς
343 740 642 811 τραγῳδίας
672 739 906 806 ποιητής.

285 825 432 874 Unde
465 839 560 872 nou
586 825 819 872 absonum
858 823 935 869 est
969 818 1229 876 coniicere,
1263 818 1577 882 praediorum
1607 820 1818 884 plurium

153 905 470 969 possessione
490 908 717 967 parentes
743 899 994 965 Euripidis
1020 898 1279 964 opulentos
1309 897 1485 947 fuisse.
1551 899 1664 949 Hoc
1689 902 1819 950 enim

151 984 332 1034 comici
364 999 443 1044 eo,
477 997 573 1046 quo
607 982 784 1041 solent,
821 995 958 1028 more
992 978 1288 1050 significant,
1322 983 1514 1043 patrem
1549 995 1818 1044 cauponem

152 1062 337 1124 fuisse,
384 1066 592 1112 matrem
633 1061 767 1110 olera
814 1060 1091 1109 venditasse
1133 1058 1372 1111 dicentes,
1440 1058 1700 1108 Persarum
1735 1075 1820 1109 co-

151 1143 250 1208 piis
282 1143 498 1194 Atticam
532 1140 898 1200 invadentibus,
947 1141 996 1189 in
1042 1139 1331 1188 Salaminem
1378 1139 1581 1189 insulam
1618 1155 1820 1190 conces-

152 1222 281 1272 sisse
310 1223 553 1281 videntur,
590 1237 757 1272 secum
793 1220 1008 1271 ferentes
1034 1220 1288 1284 parvulum
1305 1220 1479 1280 filium,
1503 1235 1684 1269 annum
1711 1220 1822 1270 fere

151 1308 377 1367 quartum
413 1303 586 1352 aetatis
619 1308 845 1369 agentem
871 1299 942 1363 *).
1020 1301 1142 1349 Erat
1175 1301 1301 1349 enim
1333 1300 1400 1350 ibi
1442 1315 1638 1364 quoque
1674 1317 1819 1365 prae-

149 1381 285 1432 dium
318 1383 382 1432 iis
414 1389 671 1448 paternum
692 1419 705 1440 ‚
757 1383 804 1431 id
842 1382 975 1447 quod
1007 1381 1153 1430 facile
1185 1380 1474 1445 intelligitur
1505 1381 1650 1441 inde,
1686 1381 1822 1444 quod

151 1476 302 1527 saepe
348 1463 656 1527 multumque
698 1462 989 1526 Euripidem
1021 1463 1072 1510 in
1105 1461 1214 1510 loco
1249 1461 1456 1524 quodam
1492 1461 1599 1508 eius
1632 1461 1822 1510 insulae

151 1541 371 1592 solitario
406 1544 672 1592 carminum
709 1543 1077 1592 scribendorum
1114 1556 1287 1591 caussa
1321 1545 1675 1589 commoratum
1707 1555 1821 1590 esse

151 1621 223 1671 ait
265 1621 603 1672 Philochorus.
672 1624 815 1686 Quod
861 1627 1025 1671 autem
1058 1622 1187 1670 idem
1221 1623 1271 1670 in
1305 1620 1558 1670 Boeotiam
1594 1627 1820 1686 parentes

150 1702 402 1768 Euripidis
437 1705 741 1752 concessisse
790 1697 1051 1763 tradidit,'
1075 1703 1125 1750 id
1172 1702 1378 1751 nominis
1427 1717 1602 1750 caussa
1649 1701 1820 1750 fictum

149 1797 264 1832 esse
298 1783 522 1848 suspicor
547 1784 640 1847 W.)
707 1785 782 1833 Ab
829 1783 1016 1847 Euripo
1062 1783 1190 1831 enim
1227 1781 1382 1841 freto,
1418 1781 1469 1829 in
1493 1791 1599 1846 ’quo
1632 1798 1821 1847 pugna·

150 1866 254 1912 tum
289 1869 382 1924 est,
430 1879 607 1912 nomen
639 1870 807 1912 nostro
841 1863 1023 1911 factum
1060 1879 1171 1911 esse
1214 1878 1310 1910 uno
1356 1878 1441 1910 ore
1475 1877 1646 1910 omnes
1681 1861 1819 1911 affir-

149 1947 286 1992 mant
311 1944 436 2002 *⁴²*),
489 1959 611 2007 quos
645 1943 753 1992 falli
787 1943 867 1990 lex
901 1942 1270 1991 formandorum
1306 1942 1553 1991 nominum
1588 1943 1694 2006 ipsa
1729 1942 1819 1991 do-

148 2026 246 2070 cet.
313 2022 535 2084 Accedit,
570 2023 701 2087 quod
733 2028 864 2079 ante,
900 2038 1044 2087 quam
1079 2027 1366 2071 nasceretur
1410 2022 1688 2087 Euripides,
1723 2023 1822 2073 hoc

146 2115 325 2151 nomen
373 2103 635 2151 maioribus
682 2104 786 2151 eius
827 2103 1066 2152 usitatum
1108 2102 1265 2150 fuisse
1311 2107 1515 2151 constat.
1596 2102 1820 2152 Priorem

147 2180 275 2230 enim
312 2183 551 2245 quendam
586 2182 874 2247 Euripidem
906 2182 1035 2231 inter
1063 2183 1273 2245 tragicos
1303 2189 1472 2247 poetas
1495 2183 1701 2232 Athenis
1727 2184 1821 2232 flo-

146 2261 309 2310 ruisse
341 2267 554 2311 testatur
588 2262 764 2312 Suidas
793 2264 948 2322 ³²²22‘22‘22‘)‚
1003 2278 1150 2325 quem
1185 2264 1470 2325 cognatione
1505 2279 1615 2312 cum
1650 2268 1822 2313 nostro

146 2339 366 2389 iunctum
399 2341 572 2401 fuisse,
605 2348 662 2392 ut
694 2343 798 2391 eius
834 2343 1129 2392 auctoritate
1155 2342 1373 2391 studium
1401 2342 1729 2392 adolescentis
1756 2343 1819 2393 ad

148 2419 370 2470 eiusdem
397 2421 553 2469 laudis
571 2423 944 2471 aemulationem
967 2422 1335 2482 accenderetur,
1365 2423 1632 2472 verisimile
1647 2429 1725 2473 est
1736 2427 1816 2488 †).

211 2544 257 2601 *)
285 2546 488 2588 Thomas
516 2546 580 2587 Μ.
609 2545 654 2588 in
684 2544 776 2587 vita
812 2545 994 2600 Eurip.:
1046 2546 1367 2601 γεννηθεὶς
1408 2544 1455 2590 ἐν
1493 2549 1722 2602 Σαλαμῖνι
1761 2549 1818 2606 τῇ

284 2613 375 2674 πρὸ
405 2615 485 2670 τῆς
513 2611 707 2670 Ἀττικῆς
730 2615 867 2671 νήσῳ,
899 2616 955 2657 de
983 2629 1067 2670 quo
1100 2630 1248 2658 errore
1277 2617 1380 2659 vide
1408 2631 1452 2671 p.
1485 2614 1513 2658 5
1541 2631 1662 2672 seqq.
1692 2619 1819 2669 Idem

284 2685 331 2728 iu
358 2685 541 2740 reliquis
569 2685 671 2728 vitis
700 2685 912 2740 scriptum
941 2690 1022 2728 est.

190 2755 256 2811 ss)
283 2755 493 2809 Fuerunt,
524 2755 599 2811 qui
624 2755 758 2798 etiam
780 2771 834 2798 ex
857 2755 1045 2798 Boeotia
1070 2757 1218 2811 pulsos
1245 2757 1290 2799 in
1314 2756 1507 2800 Atticam
1535 2757 1819 2815 immigrasse

283 2830 489 2882 parentes
515 2826 742 2882 Euripidis
767 2826 1086 2879 mentirentur3
1117 2827 1175 2870 cf.
1204 2829 1328 2872 Stob.
1360 2842 1491 2870 serm.
1511 2827 1585 2882 49,
1601 2829 1640 2872 5.
1659 2845 1703 2886 p.
1717 2829 1818 2873 293.

286 2896 422 2939 Gesn.

169 2962 264 3023 ***)
291 2967 422 3010 Velut
450 2967 703 3010 Priscianus
727 2969 784 3021 11,
811 2967 852 3009 6.
877 2983 921 3024 p.
947 2966 1367 3022 79:,„1nveniuntur
1395 2969 1615 3024 quaedam
1640 2970 1822 3015 nomina

282 3037 457 3080 formae
487 3039 892 3095 patronymicorum
921 3039 1246 3095 significatione
1278 3040 1620 3093 denominativa,
1650 3046 1698 3084 ut
1727 3044 1820 3085 Eu-

283 3106 451 3162 ripides
480 3110 710 3164 proprium
739 3124 823 3151 non
851 3110 1008 3164 Euripi
1033 3110 1166 3164 filius,
1197 3111 1275 3152 sed
1304 3112 1361 3152 ab
1386 3111 1559 3167 »Euripo
1589 3113 1654 3154 sic
1673 3113 1820 3157 nomi-

279 3182 407 3221 natus
438 3178 598 3221 dicitur
626 3180 889 3236 Euripides,
933 3180 1037 3236 quia
1065 3180 1143 3230 illo
1173 3181 1244 3223 die
1271 3186 1400 3224 natus
1430 3187 1519 3235 est,
1564 3198 1648 3239 quo
1677 3185 1818 3228 Athe-

281 3247 457 3290 nienses
487 3264 587 3292 eum
616 3250 765 3293 Persis
792 3251 836 3294 in
865 3251 1034 3306 Euripo
1062 3251 1234 3294 bellum
1263 3252 1569 3296 commisere.”

148 3315 259 3371 un)
286 3315 535 3375 Εὐριπίδης
561 3317 799 3376 Ἀθηναῖος
826 3320 1062 3379 τραγικός,
1088 3321 1390 3382 πρεσβύτερος
1417 3325 1503 3368 τοῦ
1530 3322 1720 3380 ἐνδόξου
1749 3340 1818 3381 γε·

286 3387 499 3443 φαμένου,
525 3388 706 3445 ἐδίδαξε
734 3389 947 3450 δράματα
975 3391 1051 3449 ιβ’,
1081 3391 1170 3439 εἷλε
1199 3393 1250 3439 δὲ
1277 3395 1407 3446 νίκας
1436 3393 1538 3440 δύο.

203 3455 259 3512 †)
286 3457 357 3502 ef.
391 3459 565 3504 Welck.
592 3477 639 3517 p.
667 3461 766 3506 936.
