2144 3854
1107 289 1226 347 172

459 442 746 506 Erepto,
795 441 1079 504 arrepta
1115 453 1149 485 a
1180 451 1376 485 socru
1414 432 1719 500 possedit
1760 435 1907 484 ffud'
1931 433 2003 499 *).

328 522 515 572 Fratris
547 519 751 568 iniurias
786 515 1190 579 commemorem,
1225 532 1322 566 non
1357 515 1474 564 satis
1507 514 1523 561 i
1529 514 1645 562 llum
1671 514 1906 565 habuisse
1926 516 2003 564 di-

326 602 397 650 cit
427 599 688 664 coniugem
712 614 851 648 suam
874 597 1172 661 corrupisse,
1207 612 1303 660 quo
1333 595 1684 644 contaminaret
1704 596 1908 659 stirpem
1945 620 2005 630 ·-

455 679 621 744 „Qui
666 695 788 728 non
836 684 941 726 sat
984 677 1224 727 habuit
1272 677 1512 741 coniug
1533 691 1624 723 em
1675 675 1893 725 ille-re
1939 675 2008 723 in

1174 773 1199 804 s
1210 762 1233 805 t
1245 772 1281 805 u
1289 773 1328 823 p
1343 774 1371 805 r
1384 773 1419 806 u
1431 773 1495 816 m,

459 838 641 902 Quod
698 840 765 888 in
824 854 894 888 re
952 854 1196 887 summa
1255 853 1563 886 summum
1610 834 2006 903 periculum

1179 933 1316 966 esse
1352 918 1662 977 arbitror,

458 997 715 1048 Matres
749 999 1186 1065 coinquinari
1215 1013 1478 1062 regum,
1513 998 1776 1063 regiam

462 1078 928 1129 Contaminari
947 1079 1120 1144 stirp
1136 1077 1605 1139 em‚admisceri
1625 1071 2005 1146 genu-9²³⁴&—

321 1159 411 1208 sed
443 1175 649 1225 regnum
683 1175 877 1224 quoque
909 1174 1000 1224 per
1031 1158 1254 1207 fraudem
1269 1195 1283 1220 ,
1318 1157 1578 1207 adiuvante
1611 1157 1834 1210 adultera
1845 1195 1862 1222 ,
1895 1172 2007 1212 sur-

320 1239 558 1305 ripuisse:
1184 1236 1185 1239 ’

451 1318 675 1382 „Addo
707 1318 847 1381 huo,
881 1318 1052 1386 quod
1085 1318 1246 1368 mihi
1271 1322 1590 1386 portento
1636 1320 2005 1371 coelestum

1144 1415 1185 1465 p
1199 1404 1263 1448 at
1279 1415 1308 1447 e
1321 1415 1348 1447 r

451 1477 843 1545 Prodigium
875 1480 1060 1527 misit
1094 1479 1288 1543 regni
1319 1478 1717 1529 stabilimen
1758 1482 1903 1541 mei,
1993 1526 2003 1537 ,

450 1559 708 1623 Agnum
739 1559 928 1607 inter
953 1556 1251 1624 pecudes
1278 1573 1485 1607 aurea
1514 1558 1773 1609 clarum
1806 1577 2003 1620 coma,

452 1637 813 1702 Quondam,
874 1638 1008 1703 Thy
1025 1643 1230 1686 estem
1277 1637 1421 1703 clep
1438 1653 1547 1687 ere
1593 1654 1736 1687 esse
1780 1655 2004 1691 ausum

1151 1734 1181 1766 e
1213 1733 1242 1765 r
1256 1734 1286 1766 e
1296 1734 1332 1783 g
1346 1719 1367 1766 i
1379 1733 1428 1780 a,
1461 1742 1463 1744 ·

450 1799 584 1861 Qua
619 1798 688 1847 in
721 1813 791 1847 re
826 1797 1242 1848 adiutricem
1290 1799 1635 1864 coniugem
1681 1801 1874 1867 oepit
1919 1802 2005 1850 si-

1173 1877 1235 1927 h,-
1264 1875 1394 1943 ***)‚

313 1960 455 2009 Hanc
488 1975 595 2008 rem
630 1959 857 2023 explanat
891 1959 1183 2007 scholiastes
1230 1958 1428 2006 fabulae
1475 1957 1669 2006 Orestis
1687 1995 1700 2017 ‚
1748 1975 1846 2023 quo
1892 1961 2004 2010 loco

313 2045 511 2089 nostrae
544 2039 827 2104 tragoediae
861 2043 1198 2102 argumentum
1235 2040 1463 2103 exponit:
1500 2036 1530 2088 ὁ
1565 2035 1622 2088 δὲ
1645 2031 1855 2105 Ἀτρεὺς
1874 2040 2004 2104 βου-

310 2118 530 2185 λόμενος
564 2116 726 2179 δεῖξαι
738 2155 753 2179 ,
802 2115 883 2168 ὅτι
918 2116 1087 2167 αὐτοῦ
1122 2112 1262 2167 ἐστὶν
1294 2116 1331 2183 ἦ
1374 2117 1613 2181 βασιλεία
1626 2156 1641 2180 ,
1687 2118 1790 2185 ἔφη
1826 2118 2004 2184 δεῖξαι,

311 2196 392 2250 ὅτι
425 2197 793 2265 χρυσόμαλλος
825 2196 1032 2263 ἀρνειὸς
1068 2196 1210 2263 αὐτῷ
1245 2195 1444 2264 ἐτέχθη.
1518 2199 1729 2251 Τούτου
1775 2198 1833 2252 δὲ
1865 2200 2004 2252 ὐπο-

311 2279 575 2339 νοθεύσας
608 2275 705 2345 τὴν
737 2283 970 2344 γυναῖκα
1008 2277 1241 2345 Θυέστης
1274 2277 1459 2339 ἔκλεψε
1493 2276 1586 2330 τὸν
1619 2277 1859 2345 ἄρνειόνζ·
1901 2282 2001 2349 Μὴ

310 2358 563 2427 δυνηθεὶς
598 2354 698 2411 οὗν
730 2359 863 2411 κατὰ
896 2358 995 2426 τὴν
1027 2359 1307 2425 ὑπόσχεσιν
1343 2358 1504 2422 δεῖξαι
1538 2360 1568 2412 ὁ
1611 2354 1821 2427 Ἀτρεὺς
1853 2359 1998 2427 ἔμελ-

310 2446 398 2493 λεν
432 2442 781 2507 ἀφαιρεῖσθαι
814 2438 911 2507 τὴν
945 2440 1216 2507 βασιλείαν
1238 2436 1444 2492 ἐκείνου
1473 2440 1531 2493 τὸ
1559 2441 1648 2493 ὑπ’
1675 2443 1844 2495 αὐτοῦ
1867 2442 2001 2494 ὐπο-

310 2523 497 2589 σχεθὲν
543 2521 874 2582 δεικνύντος,
922 2521 966 2572 εἰ
1012 2522 1084 2588 μή
1099 2561 1113 2584 ,
1163 2520 1205 2573 ὦ
1221 2540 1247 2582 ς
1292 2520 1370 2572 ἂν
1417 2525 1531 2588 φιλ
1547 2523 1575 2574 ό
1591 2534 1623 2574 σ
1638 2542 1667 2575 o
1682 2542 1831 2589 φος,
1878 2522 2001 2575 ἀπέ-

312 2603 478 2666 δειξεν
513 2596 711 2662 αὐτοὺς
745 2603 1074 2666 ἀσεβοῦντας
1089 2642 1102 2663 ,
1147 2602 1192 2654 εἰ
1241 2601 1480 2670 Θυέστην
1513 2604 1730 2669 βασιλέα
1763 2602 2000 2668 ἕλωνται,

308 2683 590 2750 τεκμήριον
636 2682 693 2734 δὲ
742 2687 837 2750 τῆς
883 2683 1149 2749 βασιλείας
1180 2684 1274 2735 τὸν
1306 2683 1459 2751 ἥλιον
1491 2685 1581 2737 καὶ
1612 2685 1705 2747 τὰς
1738 2685 2003 2747 Πλειάδας

307 2761 366 2816 ἐκ
402 2764 607 2825 δύσεως
639 2763 1044 2831 πορευομένους
1077 2765 1403 2829 εὑρίσκοντα.
1473 2766 1581 2817 Καὶ
1624 2765 1793 2827 οὕτως
1826 2763 2000 2833 ἐβασί-

307 2848 457 2897 λευσε
504 2844 593 2897 καὶ
637 2844 733 2897 τὸν
778 2845 1012 2911 ἀδελφὸν
1056 2846 1268 2911 σφόδρα
1314 2844 1690 2914 ἐτιμωρήσατο.
1760 2847 1886 2898 Cum
1920 2849 1999 2900 his

305 2929 559 2992 Euripidis
594 2929 748 2992 ipsius
782 2931 931 2979 verba
966 2934 1269 2993 congruunt:

439 3001 623 3069 δείξας
640 3006 742 3073 γὰρ
776 3009 989 3074 ἄστρων
1020 3006 1120 3076 τὴν
1153 3005 1400 3060 ἐναντίαν
1434 3005 1565 3059 ὁδὸν

371 3224 416 3279 *)
443 3224 627 3280 Fragm.
657 3224 741 3267 inc.
773 3226 894 3280 apud
920 3226 1055 3270 Both.
1084 3242 1129 3282 p.
1157 3225 1255 3269 281.
1283 3241 1326 3268 n.
1355 3223 1423 3267 33.
1456 3228 1499 3268 et
1527 3240 1571 3280 p.
1598 3224 1698 3268 285.
1729 3240 1772 3267 n.
1801 3223 1871 3267 62.
1913 3225 1992 3268 At-

443 3295 494 3337 tii
522 3294 688 3351 fragm.
719 3310 761 3336 n.
790 3295 832 3338 5.
892 3295 961 3339 Cf.
991 3297 1165 3341 welck.
1195 3298 1250 3341 T.
1279 3296 1314 3339 1.
1343 3310 1388 3350 p.
1415 3295 1514 3339 363.

351 3366 417 3420 **)
450 3365 518 3408 Cf.
548 3366 706 3408 Senec.
736 3366 795 3417 Π,
823 3364 923 3408 239.

319 3435 420 3490 ***)
453 3436 546 3479 Cic.
575 3435 676 3480 Nat.
704 3436 759 3479 l).
791 3436 870 3491 111,
898 3435 970 3490 27,
998 3437 1068 3482 68.
