2144 3854
954 260 1077 317 279

314 412 560 472 Chironis,
597 409 841 475 ducitque
874 423 1098 466 manum,
1136 406 1425 473 digitosque
1457 409 1666 456 sonanti

311 492 560 557 Infringit
597 489 866 546 citharae;
898 502 1036 535 nunc
1071 493 1289 552 occupat
1326 503 1419 536 ora
1453 488 1686 536 canentis

309 573 386 622 Et
422 573 552 636 ligat
590 570 856 636 amplexus
891 573 941 615 et
975 567 1118 615 mille
1147 584 1245 631 per
1279 568 1454 616 oscula
1489 567 1691 616 laudat.

311 653 414 701 Illa
446 651 608 699 libens
643 649 809 709 discit,
845 662 943 712 quo
976 648 1171 694 vertice
1207 646 1385 695 Pelion
1421 653 1473 695 et
1507 650 1620 714 quis

310 730 584 789 Aeacides,
615 729 867 795 puerique
902 725 1138 774 auditum
1171 743 1355 776 nomen
1391 734 1442 776 et
1478 735 1625 777 actus

309 810 546 859 Adsidue
577 814 766 875 stupet,
805 812 857 855 et
886 811 1219 872 praesentem
1254 814 1435 856 cantat
1472 808 1780 859 Achillem.”

180 892 313 939 lnter
364 889 486 937 haec
532 905 593 938 ex
642 887 857 936 motibus
891 902 1085 950 quoque
1120 886 1398 935 durioribus
1434 888 1588 935 virum
1622 905 1649 936 a
1683 888 1845 951 gnaris

178 970 423 1034 cognitum
459 984 571 1017 esse
605 972 984 1016 consentaneum
1021 972 1113 1016 est.

308 1049 605 1113 Interposito
639 1047 818 1096 deinde
853 1047 990 1094 chori
1026 1047 1241 1094 carmine
1274 1047 1487 1110 reliquas
1524 1047 1733 1112 virgines
1763 1062 1843 1095 ac-

175 1121 389 1179 cessisse
422 1128 646 1193 suspicor
679 1132 731 1174 et
763 1125 927 1191 paullo
962 1132 1074 1191 post
1103 1125 1333 1191 Ulyssem
1354 1127 1414 1175 ad
1445 1127 1672 1175 ludentes
1696 1128 1843 1191 prod-

172 1211 286 1259 isse.
351 1209 497 1257 Hunc
530 1206 727 1263 deinde,
762 1213 956 1271 arrepta
991 1207 1383 1272 opportunitate,
1421 1207 1484 1255 de
1517 1206 1668 1256 Troia
1702 1222 1843 1255 exer—

171 1289 371 1353 cituque
402 1287 590 1339 Achivo
623 1286 821 1347 Achilli,
858 1288 1004 1336 verba
1038 1286 1179 1335 avide
1213 1287 1409 1336 auribus
1437 1286 1701 1348 haurienti,
1735 1302 1841 1335 nar-

172 1385 343 1419 rasse:

664 1448 829 1509 „Quis
865 1450 1000 1498 enim
1035 1464 1137 1498 non
1170 1445 1337 1498 visere
1369 1454 1551 1514 gentes

303 1529 610 1578 Innumeras
642 1530 913 1595 variosque
947 1528 1103 1578 duces
1138 1535 1295 1596 atque
1329 1531 1541 1594 agmina
1574 1545 1754 1593 regum

301 1608 546 1658 Ardent?
584 1609 746 1658 Omne
777 1610 931 1657 simui
961 1609 1210 1674 roburque
1244 1610 1500 1676 decusque
1530 1610 1759 1676 potentis

302 1689 554 1755 Europae
586 1691 795 1737 meritos
827 1690 966 1738 ultro
1001 1690 1195 1747 iuravit
1230 1691 1286 1738 in
1321 1688 1502 1739 enses’'
1538 1695 1631 1738 etc.

171 1771 255 1821 Sic
298 1769 416 1819 belli
459 1775 776 1834 apparatum,
823 1770 1000 1818 ducum
1046 1770 1345 1818 nobilitatem
1392 1776 1542 1833 atque
1590 1768 1841 1825 virtutem,

170 1849 381 1899 militum
428 1848 788 1898 multitudinem
837 1854 887 1898 et
942 1850 1157 1899 bellandi
1207 1850 1484 1915 cupidinem
1531 1848 1841 1896 vividissimis

171 1930 416 1979 coloribus
450 1929 736 1976 describens
771 1929 1012 1978 Achillem

298 2008 537 2073 „Aspicit
571 2009 826 2057 intentum
860 2010 1108 2075 vigilique
1142 2008 1271 2057 haec
1307 2026 1438 2057 aure
1473 2009 1742 2069 bibentem,

302 2087 426 2137 Cum
453 2096 685 2154 paveant
721 2090 861 2138 aliae
896 2088 1221 2155 demissaque
1255 2089 1454 2138 lumina
1472 2091 1750 2152 flectant.”

166 2169 278 2219 Hoc
308 2168 420 2234 ipso
453 2170 692 2234 temporis
727 2174 976 2218 momento

292 2247 554 2313 „Dydides
589 2248 771 2298 aderat
802 2249 1179 2316 praedictaque
1212 2249 1351 2298 dona
1370 2249 1600 2313 serebat,

298 2327 657 2393 Hortaturque
691 2330 886 2393 legant,
923 2347 1018 2379 nec
1052 2347 1148 2379 rea·
1175 2329 1560 2396 placidissimus
1595 2333 1756 2378 arcet.

299 2407 441 2456 Hinc
477 2409 634 2467 aliae,
670 2425 797 2474 quas
829 2426 983 2457 sexus
1016 2412 1156 2458 iners
1190 2417 1484 2474 naturaque
1519 2409 1680 2468 ducit,

294 2488 407 2535 Aut
442 2493 632 2536 teretes
665 2488 863 2551 thyrsos
900 2496 991 2537 aut
1027 2489 1396 2555 respondentia
1429 2494 1637 2537 tentant

299 2567 578 2633 Tympana,
611 2569 881 2631 gemmatis
916 2574 1007 2616 aut
1043 2575 1256 2616 nectunt
1290 2575 1521 2634 tempora
1555 2568 1721 2616 limbis
1731 2587 1751 2625 ;

294 2647 371 2695 At
392 2649 544 2711 serus
580 2646 838 2694 Aeacides
872 2642 1167 2695 radiantem
1201 2655 1257 2696 ut
1296 2649 1521 2696 cominus
1556 2647 1722 2696 orbem

302 2727 569 2775 Caelatum
597 2728 791 2792 pugnis
823 2728 992 2775 saevis
1027 2734 1076 2775 et
1099 2729 1246 2792 forte
1280 2728 1546 2776 rubentem

292 2807 557 2856 Bellorum
591 2808 824 2868 maculis,
863 2808 1113 2856 acclinem
1149 2814 1200 2856 et
1234 2808 1479 2873 conspicit
1513 2807 1731 2868 hastam,

294 2888 602 2952 Infiemuit’'
638 2893 734 2939 etc.
1572 2934 1575 2940 .

162 2969 393 3018 Calathos
428 2973 478 3015 et
511 2968 778 3031 crepundia
813 2969 1077 3032 virginibus
1112 2971 1171 3018 ab
1205 2968 1388 3031 Ulysse
1434 2967 1689 3031 proposita
1723 2982 1834 3015 esse
1921 2995 1924 2997 -

161 3050 230 3098 ait
262 3049 588 3097 Philostratus
610 3046 693 3111 ²³²),
744 3050 918 3112 quibus
967 3049 1202 3112 neglectis
1251 3047 1492 3098 Achillem
1545 3048 1735 3111 impetu
1771 3048 1833 3095 ad

148 3215 157 3225 ’
219 3234 264 3289 *)
294 3235 516 3277 Consentit
543 3237 729 3278 Tzctzes
766 3238 822 3279 ad
851 3237 1070 3293 Lycophr.
1101 3237 1225 3290 276„
1265 3236 1340 3293 qui
1367 3240 1411 3279 et
1439 3236 1535 3291 ipse
1574 3235 1831 3289 Euripidem

296 3309 473 3347 secutus
501 3320 597 3349 esse
625 3307 823 3349 videtur:
856 3306 1107 3365 ἀτράκτους
1134 3308 1213 3352 καὶ
1241 3305 1476 3364 ἠλακάτας
1513 3306 1591 3349 καὶ
1618 3302 1704 3349 ὅσα
1732 3321 1829 3348 τοι-

297 3375 415 3417 avita
442 3378 671 3430 γυναικῶν
700 3377 920 3433 ἐργαλεῖα,
961 3377 1028 3422 ἔτι
1056 3376 1106 3422 δὲ
1133 3378 1210 3423 καὶ
1238 3379 1348 3436 ξίφη
1377 3377 1455 3422 καὶ
1485 3376 1597 3430 τόξα
1625 3375 1703 3420 καὶ
1733 3373 1834 3425 ἰοὺς

300 3442 476 3500 ῥίψας
504 3446 611 3505 πρὸ
642 3450 744 3497 τοῦ
772 3450 1170 3508 παρθενῶνας
1196 3451 1281 3495 τοῦ
1309 3445 1624 3505 Λυκομήδους.
