2176 3874
1153 285 1278 342 51ss

382 454 491 489 rum
525 436 680 485 altera
713 433 879 499 prodit
913 431 1120 483 Hecuba
1154 431 1236 496 *),
1279 447 1440 495 neque
1482 438 1646 482 tamen
1679 434 1928 494 ambulat,
1962 437 2051 485 sed

381 519 621 567 titubante
666 513 796 579 pede
843 513 975 577 repit
1015 513 1192 577 partim
1236 529 1264 560 a
1308 512 1506 560 famulis
1554 518 1829 564 sustentata
1871 515 2054 580 partim

380 595 586 661 scipioni
618 595 798 644 innixa.
864 592 975 642 Non
1007 598 1236 658 poterant
1268 596 1577 657 spectatores
1611 609 1754 643 anum
1791 595 1863 644 sic
1893 596 2055 661 aegri-

379 676 550 727 tudine
583 674 792 724 fractam
825 673 1048 723 videntes
1082 689 1178 722 non
1213 673 1459 721 reminisci
1491 673 1842 736 calamitatum,
1875 675 2053 740 quibus

381 771 620 822 oppressa
653 759 771 804 erat.
840 753 1002 815 „Nam
1037 753 1308 803 beatissimi
1354 753 1596 816 quondam
1645 754 1829 809 Priami
1879 756 2056 804 coniux

379 838 627 900 Asiaeque
671 836 839 899 regina
884 850 914 882 e
947 850 1141 882 summo
1184 835 1463 898 dignitatis,
1511 850 1660 898 opum
1714 850 1771 883 ac
1804 834 2056 900 potentiae

379 916 578 980 fastigio
624 915 675 964 in
722 914 1022 979 profundum
1055 914 1364 962 miseriarum
1400 914 1659 963 deturbata
1693 919 1798 975 est,
1843 931 1872 963 e
1905 915 2056 963 rebus

378 995 742 1059 florentissimis
775 994 836 1042 ad
871 994 1203 1042 calamitosam
1238 993 1484 1042 fortunam
1521 994 1727 1042 deiecta.
1793 994 1932 1056 Quae
1965 1009 2057 1043 nu-

378 1093 472 1143 per
505 1076 672 1139 regina
706 1075 1042 1130 salutabatur,
1088 1089 1234 1136 quam
1280 1079 1509 1137 satrapae
1557 1074 1920 1139 opulentissimi
1966 1073 2056 1122 ob-

383 1158 567 1220 sequiis
603 1156 885 1220 captabant,
921 1153 999 1201 cui
1021 1151 1268 1200 incedenti
1289 1154 1502 1201 universi
1529 1160 1699 1203 coetus
1726 1152 2056 1203 venerabundi

379 1238 730 1302 assurgebant,
782 1233 924 1282 cuius
958 1232 1219 1297 imperium
1252 1236 1388 1281 terra
1422 1234 1642 1297 marique
1692 1235 1934 1283 latissime
1966 1249 2056 1297 pa·-

379 1318 541 1376 tebat,
586 1315 648 1363 ad
683 1329 827 1377 quam
862 1328 1006 1362 unam
1042 1327 1213 1361 omnes
1257 1313 1610 1375 respiciebant,
1660 1315 1740 1362 cui
1786 1314 1876 1362 filii
1923 1312 2058 1362 domi

380 1397 680 1458 militiaeque
714 1393 974 1442 clarissimi
1008 1396 1165 1452 erant,
1198 1391 1330 1440 filiae
1363 1392 1412 1441 in
1439 1392 1782 1456 pulcerrimam
1807 1394 2055 1458 regiorum

380 1475 733 1526 connubiorum
760 1489 899 1539 spem
928 1473 1294 1521 nutriebantur:
1329 1472 1457 1520 hanc
1478 1471 1659 1521 Graeci
1684 1472 1899 1532 viduam,
1933 1472 2057 1520 ami-

380 1557 454 1605 cis
503 1560 554 1604 et
600 1555 766 1603 liberis
816 1554 985 1602 orbam
1033 1551 1184 1600 Troia
1228 1552 1367 1600 humi
1409 1551 1657 1614 fumante,
1704 1554 1754 1602 in
1800 1558 2057 1602 externum

379 1636 631 1688 abducunt
664 1635 851 1693 orbem,
888 1639 939 1682 et
971 1633 1170 1696 reginae
1202 1632 1345 1681 titulo
1379 1632 1636 1681 adsuetam
1674 1645 1864 1682 servam
1887 1631 2058 1698 a‘ppel—

381 1717 496 1766 lant.
574 1715 673 1763 lam
721 1719 919 1779 praeter
962 1713 1176 1776 reliquas
1224 1713 1505 1761 innumeras
1550 1711 1765 1762 infelicis
1810 1713 2058 1761 servitutis

380 1795 636 1847 molestias
657 1793 825 1854 filiam,
858 1794 1054 1843 unicum
1085 1808 1428 1841 aerumnarum
1475 1793 1700 1842 solatium
1733 1789 2059 1842 imbecillem-

381 1893 479 1941 que
513 1875 691 1925 aetatis
726 1874 970 1933 baculum,
1007 1890 1036 1922 e
1063 1879 1349 1938 conspectu,
1386 1889 1415 1921 e
1448 1873 1671 1922 manibus
1707 1889 1764 1922 ac
1789 1873 2060 1938 complexi-

380 1958 473 2007 bus
508 1955 666 2019 abripi
699 1954 761 2003 ad
791 1954 994 2003 caedem
1029 1954 1191 2002 visura
1224 1958 1329 2011 est3
1375 1953 1529 2001 filium
1563 1954 1625 2002 ad
1657 1954 1908 2018 hospitem
1941 1953 2060 2002 mis-

382 2053 491 2086 sum
527 2052 586 2084 ea
620 2051 728 2100 spe,
763 2040 836 2092 ut,
872 2034 915 2082 si
949 2033 1099 2082 Troia
1124 2033 1176 2080 in
1203 2031 1503 2080 Graecorum
1532 2038 1832 2096 potestatem
1851 2032 2060 2094 veniret,

381 2116 591 2182 pecunia
637 2115 756 2162 satis
800 2114 971 2177 grandi
1013 2111 1197 2160 Priami
1245 2126 1400 2175 genus
1447 2115 1499 2158 et
1541 2127 1749 2175 regnum
1796 2112 2060 2160 instaurari

380 2200 569 2262 posset,
603 2209 699 2242 non
731 2193 913 2252 vivum,
947 2207 1043 2241 non
1067 2191 1240 2256 vigore
1271 2190 1634 2239 adolescentiae
1653 2190 1931 2254 florentem,
1968 2189 2058 2238 sed

381 2274 711 2331 trucidatum,
743 2272 796 2321 in
828 2287 964 2321 mare
996 2271 1301 2336 proiectum,
1336 2270 1547 2319 cadaver
1576 2270 1879 2319 inhumatum
1916 2284 2060 2319 rece-

418 2359 528 2404 tura
562 2353 691 2403 est.''

382 2372 415 2421 P
509 2434 643 2496 Quas
677 2431 846 2482 clades
893 2430 1213 2497 praesagiens
1258 2428 1509 2479 insomniis
1542 2433 1745 2491 vexata,
1793 2429 1911 2478 visis
1945 2444 2060 2494 spe-

439 2643 489 2699 *)
517 2640 790 2698 Intelligitur
811 2641 900 2682 hoc
930 2653 983 2682 ex
1004 2636 1208 2681 versibus
1237 2636 1308 2679 54.
1334 2642 1378 2680 et
1397 2637 1539 2690 1⁰16„
1570 2649 1759 2693 quorum
1778 2633 1858 2677 illo
1871 2635 2061 2678 Hecuba

525 2726 580 2755 ex
608 2709 958 2768 Agamemnonis
994 2709 1184 2751 tentorio
1212 2709 1420 2764 prodiens
1448 2709 1690 2761 inducitur,
1730 2706 1870 2747 altero
1898 2718 1947 2747 se
1974 2718 2062 2747 non

521 2782 568 2824 in
598 2783 757 2823 eodem
786 2780 990 2822 cubiculo
1019 2793 1120 2821 cum
1152 2779 1430 2821 Graecorum
1459 2779 1744 2834 imperatore,
1770 2776 1850 2818 sed
1876 2788 2061 2830 separa-

524 2856 617 2895 tam
637 2866 755 2899 .cum
783 2849 967 2892 famulis
995 2853 1039 2891 et
1065 2850 1188 2902 filia,
1233 2863 1343 2904 quas
1372 2849 1520 2907 gratia
1547 2845 1898 2905 Agamemnonis
1922 2844 2062 2888 mise-

521 2936 601 2964 rae
620 2922 804 2964 relictas
832 2934 928 2962 esse
945 2920 1191 2975 putandum
1221 2925 1301 2972 est,
1331 2919 1541 2962 habitare
1570 2919 1783 2960 declarat.
1839 2914 2060 2970 Reliquae

523 2992 730 3047 captivae
760 2991 950 3047 singulis
979 2991 1192 3044 ducibus,
1231 2990 1390 3045 quibus
1432 2989 1670 3040 servirent,
1710 2986 1966 3042 assignatae
2003 2998 2059 3026 ex

519 3061 612 3103 suis
660 3074 862 3116 quaeque
911 3061 1112 3103 tentoriis
1150 3074 1416 3118 progressae
1459 3074 1512 3102 ac
1555 3058 1713 3100 deinde
1755 3058 2058 3111 congregatae

522 3146 605 3187 per
642 3132 862 3186 paredum
910 3130 1162 3173 incedentes
1197 3131 1243 3173 in
1285 3145 1464 3173 scenam
1501 3129 1732 3185 prodeunt.
1798 3124 1900 3167 Hoc
1939 3123 2060 3166 enim

525 3206 679 3257 aperte
708 3216 840 3244 versu
881 3199 978 3241 1⁰2.
1023 3202 1276 3244 declaratur
1303 3197 1385 3256 (ἵν’
1423 3196 1691 3256 ἐκληρώθην
1724 3194 1803 3239 καὶ
1830 3187 2058 3251 agogen}-

524 3274 646 3327 χθην
675 3269 867 3325 δούλη);
897 3285 1039 3326 neque
1061 3286 1161 3313 cum
1183 3272 1256 3314 his
1273 3274 1473 3328 pugnant
1500 3281 1612 3324 quae
1642 3266 1837 3309 carmine
1866 3263 2059 3306 secundo

526 3343 593 3398 (v.
623 3340 911 3395 444-483.)
941 3340 1231 3394 continentur,
1260 3356 1345 3397 quo
1373 3346 1619 3392 terrarum,
1646 3350 1733 3380 non
1762 3334 2058 3387 dominorum,

525 3412 824 3470 ignorantiam
850 3411 1040 3466 produnt
1068 3412 1290 3455 mulieres.
