2144 3854
1174 311 1254 366 36

376 455 670 526 Euripideus
704 457 785 506 hic
820 455 1054 505 dramatis
1091 457 1252 506 exitus
1287 461 1392 518 ent,
1440 471 1555 506 vere
1589 457 1862 522 Euripiden
1892 457 2051 508 subti-

373 544 504 599 litas,
540 555 634 602 qua
669 541 721 585 et
755 537 817 585 de
849 535 1094 585 natalibus
1130 536 1289 585 Rhesi
1324 541 1376 585 et
1406 537 1470 585 de
1506 537 1824 603 religionibus
1875 537 2050 586 sacris—

374 638 471 686 que
505 619 767 677 docemur,
811 620 1069 679 totumque
1121 617 1318 664 omnino
1362 632 1486 682 opus
1538 621 1638 665 tam
1685 620 1822 665 certa
1854 619 2054 680 tamque

373 698 634 750 manifesta
667 712 788 763 prae
823 711 878 744 se
910 694 1009 743 fert
1041 694 1300 759 Euripidei
1332 695 1513 759 ingenii
1544 697 1751 757 indicia,
1806 702 1863 745 ut
1894 712 2055 763 neque

373 779 682 843 antiquorum
726 773 1012 824 criticorum
1060 790 1352 838 quemquam
1388 775 1450 824 de
1484 781 1685 824 auctore
1717 792 1930 840 unquam
1963 762 2054 825 *dua

372 861 640 909 bitaturum
675 855 831 904 fuisse
864 859 1052 919 putem,
1087 854 1180 901 nisi
1216 870 1306 918 per
1340 856 1714 920 suppositicium
1744 863 1941 921 poetam
1965 856 2054 905 do-

373 943 506 990 ctum
558 938 766 996 fuisset,
825 950 986 997 neque
1034 935 1363 983 recentiorum
1410 952 1703 1000 quemquam
1749 938 2055 985 inventurum

374 1021 532 1084 fuisse
567 1034 692 1083 quae
724 1015 802 1064 vel
838 1014 1087 1063 deteriora
1122 1019 1354 1077 argueret
1386 1016 1464 1063 vel
1500 1016 1703 1064 meliora
1746 1032 1875 1076 esse,
1911 1031 2055 1081 quam

374 1116 502 1165 quae
534 1099 586 1147 in
619 1095 874 1160 Euripidis
907 1098 1064 1142 artem
1102 1094 1354 1155 caderent,
1391 1095 1484 1142 nisi
1517 1096 1790 1159 praeissent
1822 1096 1896 1144 illi
1929 1097 2056 1144 anti-

375 1180 589 1245 quiores.
659 1176 725 1225 Et
757 1176 1092 1225 recentiorum
1127 1173 1323 1237 quidem
1358 1190 1536 1238 nugas,
1583 1191 1742 1240 nuper
1782 1175 2055 1240 diligentis-

376 1261 500 1308 sima
535 1256 952 1320 subtilissimaque
986 1253 1158 1305 Vateri
1193 1254 1529 1318 disputatione
1565 1255 1866 1320 profligatas,
1918 1273 1946 1304 a
1978 1271 2057 1305 me

377 1339 538 1389 omitti
572 1353 722 1404 posse
756 1337 965 1400 gaudeo.

509 1419 586 1469 Ad
619 1417 845 1481 antiquos
881 1416 1078 1464 criticos
1105 1417 1273 1477 redeo,
1309 1416 1391 1479 qui
1421 1417 1550 1480 quod
1580 1416 1913 1481 Sophocleum
1939 1416 2058 1467 cha-

374 1504 621 1549 racterem
653 1497 771 1546 huic
804 1496 1013 1544 dramati
1046 1496 1210 1545 inesse
1250 1495 1496 1553 dixerunt,
1532 1511 1630 1545 non
1663 1496 1834 1558 miror,
1870 1497 1914 1545 si
1947 1497 2057 1560 qui-

377 1580 491 1628 dem
534 1579 735 1626 ineunte
779 1575 1113 1623 adolescentia
1157 1574 1278 1622 illud
1336 1576 1395 1624 ab
1444 1575 1684 1640 Euripide
1730 1577 2057 1640 compositum

378 1675 492 1709 esse
527 1655 744 1706 Cratetis
780 1654 1061 1703 testimonio
1097 1655 1349 1703 docemur.
1417 1654 1543 1702 Nam
1577 1655 1685 1718 quis
1719 1671 1818 1704 non
1856 1670 2059 1719 magnae

378 1738 650 1788 carminum
684 1736 840 1801 parti,
877 1750 1002 1798 quae
1037 1734 1280 1782 Goethius
1316 1734 1686 1797 Schillerusque
1719 1735 2058 1791 adolescentes

378 1819 709 1882 scripserunt,
755 1814 1191 1879 Klopstockianum
1228 1816 1563 1863 characterem
1598 1815 1764 1864 inesse
1794 1815 2060 1881 intelligit?
2110 1862 2113 1865 .

380 1898 615 1947 Ceterum
649 1899 783 1945 tanta
818 1894 1028 1942 varietas
1060 1900 1138 1942 est
1170 1895 1351 1957 ingenii
1369 1893 1641 1958 Euripidei,
1678 1899 1748 1955 ut,
1785 1911 1935 1959 quum
1973 1910 2058 1943 ex-

377 1977 646 2044 primendis
687 1975 956 2023 animorum
992 1973 1442 2039 perturbationibus
1477 1990 1669 2023 summo
1704 1975 1868 2024 studio
1900 1975 2059 2024 inser-

379 2058 554 2117 vierit,
599 2062 763 2104 tamen
796 2056 943 2103 etiam
979 2054 1281 2118 reliquarum
1315 2069 1506 2115 rerum,
1545 2071 1669 2118 quae
1702 2056 1764 2104 ad
1796 2056 1947 2104 vitam
1982 2054 2061 2103 vel

378 2139 618 2204 privatam
652 2135 729 2184 vel
762 2135 1006 2200 publicam
1025 2171 1040 2195 ‚
1092 2135 1154 2182 ad
1203 2150 1366 2181 rerum
1403 2135 1751 2200 cognitionem,
1786 2136 1848 2184 ad
1883 2135 2060 2184 artium

380 2217 599 2267 studium
644 2216 924 2281 pertinent,
976 2214 1160 2265 nullam
1194 2214 1433 2262 omiserit.
1501 2214 1675 2278 Neque
1709 2215 1839 2264 enim
1874 2231 2061 2277 earum,

381 2314 507 2362 quae
553 2300 773 2357 exstant,
833 2295 1192 2359 tragoediarum
1237 2310 1332 2343 una
1378 2296 1649 2358 eademque
1688 2295 1814 2344 ratio
1858 2301 1965 2357 est,
2013 2300 2062 2344 et

381 2393 568 2438 earum,
604 2391 729 2439 quae
764 2376 974 2424 amissae
1009 2382 1138 2430 sunt,
1175 2374 1267 2422 sed
1301 2374 1469 2436 quales
1503 2374 1690 2423 fuerint
1719 2389 1780 2422 ex
1809 2375 2063 2440 fragmen-

379 2462 546 2506 torum
594 2456 714 2504 satis
746 2456 880 2519 larga
916 2454 1058 2520 copia
1099 2453 1310 2502 iudicari
1354 2457 1549 2517 potest,
1599 2455 1836 2517 quaedam
1878 2455 1939 2504 ab
1983 2455 2061 2516 iis,

382 2551 509 2601 quae
541 2533 687 2598 vu‘lgo
721 2539 867 2584 notae
901 2542 1038 2594 sunt,
1088 2533 1451 2582 diversissimae
1495 2532 1715 2583 fuerunt.
1784 2535 1836 2583 ln
1882 2533 2061 2598 pleris-

382 2632 479 2680 que
525 2616 741 2677 „actoris
786 2617 957 2679 partes
1005 2613 1186 2661 chorus
1233 2612 1549 2678 officiumque
1595 2614 1738 2663 virile
1782 2611 2062 2675 defendit,’'

380 2697 430 2745 in
464 2694 758 2758 quibusdam
789 2693 1036 2742 intercinit
1068 2709 1154 2754 ea,
1205 2709 1330 2756 quae
1373 2693 1627 2758 proposito
1673 2693 1834 2742 minus
1879 2694 2063 2742 condu-

384 2780 512 2824 cant.
580 2775 775 2823 Densae
808 2778 921 2822 sunt
953 2773 1209 2822 sententiis
1245 2788 1334 2820 eae
1366 2772 1592 2831 fabulae,
1625 2773 1675 2820 in
1708 2773 1887 2835 quibus
1919 2771 2064 2820 indu-

386 2859 567 2904 cuntur
597 2855 825 2902 homines
859 2853 1083 2917 gravibus
1134 2851 1488 2901 calamitatibus
1543 2852 1771 2916 oppressi
1818 2855 1869 2900 et
1902 2869 2064 2904 reme-

384 2934 522 2983 dium
568 2932 886 2998 aegritudinis
933 2948 994 2980 ex
1042 2930 1358 2998 philosophia
1410 2935 1666 2995 petentes3
1723 2936 1895 2980 contra
1938 2932 2065 2982 aliae

384 3013 548 3070 factiS,
583 3027 729 3075 quam
765 3011 1206 3075 disputationibus,
1254 3015 1305 3060 et
1335 3025 1500 3059 rerum
1531 3011 1722 3071 turbis,
1772 3026 1916 3076 quam
1951 3028 2063 3062 sen-

385 3091 572 3155 tentiiS,
602 3090 972 3156 locupletiores.
1037 3091 1179 3141 Aliae
1200 3092 1251 3141 in
1275 3089 1577 3156 singulorum
1604 3091 1857 3141 hominum
1887 3092 2063 3141 discri-

385 3172 624 3232 minibuS,
659 3172 708 3221 in
739 3170 1171 3234 muliercularum,
1205 3170 1622 3230 adolescentium,
1659 3186 1830 3222 senum
1865 3171 2063 3222 calami-

386 3253 567 3302 tatibus
599 3251 904 3317 exponendis
939 3255 1209 3318 occupatae
1242 3254 1371 3314 sunt,
1406 3251 1528 3300 aliae
1561 3252 1648 3301 vel>
1671 3251 1907 3302 nobilium
1923 3251 2064 3301 fami-

386 3331 559 3380 liarum
604 3331 684 3380 vel
729 3348 1013 3397 magnarum
1059 3331 1322 3381 civitatium
1375 3332 1625 3382 interitum
1669 3335 2064 3397 repraesentant;

387 3410 514 3461 aliae
545 3411 725 3461 amoris
758 3413 836 3462 vel
870 3413 974 3462 irae
1006 3412 1086 3462 vel
1118 3412 1339 3469 libidinis
1373 3412 1471 3461 vim
1518 3413 1851 3476 effectumque
1899 3411 2063 3476 expri-

389 3480 559 3553 munt,
606 3491 732 3540 aliae
779 3507 1026 3542 armorum
1072 3493 1364 3558 strepitum,
1412 3508 1585 3558 regum
1631 3492 1903 3557 potentium
1949 3491 2065 3540 vitia
