2144 3854
1075 252 1198 311 248

304 405 566 459 terfectum
613 417 729 453 esse
772 399 1065 451 certissimis
1097 417 1161 451 ex
1192 398 1384 450 indiciis
1431 401 1750 466 cognovisse,
1799 418 1976 455 exeae-

304 492 464 538 catum
489 501 518 533 a
539 499 595 533 se
621 483 1064 547 proturbatumque
1087 497 1200 531 esse
1223 483 1421 531 narrant
1432 480 1511 544 ’Ὃς
1535 480 1602 530 cf.
1619 481 1774 534 schol.
1788 481 1977 534 Phoen.

303 583 346 616 v.
378 567 476 614 61:
526 559 584 613 ἐν
619 558 677 613 δὲ
707 565 780 628 τῷ
817 559 1059 613 Οἰδίποδι
1092 559 1147 612 οἱ
1178 559 1352 611 Λαΐου
1386 559 1710 626 θεράποντες
1742 557 1975 629 ἐτύφλω-

303 655 406 698 σαν
437 641 627 694 αὐτόν·
1844 633 1849 638 “

437 721 620 791 ,ἡμεῖς
654 720 712 775 δὲ
746 722 1005 789 Πολύβου
1039 721 1185 773 παῖδ’
1220 719 1512 787 ἐρείσαντες
1543 699 1699 789 πέδῳ.

438 802 832 872 ἐξομματοῦμεν
865 802 954 856 καὶ
987 803 1267 870 διόλλυμεν
1301 802 1513 867 κόρας.”

305 885 528 937 Numinis
560 886 773 935 vindicta
805 887 901 936 hoc
936 885 1161 935 evenisse
1197 886 1358 935 Creon
1394 889 1634 936 testatur:

885 993 950 1005 —
1017 963 1124 1032 6ρῶ
1158 963 1260 1031 γὰρ
1296 962 1354 1016 ἐν
1386 965 1559 1035 χρόνῳ

439 1045 593 1113 δίκην
625 1045 815 1098 ἅπαντ’
850 1046 1092 1112 ἄγουσαν
1125 1044 1197 1106 εἰς
1223 1043 1369 1111 ’φάος
1401 1046 1632 1111 βροτοῖς.

307 1125 415 1177 Nec
447 1128 680 1190 miratur,
714 1127 846 1192 quod
883 1126 1133 1192 OedipuS,
1169 1143 1262 1192 qua
1296 1129 1361 1177 sit
1385 1128 1612 1177 violentia
1647 1126 1828 1188 animi,
1859 1126 1982 1177 faci-

308 1223 402 1258 nus
435 1209 723 1274 patraverit,
758 1207 847 1256 sed
883 1222 944 1256 ex
978 1222 1074 1255 nno
1108 1206 1249 1256 fonte
1282 1212 1334 1257 et
1365 1207 1623 1258 benefacta
1657 1212 1710 1256 et
1742 1207 1983 1258 maleficia

309 1287 515 1338 fluxisse
550 1288 809 1353 intelligit:
861 1302 956 1351 qua
999 1286 1129 1336 enim
1165 1287 1398 1347 audacia,
1451 1287 1720 1337 certamine
1751 1286 1983 1354 Sphingis

309 1372 612 1428 sustentato,
658 1366 859 1416 Thebas
893 1366 1113 1431 pernicie
1143 1366 1451 1427 liberaverit,
1499 1367 1671 1417 eadem
1705 1369 1985 1420 temeritate

310 1432 429 1512 rege
463 1446 730 1497 interfecto
763 1462 967 1511 regnum
1001 1447 1061 1495 ab
1095 1462 1156 1496 eo
1191 1453 1485 1512 occupatum
1515 1463 1656 1496 esse:

441 1515 636 1591 πότερα
668 1524 917 1591 γενέσθαι
951 1524 1085 1593 δῆτα
1118 1525 1507 1593 χρησιμώτερον

441 1603 664 1658 συνετὸν
696 1608 946 1672 ἄτολμον,
980 1605 1015 1673 ἢ
1050 1606 1264 1671 θρασύν
1295 1623 1350 1658 τε
1384 1605 1629 1672 κάμαθῆς

440 1684 501 1738 τὸ
535 1684 631 1754 μὲν
663 1685 766 1752 γὰρ
802 1687 979 1739 αὐτῶν
1014 1687 1217 1750 σκαιόν,
1252 1687 1364 1739 ἀλλ’
1399 1686 1669 1751 ἀμύνεται,

441 1765 501 1818 τὸ
536 1766 583 1819 δ’
616 1766 878 1835 ἡσυχαῖον
912 1767 1107 1833 ἀργόν·
1140 1765 1199 1819 ἐν
1233 1768 1282 1820 δ’
1316 1766 1521 1833 ἀμφοῖν
1553 1767 1728 1829 νόσος.

313 1847 498 1899 Contra
530 1849 724 1899 Iocaste
759 1849 944 1899 nefaria
977 1849 1172 1908 fraude,
1206 1851 1345 1917 regni
1377 1849 1704 1916 recuperandi
1739 1864 1928 1912 caussa,
1958 1866 1987 1899 a

313 1927 544 1990 Creonte,
576 1944 725 1993 quum
761 1929 940 1994 Oedipi
971 1930 1150 1979 virtute
1182 1945 1336 1992 regno
1358 1945 1412 1978 se
1441 1930 1637 1978 excludi
1663 1929 1871 1990 doleret,
1906 1945 1986 1978 sa-

313 2007 501 2058 tellites
547 2010 826 2074 suspicatur
875 2009 1167 2058 subornatos
1214 2024 1355 2069 esse,
1414 2009 1498 2072 qui
1548 2009 1689 2057 illum
1723 2008 1787 2058 de
1819 2009 1986 2059 medio

311 2086 572 2138 tollerent:

443 2166 653 2232 φθόνος
685 2166 752 2231 δ’,
787 2167 818 2220 ὁ
851 2160 1067 2219 πολλῶν
1093 2167 1267 2234 φρένα
1301 2166 1632 2234 διαφθείρων
1666 2166 1891 2234 βροτῶν,

443 2245 663 2299 einaize&
697 2247 863 2299 αὐτὸν
893 2247 1025 2315 κάμὲ
1059 2248 1424 2302 συνδιώρεσεν.

314 2327 444 2391 Quin
479 2330 625 2379 etiam
658 2345 817 2395 poena
851 2330 1055 2379 deorum
1090 2329 1328 2392 fratrem,
1340 2336 1431 2412 ft
1465 2331 1738 2395 quicunque
1784 2329 1985 2381 sceleris

312 2409 578 2474 participes
614 2411 729 2468 sint,
764 2410 922 2459 serius
958 2412 1094 2460 ocius
1128 2411 1360 2460 affectum
1395 2411 1457 2459 iri
1490 2411 1758 2475 praedicit:

449 2490 600 2539 οὔτοι
632 2490 980 2555 προςελθοῦσ’
1015 2488 1052 2557 ἦ
1083 2488 1223 2556 Δίκη
1258 2501 1332 2554 σε,
1366 2488 1437 2557 μὴ
1469 2487 1670 2556 τρέσῃς,

444 2568 618 2621 παίσει
649 2570 786 2635 πρὸς
820 2560 980 2637 ἧπαρ,
1017 2568 1143 2622 οὐδὲ
1176 2571 1285 2623 τῶν
1317 2573 1492 2622 ἄλλων
1527 2569 1737 2636 βροτῶν

443 2650 539 2702 τὸν
569 2649 775 2711 ἄδικον,
809 2650 939 2703 ἀλλὰ
973 2654 1096 2723 σῖγα
1128 2650 1218 2703 καὶ
1251 2651 1441 2717 βραδεῖ
1468 2648 1596 2703 ποδὶ

443 2730 720 2797 στείχουσα
752 2731 950 2798 μάρψει
980 2725 1107 2792 τοὺς
1139 2731 1352 2795 κακούς,
1387 2731 1514 2784 ὅταν
1546 2730 1676 2798 τύχῃ
1702 2729 1804 2793 st).

313 2809 452 2872 Quae
497 2812 666 2862 dicens
713 2830 768 2863 se
819 2830 956 2864 suam
1001 2814 1158 2879 ipsius
1211 2820 1393 2863 sortem
1461 2811 1750 2878 praedicere
1809 2809 1983 2861 nescit.

313 2889 550 2940 Eiusdem
575 2894 771 2955 generis
801 2900 879 2944 est
907 2894 1083 2958 fragm.
1107 2896 1203 2956 13.,
1234 2893 1364 2959 quod
1390 2894 1466 2942 his
1481 2889 1782 2957 praecedere
1795 2889 1985 2954 potuit:

442 2968 554 3020 ἀλλ’
588 2969 756 3038 ᾗμέρα
790 2990 872 3024 τοι
904 2972 1198 3039 μεταβολὰς
1228 2971 1422 3035 πολλὰς
1454 2970 1568 3039 ἔχει.

371 3163 421 3219 *)
452 3165 540 3220 Qui
568 3180 668 3209 cum
706 3167 818 3211 Laio
858 3167 1037 3214 fuera'nt
1076 3170 1134 3213 ad
1162 3170 1392 3213 oraculmn
1420 3165 1730 3223 proficiscente
1758 3165 1987 3220 satellites,

452 3248 529 3277 eos
558 3249 709 3279 omnes
738 3238 795 3280 ab
827 3238 998 3295 Oedipo
1027 3254 1116 3283 una
1144 3240 1396 3283 interfectos
1434 3252 1556 3293 esse,
1598 3251 1739 3293 neque
1779 3237 1987 3283 relietum

453 3318 566 3358 esse,
596 3306 674 3362 qui
698 3307 1027 3354 interfectorem
1055 3311 1278 3367 proderet,
1307 3310 1497 3354 finxerat
1523 3308 1772 3364 Euripides.

345 3374 427 3429 Η)
455 3375 636 3433 Fragm.
666 3377 752 3421 inc.
784 3392 826 3422 n.
856 3377 898 3420 2.
