2176 3874
1121 291 1246 353 356

491 445 567 494 Ex
601 442 695 492 hac
718 444 863 507 parte
892 439 1130 491 dramatis
1166 440 1404 508 quaedam
1433 440 1682 492 Lucianus
1715 443 1764 494 in
1800 447 2031 511 tragodo-

359 525 574 592 podagra
606 522 923 585 decerpsisse
957 521 1179 584 videtur,
1213 523 1347 571 velut
1379 521 1530 570 haec:

492 602 688 654 δίναισι
720 600 977 666 φλογμῶν
1009 600 1177 666 σάρκα
1210 600 1673 666 πυρπολούμενον,

491 682 651 734 ὁποῖα
684 677 881 747 κρητὴρ
916 681 1102 746 μεστὸς
1136 681 1393 733 Αἰτναίου
1425 683 1598 747 πυρὸς

492 762 526 830 ἢ
562 762 779 822 Σικελὸς
813 759 990 812 αὐλὼν
1025 760 1280 828 ἁλιπόρου
1316 762 1629 830 διασφάγος,

491 839 633 896 ὅπου
667 842 989 905 δυςεξέλικτα
1022 844 1424 911 κυματούμενος

492 923 710 992 σήραγξι
743 925 950 988 πετρῶν
984 921 1192 985 σκολιὸς
1228 924 1432 975 εἱλεῖται
1467 922 1695 977 κλύδων.

493 997 535 1055 ὦ
569 1001 960 1070 δυςτέκμαρτον
991 1010 1152 1056 πᾶσιν
1186 1005 1492 1071 ἀνθρώποις
1524 1002 1686 1065 τέλος,

489 1085 561 1146 ὡς
596 1085 668 1146 εἰς
702 1085 871 1151 μάτην
905 1095 961 1135 σε
994 1085 1185 1145 πάντες
1217 1086 1649 1152 ἀμφιθάλπομεν,

486 1162 655 1217 ἐλπίδι
686 1164 879 1231 ματαίᾳ
911 1164 1065 1229 μωρὰ
1099 1166 1535 1231 βουκολούμενοι.

489 1247 627 1307 Mox,
660 1246 799 1295 faces
835 1247 1127 1295 admovente
1160 1247 1349 1307 dolore,
1385 1248 1655 1308 exclamat,
1689 1245 1919 1295 auxilium
1954 1259 2039 1294 ex-

360 1332 564 1392 petenS,
600 1326 726 1375 mori
760 1326 992 1389 cupiens:

487 1405 708 1468 „Heu!
745 1406 891 1473 quis
923 1405 1131 1455 salsis
1150 1406 1496 1471 fluctibus
1529 1406 1794 1456 mandet

496 1485 599 1534 Me
635 1501 712 1534 ea·
744 1486 1028 1535 sublimo
1061 1488 1322 1535 vertice
1354 1488 1546 1536 saxi?

493 1566 628 1614 Iam
662 1567 789 1614 iam
825 1566 1160 1625 absumam-
1197 1567 1496 1632 conficit
1531 1568 1811 1616 animam

501 1644 611 1695 Vis
644 1645 983 1708 volneris,
1017 1647 1274 1714 ulceris
1310 1654 1591 1696 aestus-’⁹

361 1726 621 1776 Postremo
666 1741 837 1775 somno
891 1726 1186 1792 opprimitur
1242 1727 1368 1777 adeo
1409 1728 1575 1792 gravi,
1629 1732 1687 1778 ut
1722 1726 1930 1787 chorus,
1975 1741 2041 1775 ne

359 1808 570 1857 animam
604 1804 874 1867 efflaverit,
908 1812 1162 1856 vereatur:

491 1881 821 1936 ἀπέπνευσεν
856 1884 1026 1936 αἰῶνα
1035 1906 1056 1946 ;

360 1965 469 2015 Hac
503 1967 872 2031 opportunitate
905 1967 1019 2015 data
1051 1966 1278 2031 Ulysses‚
1317 1967 1428 2030 quis
1462 1967 1563 2027 sit,
1598 1966 1770 2015 Actori
1803 1969 1854 2014 et
1886 1963 2040 2013 choro

360 2046 520 2109 aperit
564 2046 810 2110 simulque
855 2062 969 2104 eos,
1029 2050 1086 2094 ut
1131 2051 1302 2094 conata
1348 2061 1434 2094 sua
1482 2046 1740 2106 adiuvent,
1791 2045 2038 2094 obsecrat.

361 2124 543 2172 Graeci
577 2124 707 2172 enim
744 2139 892 2186 quum
927 2128 1121 2184 essent,
1157 2140 1250 2172 non
1285 2129 1515 2188 poterant
1548 2125 1793 2172 exercitus
1827 2124 2038 2172 salutem

361 2203 626 2267 negligere.
695 2202 907 2252 Miratur
933 2204 1089 2252 Actor
1122 2204 1372 2252 audaciam
1405 2203 1514 2262 viri,
1549 2203 1634 2266 qui
1668 2203 1809 2252 adire
1841 2204 2037 2252 hostem

361 2282 730 2332 infestissimum
765 2299 861 2331 non
895 2284 1161 2332 dubitarit:

490 2361 725 2424 „Quem
770 2378 985 2428 neque
1035 2365 1218 2411 tueri
1267 2369 1500 2412 contra
1554 2378 1760 2429 neque
1814 2361 2039 2427 adfari

1216 2459 1433 2510 queas

493 2547 558 2559 -
695 2551 755 2559 -—-
890 2524 998 2571 cui
1024 2529 1333 2588 potestas
1365 2523 1422 2570 si
1457 2521 1679 2583 detur,
1714 2529 1827 2572 tua

499 2602 862 2669 Cupienter
895 2603 1095 2653 malis
1139 2603 1420 2651 membra
1460 2601 1802 2668 discerpat
1851 2598 2034 2668 suisss’

364 2681 600 2732 Ceterum
645 2683 743 2731 hoc
777 2683 998 2731 diverbio
1032 2699 1093 2731 eo
1127 2699 1206 2730 res
1242 2683 1559 2747 perducitur,
1610 2687 1664 2730 ut
1697 2698 1831 2731 arma
1865 2681 2036 2730 Philo-

365 2768 526 2811 ctetae
559 2778 668 2810 cum
716 2763 904 2825 sagittis
939 2763 988 2811 in
1037 2767 1332 2826 potestatem
1368 2762 1560 2825 Ulyssis
1594 2762 1862 2810 tradantur.
1931 2760 2033 2809 Te-

363 2847 520 2891 statur
553 2843 682 2890 enim
718 2842 810 2889 Dio
850 2842 901 2889 in
935 2843 1027 2890 hac
1059 2859 1116 2891 re
1150 2858 1318 2891 omnes
1352 2847 1452 2890 tres
1503 2847 1674 2905 poetas
1710 2842 2036 2906 conspirasse,

363 2926 420 2968 ut
453 2922 554 2968 sive
585 2921 719 2970 furto
754 2922 858 2969 sive
892 2922 1060 2985 rapina
1092 2938 1253 2980 arma,
1289 2923 1461 2984 quibus
1495 2920 1794 2969 Philoctetes
1829 2905 2033 2977 fidebat,

364 3014 488 3061 quae
533 3004 585 3048 et
618 3001 803 3048 victum
848 3002 1029 3050 misero
1071 3007 1126 3050 et
1160 3002 1516 3050 contumaciam
1560 3001 1864 3064 nominisque
1899 3000 2031 3048 cele-

363 3079 589 3127 britatem
631 3080 966 3142 praebebant,
1013 3081 1218 3130 subduci
1255 3082 1299 3128 ei
1332 3080 1581 3139 facerent,
1631 3084 1890 3142 antequam
1923 3080 2033 3143 ipse

363 3158 538 3222 partim
589 3158 768 3207 invitus
817 3161 993 3223 partim
1038 3176 1302 3225 persuasus
1340 3160 1401 3208 ad
1447 3161 1715 3207 exercitum
1766 3159 2031 3208 reducere-

364 3242 459 3287 tur.
528 3237 727 3301 Recipit
771 3239 820 3287 in
863 3255 918 3288 se
952 3241 1107 3290 Actor
1157 3242 1302 3290 etiam
1351 3240 1602 3306 negotium
1636 3238 1922 3288 Diomedem
1968 3238 2031 3287 de

498 3407 661 3449 eadem
688 3406 902 3450 sententia
932 3412 996 3451 est
1026 3408 1151 3452 Geel.
1180 3409 1223 3452 in
1252 3408 1380 3452 Dion.
1412 3409 1593 3465 Olymp.
1622 3423 1667 3464 p.
1695 3407 1812 3461 401„
1841 3405 2029 3466 ’Ἄκτορα

499 3490 531 3519 a
560 3477 655 3522 cod.
685 3478 873 3522 Mearm.
903 3479 1109 3534 praeberi
1137 3484 1314 3525 testans.
1373 3479 1442 3523 Cf.
1474 3479 1643 3523 Welck.
1673 3494 1717 3534 p.
1747 3477 1872 3522 1586.
