2144 3854
1150 296 1234 353 46

357 447 580 511 (Heroid.
613 444 698 505 IV,
733 447 797 492 ‘13
830 444 994 509 seqq.)
1030 446 1082 492 et
1113 442 1304 493 Seneca
1334 447 1611 506 testantur,
1657 459 1862 509 quornm
1908 462 2026 497 con-

354 542 551 574 sensum
585 541 646 573 ex
677 524 930 590 Euripidis
956 523 1230 573 imitatione
1253 528 1417 573 natum
1443 539 1558 572 esse
1588 525 1815 575 coniicio.
1880 527 2027 577 Ama-

355 606 435 652 bat
469 605 596 652 enim
630 605 713 654 hic
746 603 872 654 tales
907 603 1118 653 Catones
1168 604 1436 667 effingere,
1485 607 1537 652 et
1582 604 1701 653 huic
1746 606 2027 672 tragoediae

352 699 585 746 persona,
639 701 765 748 quae
820 683 1078 732 Phaedrae
1122 684 1341 733 moribus
1386 684 1532 749 plane
1579 686 1821 735 contraria
1875 691 2024 747 esset,

350 763 535 826 optime
571 763 903 813 conveniebat.
973 762 1136 811 Ovidii
1166 765 1314 811 verba
1345 764 1470 812 haec
1505 769 1656 824 suntz„

478 841 780 910 „Quemque
791 848 976 892 vocant
996 843 1135 892 aliae
1149 843 1345 891 vultum
1359 843 1684 911 rigidumque
1707 851 2023 914 trucemque,

611 922 713 973 Pro
745 923 932 989 rigido,
970 922 1212 972 Phaedra
1243 922 1436 982 iudice,
1460 926 1618 989 fortis
1653 931 1782 974 erat.

479 1001 600 1052 Sint
628 1005 813 1070 procul
848 1021 880 1052 α
913 1003 1056 1052 nobis
1090 1004 1315 1065 iuvenes,
1351 1008 1409 1051 ut
1427 1005 1653 1067 semina,
1688 1007 1871 1055 comti:

609 1083 744 1133 Fine
779 1084 879 1133 coli
913 1083 1112 1133 modico
1133 1086 1312 1147 forma
1344 1083 1509 1132 virilis
1545 1091 1702 1134 amat.

484 1163 555 1211 Te
588 1170 707 1212 tuus
741 1165 840 1214 iste
872 1165 1015 1230 rigor
1042 1165 1301 1230 positique
1333 1164 1446 1212 sine
1481 1170 1599 1214 arte
1630 1164 1812 1233 capilli

605 1244 684 1292 Et
717 1245 845 1293 levis
880 1246 1088 1311 egregio
1113 1244 1290 1310 pulvis
1324 1246 1380 1293 in
1414 1261 1502 1294 ore
1536 1244 1685 1295 decet
1729 1250 1826 1295 etc.

479 1323 555 1373 Tu
589 1324 737 1374 modo
772 1324 1016 1374 duritiem
1049 1325 1192 1374 silvis
1225 1324 1424 1391 depone
1458 1326 1688 1391 iugosis:

606 1404 730 1455 Non
762 1422 875 1454 sum
906 1406 1132 1455 materia
1164 1404 1327 1471 digna
1354 1407 1531 1472 perire
1565 1412 1676 1456 tua.

476 1484 642 1547 Quid
708 1487 904 1536 iuvat
975 1486 1335 1536 incinctae
1395 1485 1632 1535 studia
1691 1500 2022 1536 exercere

1260 1564 1391 1614 Dia
1404 1582 1439 1614 n
1454 1582 1486 1614 α
1505 1582 1549 1626 ε,

601 1644 692 1694 Et
737 1644 989 1694 Veneri
1020 1660 1332 1694 numeros
1368 1645 1719 1711 eripuisse
1751 1644 1943 1694 suos?

474 1725 652 1788 Quod
686 1732 883 1776 caret
919 1724 1201 1774 alterna
1234 1726 1497 1792 requie,
1544 1723 1862 1774 durabile
1894 1739 2019 1776 non

1267 1810 1398 1854 est:

601 1884 788 1936 Haec
821 1891 1106 1952 reparat
1140 1887 1319 1934 vires
1351 1886 1683 1951 fessaque
1728 1883 2016 1934 membra

1249 1965 1504 2016 novaL”

334 2045 467 2095 Fere
498 2045 676 2094 iisdem
708 2045 903 2094 monitis
939 2046 1069 2110 apud
1103 2044 1342 2094 Senecam
1392 2046 1557 2094 nutrix
1599 2043 1860 2110 Hippolyti
1906 2044 2012 2094 ani-

334 2141 465 2175 mum
501 2125 705 2175 flectere
739 2125 934 2174 studet:
1233 2178 1238 2191 ἱ

462 2233 527 2242 -—-
563 2233 627 2241 —
658 2205 875 2267 „Potius
910 2222 1159 2255 annorum
1190 2222 1382 2254 memor

466 2285 698 2336 Mentem
731 2286 944 2335 relaxa:
979 2286 1211 2336 noctibus
1230 2286 1390 2350 sestis
1409 2287 1593 2350 facem

461 2366 663 2415 Attolle
674 2385 696 2426 ;
731 2383 884 2416 curas
918 2367 1153 2417 Bacchus
1189 2371 1435 2415 exoneret
1467 2381 1656 2431 graves
1689 2369 1787 2417 etc.

460 2473 526 2481 —
561 2475 622 2482 —
664 2445 765 2496 Cur
796 2453 910 2496 toro
943 2447 1099 2496 viduo
1132 2448 1308 2496 iaces?

468 2526 687 2575 Tristem
721 2527 987 2577 iuventam
1019 2528 1174 2588 solve,
1207 2542 1347 2576 nunc
1380 2526 1520 2574 lusus
1553 2540 1682 2591 rape
1715 2529 1811 2574 etc.

458 2605 697 2655 Laetitia
730 2608 983 2668 iuvenem,
1006 2610 1162 2673 frons
1196 2606 1347 2656 decet
1381 2607 1543 2655 tristis
1573 2621 1748 2654 senem
1783 2609 1879 2654 etc.

464 2686 916 2737 Truculentus
952 2694 1014 2737 et
1047 2688 1372 2737 silvester
1407 2692 1471 2736 et
1513 2686 1703 2734 vitae
1746 2684 2008 2733 inscius

463 2766 748 2816 Tristem
801 2770 1184 2828 iuventam,
1242 2766 1500 2816 Venere
1551 2764 1851 2825 deserta,
1901 2780 2005 2814 co—

1051 2848 1057 2853 ’
1248 2847 1333 2895 lis
1367 2851 1466 2896 etc.

455 2925 683 2975 Proinde
714 2928 858 2976 vitae
889 2943 1105 2995 sequere
1137 2932 1384 2977 naturam
1419 2924 1630 2974 ducem.-

463 3004 647 3055 Urbem
667 3008 974 3073 frequenta,
1010 3009 1198 3058 civium
1233 3011 1406 3058 coetus
1440 3005 1595 3055 cole.”

322 3085 564 3151 Euripide
596 3090 860 3151 utrumque
893 3093 1095 3138 auctore
1127 3103 1270 3138 usum
1326 3103 1438 3136 esse
1493 3101 1556 3135 ex
1595 3086 1695 3134 hoc
1727 3084 2002 3151 fragmento

322 3170 554 3232 apparet:

456 3244 510 3297 οἱ
540 3243 642 3312 γὰρ
676 3245 892 3311 Κύπριν
926 3247 1216 3314 φεύγοντες
1247 3244 1553 3311 ἀνθρώπων
1585 3246 1725 3311 ἄγαν
1800 3276 1804 3279 v

448 3329 668 3378 voeoue'
705 3325 900 3394 ὁμοίως
931 3332 1044 3390 τοῖς
1076 3332 1215 3396 ἄγαν
1247 3326 1602 3395 θηρωμένοις.

321 3409 515 3475 Spretis
548 3410 753 3459 nutricis
785 3412 987 3460 monitis
1021 3413 1127 3462 abit
1158 3413 1284 3462 intro
1317 3409 1637 3472 adolescens3
1685 3409 1768 3459 ina
1816 3413 1998 3469 autem,

319 3495 581 3554 postquam
613 3489 711 3539 hoc
746 3491 988 3556 colloquio
1021 3493 1141 3541 nihil
1174 3490 1413 3557 profecit,
1462 3491 1525 3540 de
1576 3491 1803 3540 dominae
1839 3490 1998 3539 salute

319 3568 616 3634 desperans,
663 3571 778 3619 huic
814 3571 1181 3622 concedendum
1217 3587 1357 3632 esse,
1403 3562 1695 3621 ut'consilia
1731 3587 1818 3620 sua
1853 3586 1998 3620 exse·

328 3653 527 3713 quatur,
558 3650 804 3715 intelligit.
