<?xml version="1.0" encoding="UTF-8"?>
<!DOCTYPE html PUBLIC "-//W3C//DTD XHTML 1.0 Transitional//EN"
    "http://www.w3.org/TR/xhtml1/DTD/xhtml1-transitional.dtd">
<html xmlns="http://www.w3.org/1999/xhtml" xml:lang="en" lang="en">
 <head>
  <title>
</title>
<meta http-equiv="Content-Type" content="text/html;charset=utf-8" />
  <meta name='ocr-system' content='tesseract 3.04.00' />
  <meta name='ocr-capabilities' content='ocr_page ocr_carea ocr_par ocr_line ocrx_word'/>
</head>
<body>
  <div class='ocr_page' id='page_1' title='image "./euripidesrestitu01hartuoft_0013.png"; bbox 0 0 2144 3854; ppageno 0'>
   <div class='ocr_carea' id='block_1_1' title="bbox 944 304 1029 339">
    <p class='ocr_par' dir='ltr' id='par_1_1' title="bbox 944 304 1029 339">
     <span class='ocr_line' id='line_1_1' title="bbox 944 304 1029 339; baseline 0.012 -1"><span class='ocrx_word' id='word_1_1' title='bbox 944 304 1029 339; x_wconf 83' lang='lat' dir='ltr'>vn</span> 
     </span>
    </p>
   </div>
   <div class='ocr_carea' id='block_1_2' title="bbox 144 431 1847 3451">
    <p class='ocr_par' dir='ltr' id='par_1_2' title="bbox 145 431 1847 2774">
     <span class='ocr_line' id='line_1_2' title="bbox 145 431 1839 512; baseline -0.008 -12"><span class='ocrx_word' id='word_1_2' title='bbox 145 431 494 512; x_wconf 70' lang='lat' dir='ltr'>meruerunt,</span> <span class='ocrx_word' id='word_1_3' title='bbox 550 437 743 506; x_wconf 83' lang='lat' dir='ltr'>factis,</span> <span class='ocrx_word' id='word_1_4' title='bbox 779 436 859 491; x_wconf 88' lang='lat' dir='ltr'>ita</span> <span class='ocrx_word' id='word_1_5' title='bbox 892 453 1113 505; x_wconf 88' lang='lat' dir='ltr'>eorum,</span> <span class='ocrx_word' id='word_1_6' title='bbox 1151 435 1249 507; x_wconf 91' lang='lat' dir='ltr'>qui</span> <span class='ocrx_word' id='word_1_7' title='bbox 1276 432 1572 490; x_wconf 88' lang='lat' dir='ltr'>scribendo</span> <span class='ocrx_word' id='word_1_8' title='bbox 1595 432 1839 510; x_wconf 87' lang='lat' dir='ltr'>gloriam</span> 
     </span>
     <span class='ocr_line' id='line_1_3' title="bbox 147 548 1843 632; baseline -0.008 -19"><span class='ocrx_word' id='word_1_9' title='bbox 147 556 344 632; x_wconf 85' lang='lat' dir='ltr'><strong>adepti</strong></span> <span class='ocrx_word' id='word_1_10' title='bbox 372 559 525 624; x_wconf 87' lang='lat' dir='ltr'>sunt,</span> <span class='ocrx_word' id='word_1_11' title='bbox 569 550 835 626; x_wconf 85' lang='lat' dir='ltr'><strong>operibus</strong></span> <span class='ocrx_word' id='word_1_12' title='bbox 860 548 1092 625; x_wconf 88' lang='lat' dir='ltr'>ingenia</span> <span class='ocrx_word' id='word_1_13' title='bbox 1118 554 1448 621; x_wconf 70' lang='lat' dir='ltr'>mentesque</span> <span class='ocrx_word' id='word_1_14' title='bbox 1476 548 1843 604; x_wconf 88' lang='lat' dir='ltr'>manifestan-</span> 
     </span>
     <span class='ocr_line' id='line_1_4' title="bbox 146 663 1843 739; baseline -0.007 -13"><span class='ocrx_word' id='word_1_15' title='bbox 146 678 255 726; x_wconf 87' lang='lat' dir='ltr'>tur.</span> <span class='ocrx_word' id='word_1_16' title='bbox 351 667 480 736; x_wconf 80' lang='lat' dir='ltr'>Quo</span> <span class='ocrx_word' id='word_1_17' title='bbox 518 664 819 739; x_wconf 91' lang='lat' dir='ltr'>proposito</span> <span class='ocrx_word' id='word_1_18' title='bbox 855 681 983 718; x_wconf 91' lang='lat' dir='ltr'>cum</span> <span class='ocrx_word' id='word_1_19' title='bbox 1028 668 1380 736; x_wconf 87' lang='lat' dir='ltr'>temporum,</span> <span class='ocrx_word' id='word_1_20' title='bbox 1438 663 1639 735; x_wconf 92' lang='lat' dir='ltr'>quibus</span> <span class='ocrx_word' id='word_1_21' title='bbox 1676 667 1843 716; x_wconf 91' lang='lat' dir='ltr'>natae</span> 
     </span>
     <span class='ocr_line' id='line_1_5' title="bbox 147 775 1842 848; baseline -0.005 -11"><span class='ocrx_word' id='word_1_22' title='bbox 147 781 469 837; x_wconf 84' lang='lat' dir='ltr'>viderentur</span> <span class='ocrx_word' id='word_1_23' title='bbox 519 777 776 848; x_wconf 90' lang='lat' dir='ltr'>fabulae,</span> <span class='ocrx_word' id='word_1_24' title='bbox 833 776 1090 831; x_wconf 85' lang='lat' dir='ltr'>ordinem</span> <span class='ocrx_word' id='word_1_25' title='bbox 1142 775 1282 830; x_wconf 90' lang='lat' dir='ltr'>mihi</span> <span class='ocrx_word' id='word_1_26' title='bbox 1335 775 1683 848; x_wconf 90' lang='lat' dir='ltr'>sequendum</span> <span class='ocrx_word' id='word_1_27' title='bbox 1721 793 1842 829; x_wconf 92' lang='lat' dir='ltr'>esse</span> 
     </span>
     <span class='ocr_line' id='line_1_6' title="bbox 148 888 1843 965; baseline -0.004 -16"><span class='ocrx_word' id='word_1_28' title='bbox 148 894 547 960; x_wconf 80' lang='lat' dir='ltr'>existimarem,</span> <span class='ocrx_word' id='word_1_29' title='bbox 590 909 706 945; x_wconf 90' lang='lat' dir='ltr'>non</span> <span class='ocrx_word' id='word_1_30' title='bbox 732 891 896 965; x_wconf 91' lang='lat' dir='ltr'>potui</span> <span class='ocrx_word' id='word_1_31' title='bbox 919 908 1034 944; x_wconf 90' lang='lat' dir='ltr'>non</span> <span class='ocrx_word' id='word_1_32' title='bbox 1060 889 1240 944; x_wconf 90' lang='lat' dir='ltr'>multa</span> <span class='ocrx_word' id='word_1_33' title='bbox 1268 888 1637 944; x_wconf 91' lang='lat' dir='ltr'>coniectando</span> <span class='ocrx_word' id='word_1_34' title='bbox 1664 908 1843 960; x_wconf 88' lang='lat' dir='ltr'>quae-</span> 
     </span>
     <span class='ocr_line' id='line_1_7' title="bbox 146 1001 1846 1077; baseline -0.004 -16"><span class='ocrx_word' id='word_1_35' title='bbox 146 1025 286 1062; x_wconf 84' lang='lat' dir='ltr'>rere.</span> <span class='ocrx_word' id='word_1_36' title='bbox 374 1001 640 1060; x_wconf 90' lang='lat' dir='ltr'>Ceterum</span> <span class='ocrx_word' id='word_1_37' title='bbox 681 1004 884 1059; x_wconf 90' lang='lat' dir='ltr'>demtis</span> <span class='ocrx_word' id='word_1_38' title='bbox 917 1004 1016 1074; x_wconf 90' lang='lat' dir='ltr'>iis,</span> <span class='ocrx_word' id='word_1_39' title='bbox 1061 1022 1207 1075; x_wconf 89' lang='lat' dir='ltr'>quae</span> <span class='ocrx_word' id='word_1_40' title='bbox 1247 1010 1375 1058; x_wconf 89' lang='lat' dir='ltr'>sunt</span> <span class='ocrx_word' id='word_1_41' title='bbox 1409 1003 1469 1056; x_wconf 90' lang='lat' dir='ltr'>in</span> <span class='ocrx_word' id='word_1_42' title='bbox 1503 1001 1846 1077; x_wconf 87' lang='lat' dir='ltr'>suspicioni-</span> 
     </span>
     <span class='ocr_line' id='line_1_8' title="bbox 146 1114 1842 1193; baseline -0.003 -20"><span class='ocrx_word' id='word_1_43' title='bbox 146 1119 250 1174; x_wconf 90' lang='lat' dir='ltr'>bus</span> <span class='ocrx_word' id='word_1_44' title='bbox 289 1118 505 1193; x_wconf 90' lang='lat' dir='ltr'>posita,</span> <span class='ocrx_word' id='word_1_45' title='bbox 551 1117 683 1172; x_wconf 91' lang='lat' dir='ltr'>satis</span> <span class='ocrx_word' id='word_1_46' title='bbox 716 1117 923 1187; x_wconf 90' lang='lat' dir='ltr'>multa,</span> <span class='ocrx_word' id='word_1_47' title='bbox 968 1136 1113 1189; x_wconf 90' lang='lat' dir='ltr'>quae</span> <span class='ocrx_word' id='word_1_48' title='bbox 1140 1135 1247 1191; x_wconf 91' lang='lat' dir='ltr'>pro</span> <span class='ocrx_word' id='word_1_49' title='bbox 1278 1115 1585 1190; x_wconf 85' lang='lat' dir='ltr'>exploratis</span> <span class='ocrx_word' id='word_1_50' title='bbox 1607 1114 1842 1185; x_wconf 85' lang='lat' dir='ltr'>habeas,</span> 
     </span>
     <span class='ocr_line' id='line_1_9' title="bbox 146 1229 1845 1304; baseline -0.002 -18"><span class='ocrx_word' id='word_1_51' title='bbox 146 1232 391 1304; x_wconf 89' lang='lat' dir='ltr'>relinqui</span> <span class='ocrx_word' id='word_1_52' title='bbox 415 1231 650 1285; x_wconf 90' lang='lat' dir='ltr'>videbis.</span> <span class='ocrx_word' id='word_1_53' title='bbox 737 1230 825 1285; x_wconf 92' lang='lat' dir='ltr'>De</span> <span class='ocrx_word' id='word_1_54' title='bbox 850 1230 963 1286; x_wconf 87' lang='lat' dir='ltr'>vita</span> <span class='ocrx_word' id='word_1_55' title='bbox 987 1229 1302 1304; x_wconf 89' lang='lat' dir='ltr'>scriptoris,</span> <span class='ocrx_word' id='word_1_56' title='bbox 1344 1229 1416 1285; x_wconf 90' lang='lat' dir='ltr'>de</span> <span class='ocrx_word' id='word_1_57' title='bbox 1445 1229 1654 1284; x_wconf 89' lang='lat' dir='ltr'>saeculi</span> <span class='ocrx_word' id='word_1_58' title='bbox 1678 1229 1845 1304; x_wconf 91' lang='lat' dir='ltr'>inge-</span> 
     </span>
     <span class='ocr_line' id='line_1_10' title="bbox 147 1342 1847 1419; baseline -0.001 -20"><span class='ocrx_word' id='word_1_59' title='bbox 147 1345 274 1415; x_wconf 89' lang='lat' dir='ltr'>nio,</span> <span class='ocrx_word' id='word_1_60' title='bbox 343 1344 420 1400; x_wconf 91' lang='lat' dir='ltr'>de</span> <span class='ocrx_word' id='word_1_61' title='bbox 467 1344 814 1419; x_wconf 89' lang='lat' dir='ltr'>reipublicae</span> <span class='ocrx_word' id='word_1_62' title='bbox 865 1345 1071 1399; x_wconf 85' lang='lat' dir='ltr'>caussis</span> <span class='ocrx_word' id='word_1_63' title='bbox 1120 1342 1305 1416; x_wconf 91' lang='lat' dir='ltr'>deque</span> <span class='ocrx_word' id='word_1_64' title='bbox 1352 1342 1739 1398; x_wconf 90' lang='lat' dir='ltr'>communibus</span> <span class='ocrx_word' id='word_1_65' title='bbox 1789 1349 1847 1397; x_wconf 95' lang='lat' dir='ltr'>et</span> 
     </span>
     <span class='ocr_line' id='line_1_11' title="bbox 146 1456 1847 1532; baseline -0.001 -19"><span class='ocrx_word' id='word_1_66' title='bbox 146 1457 391 1532; x_wconf 91' lang='lat' dir='ltr'>publicis</span> <span class='ocrx_word' id='word_1_67' title='bbox 427 1458 595 1513; x_wconf 89' lang='lat' dir='ltr'>rebus</span> <span class='ocrx_word' id='word_1_68' title='bbox 640 1457 925 1528; x_wconf 90' lang='lat' dir='ltr'>omnibus,</span> <span class='ocrx_word' id='word_1_69' title='bbox 970 1463 1241 1530; x_wconf 87' lang='lat' dir='ltr'>quantum</span> <span class='ocrx_word' id='word_1_70' title='bbox 1276 1475 1508 1511; x_wconf 88' lang='lat' dir='ltr'>necesse</span> <span class='ocrx_word' id='word_1_71' title='bbox 1544 1456 1847 1526; x_wconf 89' lang='lat' dir='ltr'>videretur,</span> 
     </span>
     <span class='ocr_line' id='line_1_12' title="bbox 147 1569 1846 1646; baseline -0.001 -20"><span class='ocrx_word' id='word_1_72' title='bbox 147 1571 293 1626; x_wconf 87' lang='lat' dir='ltr'>inter</span> <span class='ocrx_word' id='word_1_73' title='bbox 342 1571 527 1646; x_wconf 86' lang='lat' dir='ltr'>ipsam</span> <span class='ocrx_word' id='word_1_74' title='bbox 576 1571 894 1626; x_wconf 87' lang='lat' dir='ltr'>fabularum</span> <span class='ocrx_word' id='word_1_75' title='bbox 941 1570 1404 1644; x_wconf 85' lang='lat' dir='ltr'>explicationem,</span> <span class='ocrx_word' id='word_1_76' title='bbox 1475 1569 1573 1624; x_wconf 91' lang='lat' dir='ltr'>ubi</span> <span class='ocrx_word' id='word_1_77' title='bbox 1618 1569 1846 1625; x_wconf 89' lang='lat' dir='ltr'>daretur</span> 
     </span>
     <span class='ocr_line' id='line_1_13' title="bbox 151 1660 1846 1757; baseline 0 -20"><span class='ocrx_word' id='word_1_78' title='bbox 151 1683 402 1752; x_wconf 86' lang='lat' dir='ltr'>occasio,</span> <span class='ocrx_word' id='word_1_79' title='bbox 447 1660 734 1757; x_wconf 83' lang='lat' dir='ltr'>exponere</span> <span class='ocrx_word' id='word_1_80' title='bbox 772 1683 1197 1738; x_wconf 76' lang='lat' dir='ltr'>constitueramt</span> <span class='ocrx_word' id='word_1_81' title='bbox 1255 1682 1624 1757; x_wconf 90' lang='lat' dir='ltr'>postmodum</span> <span class='ocrx_word' id='word_1_82' title='bbox 1661 1683 1846 1738; x_wconf 88' lang='lat' dir='ltr'>vitan-</span> 
     </span>
     <span class='ocr_line' id='line_1_14' title="bbox 150 1795 1847 1871; baseline 0.001 -21"><span class='ocrx_word' id='word_1_83' title='bbox 150 1795 351 1850; x_wconf 89' lang='lat' dir='ltr'>dorum</span> <span class='ocrx_word' id='word_1_84' title='bbox 391 1795 744 1869; x_wconf 88' lang='lat' dir='ltr'>digressuum</span> <span class='ocrx_word' id='word_1_85' title='bbox 779 1815 971 1850; x_wconf 89' lang='lat' dir='ltr'>caussa</span> <span class='ocrx_word' id='word_1_86' title='bbox 1007 1795 1293 1870; x_wconf 87' lang='lat' dir='ltr'>longiores</span> <span class='ocrx_word' id='word_1_87' title='bbox 1323 1796 1441 1850; x_wconf 89' lang='lat' dir='ltr'>eius</span> <span class='ocrx_word' id='word_1_88' title='bbox 1479 1796 1702 1871; x_wconf 89' lang='lat' dir='ltr'>generis</span> <span class='ocrx_word' id='word_1_89' title='bbox 1729 1796 1847 1852; x_wconf 82' lang='lat' dir='ltr'>dis-</span> 
     </span>
     <span class='ocr_line' id='line_1_15' title="bbox 149 1907 1846 1983; baseline 0.001 -20"><span class='ocrx_word' id='word_1_90' title='bbox 149 1907 480 1963; x_wconf 89' lang='lat' dir='ltr'>sertationes</span> <span class='ocrx_word' id='word_1_91' title='bbox 518 1907 750 1983; x_wconf 89' lang='lat' dir='ltr'>singulis</span> <span class='ocrx_word' id='word_1_92' title='bbox 776 1907 1100 1962; x_wconf 90' lang='lat' dir='ltr'>didascaliis</span> <span class='ocrx_word' id='word_1_93' title='bbox 1129 1909 1497 1982; x_wconf 89' lang='lat' dir='ltr'>praemittere</span> <span class='ocrx_word' id='word_1_94' title='bbox 1527 1909 1696 1964; x_wconf 92' lang='lat' dir='ltr'>satius</span> <span class='ocrx_word' id='word_1_95' title='bbox 1722 1929 1846 1965; x_wconf 90' lang='lat' dir='ltr'>esse</span> 
     </span>
     <span class='ocr_line' id='line_1_16' title="bbox 149 2019 1845 2097; baseline 0.001 -20"><span class='ocrx_word' id='word_1_96' title='bbox 149 2021 354 2076; x_wconf 89' lang='lat' dir='ltr'>censui.</span> <span class='ocrx_word' id='word_1_97' title='bbox 453 2019 585 2074; x_wconf 90' lang='lat' dir='ltr'>Hoc</span> <span class='ocrx_word' id='word_1_98' title='bbox 621 2020 867 2076; x_wconf 90' lang='lat' dir='ltr'>monitos</span> <span class='ocrx_word' id='word_1_99' title='bbox 909 2020 1043 2075; x_wconf 89' lang='lat' dir='ltr'>volo</span> <span class='ocrx_word' id='word_1_100' title='bbox 1087 2040 1214 2091; x_wconf 91' lang='lat' dir='ltr'>eos,</span> <span class='ocrx_word' id='word_1_101' title='bbox 1260 2021 1354 2095; x_wconf 92' lang='lat' dir='ltr'>qui</span> <span class='ocrx_word' id='word_1_102' title='bbox 1391 2021 1461 2076; x_wconf 89' lang='lat' dir='ltr'>de</span> <span class='ocrx_word' id='word_1_103' title='bbox 1507 2021 1618 2076; x_wconf 88' lang='lat' dir='ltr'>hac</span> <span class='ocrx_word' id='word_1_104' title='bbox 1655 2024 1845 2097; x_wconf 90' lang='lat' dir='ltr'>operis</span> 
     </span>
     <span class='ocr_line' id='line_1_17' title="bbox 148 2127 1847 2210; baseline 0.001 -21"><span class='ocrx_word' id='word_1_105' title='bbox 148 2141 314 2210; x_wconf 90' lang='lat' dir='ltr'>parte</span> <span class='ocrx_word' id='word_1_106' title='bbox 373 2133 624 2188; x_wconf 87' lang='lat' dir='ltr'>iudicare</span> <span class='ocrx_word' id='word_1_107' title='bbox 675 2127 903 2202; x_wconf 84' lang='lat' dir='ltr'>volent,</span> <span class='ocrx_word' id='word_1_108' title='bbox 972 2141 1029 2188; x_wconf 92' lang='lat' dir='ltr'>et</span> <span class='ocrx_word' id='word_1_109' title='bbox 1076 2141 1372 2208; x_wconf 87' lang='lat' dir='ltr'>praeterea</span> <span class='ocrx_word' id='word_1_110' title='bbox 1426 2154 1518 2190; x_wconf 90' lang='lat' dir='ltr'>me</span> <span class='ocrx_word' id='word_1_111' title='bbox 1564 2153 1679 2190; x_wconf 91' lang='lat' dir='ltr'>non</span> <span class='ocrx_word' id='word_1_112' title='bbox 1731 2135 1847 2192; x_wconf 89' lang='lat' dir='ltr'>hoc</span> 
     </span>
     <span class='ocr_line' id='line_1_18' title="bbox 150 2246 1846 2323; baseline 0.002 -21"><span class='ocrx_word' id='word_1_113' title='bbox 150 2248 362 2323; x_wconf 88' lang='lat' dir='ltr'>egisse,</span> <span class='ocrx_word' id='word_1_114' title='bbox 415 2253 478 2301; x_wconf 90' lang='lat' dir='ltr'>ut</span> <span class='ocrx_word' id='word_1_115' title='bbox 524 2246 780 2301; x_wconf 88' lang='lat' dir='ltr'>iterando</span> <span class='ocrx_word' id='word_1_116' title='bbox 815 2266 959 2319; x_wconf 93' lang='lat' dir='ltr'>quae</span> <span class='ocrx_word' id='word_1_117' title='bbox 995 2246 1068 2302; x_wconf 90' lang='lat' dir='ltr'>de</span> <span class='ocrx_word' id='word_1_118' title='bbox 1104 2247 1306 2303; x_wconf 90' lang='lat' dir='ltr'>iisdem</span> <span class='ocrx_word' id='word_1_119' title='bbox 1344 2248 1508 2303; x_wconf 89' lang='lat' dir='ltr'>rebus</span> <span class='ocrx_word' id='word_1_120' title='bbox 1549 2256 1736 2305; x_wconf 88' lang='lat' dir='ltr'>essent</span> <span class='ocrx_word' id='word_1_121' title='bbox 1774 2250 1846 2305; x_wconf 91' lang='lat' dir='ltr'>ab</span> 
     </span>
     <span class='ocr_line' id='line_1_19' title="bbox 148 2360 1846 2435; baseline 0.001 -19"><span class='ocrx_word' id='word_1_122' title='bbox 148 2361 271 2416; x_wconf 92' lang='lat' dir='ltr'>aliis</span> <span class='ocrx_word' id='word_1_123' title='bbox 313 2360 600 2435; x_wconf 89' lang='lat' dir='ltr'>disputata</span> <span class='ocrx_word' id='word_1_124' title='bbox 632 2360 975 2435; x_wconf 88' lang='lat' dir='ltr'>ignorationi</span> <span class='ocrx_word' id='word_1_125' title='bbox 1005 2360 1281 2417; x_wconf 86' lang='lat' dir='ltr'>lectorum</span> <span class='ocrx_word' id='word_1_126' title='bbox 1319 2381 1696 2433; x_wconf 89' lang='lat' dir='ltr'>occurrerem,</span> <span class='ocrx_word' id='word_1_127' title='bbox 1741 2363 1846 2419; x_wconf 89' lang='lat' dir='ltr'>sed</span> 
     </span>
     <span class='ocr_line' id='line_1_20' title="bbox 148 2472 1844 2549; baseline 0.002 -21"><span class='ocrx_word' id='word_1_128' title='bbox 148 2481 213 2528; x_wconf 92' lang='lat' dir='ltr'>ut</span> <span class='ocrx_word' id='word_1_129' title='bbox 269 2472 554 2548; x_wconf 87' lang='lat' dir='ltr'>explendo</span> <span class='ocrx_word' id='word_1_130' title='bbox 607 2492 753 2545; x_wconf 89' lang='lat' dir='ltr'>quae</span> <span class='ocrx_word' id='word_1_131' title='bbox 806 2474 1012 2529; x_wconf 89' lang='lat' dir='ltr'>omissa</span> <span class='ocrx_word' id='word_1_132' title='bbox 1067 2481 1123 2529; x_wconf 89' lang='lat' dir='ltr'>et</span> <span class='ocrx_word' id='word_1_133' title='bbox 1160 2474 1359 2530; x_wconf 91' lang='lat' dir='ltr'>melius</span> <span class='ocrx_word' id='word_1_134' title='bbox 1402 2475 1660 2530; x_wconf 89' lang='lat' dir='ltr'>docendo</span> <span class='ocrx_word' id='word_1_135' title='bbox 1699 2495 1844 2549; x_wconf 91' lang='lat' dir='ltr'>quae</span> 
     </span>
     <span class='ocr_line' id='line_1_21' title="bbox 148 2586 1844 2664; baseline 0.004 -26"><span class='ocrx_word' id='word_1_136' title='bbox 148 2603 454 2660; x_wconf 84' lang='lat' dir='ltr'>perperam</span> <span class='ocrx_word' id='word_1_137' title='bbox 492 2586 648 2639; x_wconf 90' lang='lat' dir='ltr'>credi</span> <span class='ocrx_word' id='word_1_138' title='bbox 681 2592 968 2660; x_wconf 89' lang='lat' dir='ltr'>putarem,</span> <span class='ocrx_word' id='word_1_139' title='bbox 1025 2588 1320 2662; x_wconf 89' lang='lat' dir='ltr'>opiniones</span> <span class='ocrx_word' id='word_1_140' title='bbox 1354 2589 1501 2643; x_wconf 90' lang='lat' dir='ltr'>falso</span> <span class='ocrx_word' id='word_1_141' title='bbox 1537 2595 1844 2664; x_wconf 88' lang='lat' dir='ltr'>conceptas</span> 
     </span>
     <span class='ocr_line' id='line_1_22' title="bbox 149 2696 1153 2774; baseline -0.001 -22"><span class='ocrx_word' id='word_1_142' title='bbox 149 2704 207 2752; x_wconf 90' lang='lat' dir='ltr'>et</span> <span class='ocrx_word' id='word_1_143' title='bbox 243 2696 449 2755; x_wconf 89' lang='lat' dir='ltr'>iudicia</span> <span class='ocrx_word' id='word_1_144' title='bbox 487 2697 764 2770; x_wconf 88' lang='lat' dir='ltr'>iniquiora</span> <span class='ocrx_word' id='word_1_145' title='bbox 798 2699 1153 2774; x_wconf 83' lang='lat' dir='ltr'>corrigerem.</span> 
     </span>
    </p>

    <p class='ocr_par' dir='ltr' id='par_1_3' title="bbox 144 2809 1843 3451">
     <span class='ocr_line' id='line_1_23' title="bbox 312 2809 1843 2884; baseline 0.003 -20"><span class='ocrx_word' id='word_1_146' title='bbox 312 2809 555 2879; x_wconf 88' lang='lat' dir='ltr'>Earum,</span> <span class='ocrx_word' id='word_1_147' title='bbox 599 2829 744 2884; x_wconf 94' lang='lat' dir='ltr'>quae</span> <span class='ocrx_word' id='word_1_148' title='bbox 777 2816 1099 2884; x_wconf 90' lang='lat' dir='ltr'>temporum</span> <span class='ocrx_word' id='word_1_149' title='bbox 1133 2811 1330 2866; x_wconf 89' lang='lat' dir='ltr'>iniuria</span> <span class='ocrx_word' id='word_1_150' title='bbox 1352 2812 1710 2884; x_wconf 86' lang='lat' dir='ltr'>interierunt,</span> <span class='ocrx_word' id='word_1_151' title='bbox 1753 2813 1843 2868; x_wconf 89' lang='lat' dir='ltr'>fa-</span> 
     </span>
     <span class='ocr_line' id='line_1_24' title="bbox 144 2920 1843 3001; baseline 0.002 -25"><span class='ocrx_word' id='word_1_152' title='bbox 144 2920 405 2978; x_wconf 91' lang='lat' dir='ltr'>bularum</span> <span class='ocrx_word' id='word_1_153' title='bbox 457 2941 571 2977; x_wconf 90' lang='lat' dir='ltr'>non</span> <span class='ocrx_word' id='word_1_154' title='bbox 614 2923 745 2978; x_wconf 88' lang='lat' dir='ltr'>satis</span> <span class='ocrx_word' id='word_1_155' title='bbox 781 2922 957 2978; x_wconf 93' lang='lat' dir='ltr'>habui</span> <span class='ocrx_word' id='word_1_156' title='bbox 999 2924 1318 2999; x_wconf 87' lang='lat' dir='ltr'>fragmenta</span> <span class='ocrx_word' id='word_1_157' title='bbox 1356 2925 1658 3001; x_wconf 88' lang='lat' dir='ltr'>colligere,</span> <span class='ocrx_word' id='word_1_158' title='bbox 1718 2926 1843 2981; x_wconf 91' lang='lat' dir='ltr'>col-</span> 
     </span>
     <span class='ocr_line' id='line_1_25' title="bbox 147 3035 1841 3109; baseline 0.002 -20"><span class='ocrx_word' id='word_1_159' title='bbox 147 3035 297 3090; x_wconf 88' lang='lat' dir='ltr'>lecta</span> <span class='ocrx_word' id='word_1_160' title='bbox 345 3036 646 3091; x_wconf 89' lang='lat' dir='ltr'>emendare</span> <span class='ocrx_word' id='word_1_161' title='bbox 699 3044 756 3091; x_wconf 86' lang='lat' dir='ltr'>et</span> <span class='ocrx_word' id='word_1_162' title='bbox 799 3043 861 3090; x_wconf 94' lang='lat' dir='ltr'>ut</span> <span class='ocrx_word' id='word_1_163' title='bbox 911 3055 1167 3109; x_wconf 90' lang='lat' dir='ltr'>quaeque</span> <span class='ocrx_word' id='word_1_164' title='bbox 1206 3038 1602 3094; x_wconf 85' lang='lat' dir='ltr'>sententiarum</span> <span class='ocrx_word' id='word_1_165' title='bbox 1640 3039 1841 3094; x_wconf 88' lang='lat' dir='ltr'>vicini-</span> 
     </span>
     <span class='ocr_line' id='line_1_26' title="bbox 148 3149 1840 3226; baseline 0.002 -24"><span class='ocrx_word' id='word_1_166' title='bbox 148 3152 266 3203; x_wconf 89' lang='lat' dir='ltr'>tate</span> <span class='ocrx_word' id='word_1_167' title='bbox 301 3149 411 3204; x_wconf 90' lang='lat' dir='ltr'>alia</span> <span class='ocrx_word' id='word_1_168' title='bbox 446 3149 519 3204; x_wconf 92' lang='lat' dir='ltr'>ad</span> <span class='ocrx_word' id='word_1_169' title='bbox 553 3149 662 3204; x_wconf 91' lang='lat' dir='ltr'>alia</span> <span class='ocrx_word' id='word_1_170' title='bbox 699 3149 983 3223; x_wconf 88' lang='lat' dir='ltr'>pertinere</span> <span class='ocrx_word' id='word_1_171' title='bbox 1010 3150 1336 3206; x_wconf 84' lang='lat' dir='ltr'>viderentur</span> <span class='ocrx_word' id='word_1_172' title='bbox 1362 3151 1690 3226; x_wconf 88' lang='lat' dir='ltr'>disponere,</span> <span class='ocrx_word' id='word_1_173' title='bbox 1737 3171 1840 3206; x_wconf 91' lang='lat' dir='ltr'>ne-</span> 
     </span>
     <span class='ocr_line' id='line_1_27' title="bbox 148 3261 1842 3339; baseline 0.002 -25"><span class='ocrx_word' id='word_1_174' title='bbox 148 3278 260 3333; x_wconf 84' lang='lat' dir='ltr'>que</span> <span class='ocrx_word' id='word_1_175' title='bbox 307 3267 637 3337; x_wconf 89' lang='lat' dir='ltr'>argumenta</span> <span class='ocrx_word' id='word_1_176' title='bbox 691 3261 992 3337; x_wconf 88' lang='lat' dir='ltr'>indagare,</span> <span class='ocrx_word' id='word_1_177' title='bbox 1070 3264 1425 3339; x_wconf 89' lang='lat' dir='ltr'>interpretari</span> <span class='ocrx_word' id='word_1_178' title='bbox 1470 3263 1735 3337; x_wconf 89' lang='lat' dir='ltr'>reliquias</span> <span class='ocrx_word' id='word_1_179' title='bbox 1785 3270 1842 3318; x_wconf 89' lang='lat' dir='ltr'>et</span> 
     </span>
     <span class='ocr_line' id='line_1_28' title="bbox 147 3373 1838 3451; baseline 0.002 -24"><span class='ocrx_word' id='word_1_180' title='bbox 147 3391 293 3444; x_wconf 93' lang='lat' dir='ltr'>quae</span> <span class='ocrx_word' id='word_1_181' title='bbox 354 3381 500 3429; x_wconf 90' lang='lat' dir='ltr'>esset</span> <span class='ocrx_word' id='word_1_182' title='bbox 546 3373 747 3429; x_wconf 91' lang='lat' dir='ltr'>harum</span> <span class='ocrx_word' id='word_1_183' title='bbox 795 3393 922 3428; x_wconf 91' lang='lat' dir='ltr'>cum</span> <span class='ocrx_word' id='word_1_184' title='bbox 967 3375 1080 3432; x_wconf 90' lang='lat' dir='ltr'>illis</span> <span class='ocrx_word' id='word_1_185' title='bbox 1136 3377 1478 3451; x_wconf 88' lang='lat' dir='ltr'>conspiratio</span> <span class='ocrx_word' id='word_1_186' title='bbox 1531 3377 1838 3449; x_wconf 88' lang='lat' dir='ltr'>exquirere,</span> 
     </span>
    </p>
   </div>
   <div class='ocr_carea' id='block_1_3' title="bbox 148 3485 1838 3565">
    <p class='ocr_par' dir='ltr' id='par_1_4' title="bbox 148 3485 1838 3565">
     <span class='ocr_line' id='line_1_29' title="bbox 148 3485 1838 3565; baseline 0.002 -27"><span class='ocrx_word' id='word_1_187' title='bbox 148 3501 380 3556; x_wconf 88' lang='lat' dir='ltr'>quarum</span> <span class='ocrx_word' id='word_1_188' title='bbox 404 3488 648 3561; x_wconf 89' lang='lat' dir='ltr'>partium</span> <span class='ocrx_word' id='word_1_189' title='bbox 672 3487 730 3542; x_wconf 91' lang='lat' dir='ltr'>in</span> <span class='ocrx_word' id='word_1_190' title='bbox 753 3486 929 3542; x_wconf 88' lang='lat' dir='ltr'>altera</span> <span class='ocrx_word' id='word_1_191' title='bbox 943 3485 1271 3544; x_wconf 80' lang='lat' dir='ltr'>Matthiaei</span> <span class='ocrx_word' id='word_1_192' title='bbox 1298 3489 1594 3565; x_wconf 89' lang='lat' dir='ltr'>diligentia</span> <span class='ocrx_word' id='word_1_193' title='bbox 1620 3496 1674 3543; x_wconf 89' lang='lat' dir='ltr'>et</span> <span class='ocrx_word' id='word_1_194' title='bbox 1702 3488 1838 3543; x_wconf 84' lang='lat' dir='ltr'>sub-</span> 
     </span>
    </p>
   </div>
  </div>
 </body>
</html>
