2176 3874
937 304 1061 363 4⁰5

158 452 482 503 subtilitatem
514 451 812 516 dicendique
843 451 1130 500 facultatem
1167 453 1216 501 in
1247 466 1502 516 personas,
1537 467 1657 516 quas
1687 451 1834 502 effin-

158 538 297 597 gunt,
333 532 706 593 transferentes,
740 530 1007 596 copiosiuS‚
1042 531 1288 592 ornatius,
1322 532 1600 581 distinctius
1633 547 1730 581 non
1761 532 1836 582 in-

158 628 349 676 genuos
381 618 572 661 tantum
610 612 832 660 homines
850 647 864 671 ,
916 608 1005 658 sed
1042 624 1212 660 servos
1247 626 1446 675 quoque
1481 617 1532 660 et
1572 610 1836 660 semiferos

162 691 407 757 Cyclopas
442 691 507 739 de
526 691 628 739 suis
661 691 807 740 animi
829 688 989 738 sensis
1018 689 1347 753 cogitatisque
1368 706 1616 755 exponere
1631 691 1836 752 faciunt,

159 787 304 834 qnam
349 771 570 820 veritatis
618 771 745 820 ratio
791 769 893 833 pati
937 767 1146 818 videtur.
1213 769 1290 819 Ab
1336 769 1591 834 Euripidis
1637 769 1836 835 quidem

158 849 445 914 aequalibus
489 850 612 900 nihil
651 851 827 899 horum
875 847 947 896 illi
996 842 1118 896 vitio
1164 848 1339 897 datum
1401 865 1514 898 esse
1563 865 1654 915 pro
1699 854 1838 899 certo

156 929 536 979 affirmaverim:
582 945 745 993 neque
777 928 906 977 enim
938 928 1100 993 ipsam
1132 929 1412 989 veritatem,
1445 930 1536 978 sed
1570 930 1834 995 imaginem

157 1009 380 1059 veritatis
413 1009 716 1059 reddendam
761 1013 1020 1072 poetarum
1064 1008 1295 1071 operibus
1338 1024 1452 1057 esse
1483 1008 1837 1075 intelligebant,

157 1095 310 1152 atque
353 1090 707 1153 Aristophanes
750 1103 974 1153 quoque,
1030 1103 1129 1137 non
1172 1087 1304 1151 quod
1348 1089 1632 1153 importune
1673 1086 1836 1153 philo-

159 1169 388 1235 sophiam
420 1168 715 1229 adhibuerit,
751 1168 843 1217 sed
862 1167 995 1232 quod
1019 1167 1215 1216 omnino
1231 1166 1532 1230 adhibuerit,
1566 1169 1614 1218 ei
1647 1168 1839 1217 crimini

157 1249 307 1299 vertit
323 1286 339 1311 ,
384 1265 547 1313 neque
593 1252 784 1299 tantum
818 1264 848 1295 a
881 1248 1109 1308 theatro,
1162 1247 1253 1297 sed
1296 1248 1444 1298 etiam
1489 1263 1518 1298 a
1552 1247 1752 1299 civitate
1787 1252 1838 1298 et

156 1329 319 1379 avita
353 1329 574 1379 studium
608 1329 716 1379 eius
750 1327 981 1378 exsulare
1013 1328 1167 1377 iubet.

290 1398 423 1458 Dum
446 1410 677 1460 obvoluto
701 1409 867 1475 capite
886 1409 1060 1474 regina
1085 1408 1314 1473 quiescit,
1348 1410 1530 1459 chorus
1555 1410 1839 1475 quaerendo

156 1507 219 1540 ex
252 1490 443 1539 nutrice
475 1494 658 1539 statum
691 1505 860 1538 rerum
893 1489 1170 1538 accuratius
1204 1505 1505 1553 cognoscere
1535 1490 1734 1551 studet,
1768 1490 1838 1539 si-

156 1570 361 1634 mulque
409 1569 539 1617 hanc
583 1570 844 1629 hortatur,
894 1574 950 1618 ut
967 1607 982 1630 ,
1019 1569 1236 1633 quamvis
1268 1569 1352 1618 illa
1386 1571 1634 1620 obstinato
1677 1571 1839 1620 animo

156 1665 312 1715 genus
345 1648 508 1698 morbi
541 1664 870 1713 caussamque
905 1649 1059 1708 celet,
1102 1649 1152 1697 vi
1202 1653 1501 1713 extorquere
1530 1666 1703 1700 verum
1753 1666 1838 1700 co-

157 1735 318 1779 netur.
382 1728 565 1793 Incipit
607 1728 759 1792 igitnr
810 1745 1050 1793 quaerere
1097 1729 1261 1779 nutrix
1295 1730 1609 1780 cautissime:
1654 1731 1707 1780 in
1740 1747 1838 1796 qua

157 1809 447 1874 quaestione
481 1808 597 1857 dum
630 1808 763 1858 forte
790 1809 1055 1874 Hippolyti
1088 1808 1207 1858 facit
1239 1811 1556 1872 mentionem,
1590 1809 1836 1870 Phaedra,

157 1897 390 1954 tanquam
437 1889 719 1938 vehementi
767 1889 940 1937 dolore
987 1888 1197 1951 affecta,
1244 1890 1509 1941 exclamat:
1555 1890 1689 1955 quod
1736 1890 1839 1939 odii

158 1971 354 2034 signum
387 1984 501 2018 esse
533 1973 711 2034 putans
746 1970 914 2018 nutrix
944 1968 1066 2017 nihil
1100 1970 1385 2032 quaerendo
1417 1970 1841 2034 coniectandoque

160 2048 377 2115 proficit.
446 2047 578 2096 Tum
612 2049 674 2097 ad
707 2064 883 2113 preces
918 2063 1158 2097 conversa
1178 2051 1387 2115 supplex
1420 2067 1580 2117 genua
1611 2050 1840 2100 dominae

155 2128 383 2193 amplexa
415 2128 691 2192 dextraque
724 2128 975 2193 prehensa
1007 2130 1261 2191 obsecrat,
1296 2135 1350 2178 ut
1380 2146 1583 2191 verum,
1618 2130 1839 2195 quamvis

156 2209 339 2258 malum
373 2209 457 2270 sit,
490 2207 732 2258 fateatur:
767 2209 924 2263 maius
958 2209 1088 2257 euim
1106 2209 1307 2270 malum,
1342 2226 1489 2273 quam
1517 2210 1715 2260 domina
1736 2210 1839 2275 pri-

157 2290 276 2351 vari,
311 2289 536 2337 accidere
551 2289 645 2336 sibi
670 2305 820 2352 posse
843 2294 1004 2352 negat.
1073 2289 1310 2353 Sequitur
1342 2290 1495 2355 igitur
1527 2294 1642 2354 post
1669 2292 1837 2341 amba-

159 2384 249 2434 ges
297 2367 535 2431 quasdam
581 2367 832 2417 confessio
878 2368 1206 2416 verecundiae
1249 2369 1396 2418 laude
1432 2370 1683 2420 excellens
1718 2386 1837 2421 con-

161 2450 421 2510 tinensque
460 2447 712 2496 celebrata
744 2448 855 2496 illa:
900 2448 1012 2506 πῶς
1041 2445 1108 2497 ἂν
1143 2446 1211 2496 σύ
1243 2465 1337 2512 μοι
1368 2444 1563 2509 λέξειας
1601 2441 1706 2514 ‘cius
1738 2448 1839 2517 χρὴ

160 2524 358 2592 λέγεινς
395 2533 446 2576 et
479 2529 580 2576 σοῦ
613 2525 758 2589 τάδ’,
807 2525 906 2578 οὐκ
951 2525 1083 2592 ἐμοῦ
1115 2527 1304 2587 κλύεις.
1375 2529 1484 2592 Qua
1527 2531 1840 2580 confessione

160 2609 307 2676 plane
342 2612 684 2656 consternatur
716 2609 908 2668 nutrix,
959 2613 1219 2673 morteque
1252 2610 1395 2674 peius
1428 2610 1608 2658 malum
1646 2611 1692 2659 ei
1725 2626 1839 2659 esse

162 2690 374 2747 videtur,
411 2704 557 2752 quum
579 2688 897 2753 turpissimae
923 2689 1140 2752 cupidini
1162 2689 1578 2738 modestissimam
1602 2689 1839 2739 feminam

159 2770 417 2819 obnoxiam
439 2784 552 2817 esse
575 2768 764 2827 videat3
800 2785 960 2833 neque
984 2770 1142 2818 minus
1168 2770 1325 2818 choro
1357 2769 1420 2818 ad
1453 2771 1723 2834 perniciem
1757 2786 1840 2820 res

158 2855 331 2914 aperte
375 2849 582 2897 tendere
636 2848 847 2900 videtur.
928 2847 1057 2896 Tum
1106 2850 1284 2898 mentis
1338 2865 1481 2899 sensa
1527 2854 1582 2899 et
1635 2851 1842 2900 consilia

157 2928 357 2980 uberius
391 2928 615 2977 Phaedra
660 2929 892 2993 explicat.
960 2929 1268 2978 intellexisse
1314 2946 1370 2979 se
1424 2930 1707 2980 meditando
1753 2932 1840 2992 ait,

160 3024 257 3058 non
290 3013 391 3057 tam
423 3008 593 3057 iudicii
627 3009 743 3057 vitio
778 3025 924 3072 quam
959 3014 1165 3058 naturae
1196 3010 1560 3071 imbecillitate,
1605 3028 1719 3060 cum
1753 3016 1839 3061 aut

158 3089 366 3138 inertiae
411 3093 496 3136 aut
544 3089 787 3153 voluptati
822 3094 907 3138 aut
939 3089 1064 3139 falso
1099 3090 1292 3139 cuidam
1327 3091 1504 3156 pudori
1536 3091 1838 3157 indulgeant,

162 3168 396 3218 mortales
430 3168 696 3233 plerosque
730 3185 939 3233 peccare
974 3175 1025 3219 et
1058 3170 1120 3219 ad
1154 3171 1343 3219 scelera
1375 3171 1688 3235 suscipienda
1722 3189 1838 3237 pro-

163 3263 253 3296 nos
281 3262 410 3299 esse.
479 3248 572 3296 His
602 3250 751 3313 igitur
767 3250 989 3312 cognitis,
1013 3265 1109 3299 non
1126 3251 1349 3314 potuisse
1371 3251 1482 3312 sibi,
1519 3258 1572 3302 ut
1599 3253 1838 3314 flagitium

164 3326 316 3375 invita
350 3329 711 3391 committeret,
759 3329 1002 3380 accidere.
1069 3329 1238 3394 ltaque
1286 3336 1550 3396 postquam
1583 3348 1640 3381 se
1671 3347 1839 3381 amore

162 3406 464 3457 vulneratam
490 3424 603 3458 esse
626 3411 854 3469 senserit,
892 3410 1249 3473 considerasse,
1275 3427 1483 3475 quanam
1509 3414 1700 3462 ratione
1725 3428 1837 3462 eum

163 3485 301 3537 ferre
332 3492 503 3553 posset
535 3489 896 3541 honestissime.
964 3490 1030 3541 Et
1078 3491 1288 3556 primum
1334 3492 1536 3558 quidem
1580 3492 1838 3543 celandum
