2144 3854
865 307 986 364 213

221 454 288 505 Ut
324 453 612 504 ridentibus
647 453 899 512 arrident,
934 455 1012 502 ita
1031 452 1285 515 flentibus
1319 451 1508 502 adsunt

213 534 456 585 Humani
485 535 690 584 vultus:
723 534 772 582 εἰ
801 535 880 582 vis
913 549 996 581 me
1015 533 1172 595 flere,
1208 532 1485 582 dolendum
1520 539 1594 582 est

211 615 440 664 Primum
472 615 577 679 ipsi
606 613 732 671 tibi,·
777 619 904 662 tunc
948 619 1044 661 tua
1091 629 1173 660 me
1206 613 1497 677 infortunia
1531 611 1761 674 laedent,

150 719 155 722 ·
214 693 438 760 Telephe
470 693 553 742 vel
587 691 780 741 Pelea.-
814 692 953 741 male
984 692 1031 740 si
1063 691 1319 741 mandata
1354 694 1595 759 loqueris,

207 774 317 823 Aut
355 772 640 822 dormitabo
676 779 769 822 aut
802 772 1032 824 rideb0.''

73 853 328 920 Euripidis
363 853 492 902 enim
538 855 814 918 tragoedias
847 853 908 901 ab
943 852 1158 902 Horatio
1207 852 1396 917 respici
1446 852 1764 901 manifestum

75 939 171 985 est.
238 933 305 982 At
336 949 485 995 vero,
527 933 786 997 inquiunt,
829 949 927 982 non
962 932 1189 997 querelas
1223 931 1440 997 Telephi
1472 931 1767 996 vituperavit

72 1013 459 1079 Aristophanae,
505 1013 594 1060 sed
630 1029 838 1077 precum
870 1012 1202 1060 humilitatem
1236 1013 1612 1075 orationumque
1647 1026 1765 1059 con-

74 1095 338 1145 tentiones.
405 1091 594 1142 Audio:
631 1091 719 1141 sed
754 1091 969 1156 primum
1003 1091 1084 1140 his
1117 1091 1241 1156 ipsis
1269 1092 1502 1155 precibus
1530 1091 1766 1140 orationi—

74 1177 267 1238 busque
298 1174 493 1222 inerant
523 1171 737 1237 Telephi
771 1172 1023 1236 querelae,
1058 1177 1112 1220 ut
1144 1176 1285 1221 recte
1309 1170 1504 1220 Horatii
1529 1171 1768 1220 iudicium

73 1253 419 1319 Aristophanis
443 1252 746 1301 accusationi
772 1252 1122 1317 opposuerim;
1155 1250 1336 1301 deinde
1360 1251 1628 1301 absurdum
1654 1268 1768 1301 esse

74 1335 190 1386 dico
223 1334 332 1384 eius
366 1332 554 1382 offendi
590 1332 896 1382 orationibus
915 1368 929 1390 ‚
983 1333 1062 1382 cui
1095 1337 1296 1397 praeter
1328 1331 1420 1380 has
1455 1331 1542 1394 nil,
1578 1347 1676 1395 quo
1712 1348 1769 1381 se

75 1419 296 1476 tutetur,
346 1412 576 1463 relictum
611 1413 691 1463 sit.
758 1411 899 1463 Nihil
931 1429 1148 1477 unquam
1180 1413 1275 1462 vile
1310 1412 1658 1476 Aristophanis
1691 1413 1767 1461 in-

74 1495 204 1546 vidia
244 1494 621 1544 mordacissima
665 1493 823 1554 rosit,
880 1498 938 1543 ut
992 1493 1288 1543 Welckerus
1347 1497 1485 1542 tanto
1530 1493 1768 1542 maiorem

76 1575 236 1624 fuisse
266 1574 414 1623 huius
448 1573 734 1639 tragoediae
768 1573 964 1622 laudem
1000 1578 1235 1638 oportere
1253 1608 1268 1631 ‚
1322 1578 1503 1637 quanto
1535 1573 1767 1636 frequen-

74 1657 176 1706 tius
209 1656 296 1705 isti
328 1655 747 1720 opportunitatem
780 1652 980 1703 ridendi
1012 1652 1234 1711 dederit,
1270 1654 1550 1703 rectissime
1582 1653 1770 1703 iudica-

76 1737 204 1785 verit
226 1733 299 1799 *).
368 1734 506 1783 Idem
541 1735 606 1782 de
638 1740 789 1799 poeta
820 1735 960 1799 ipso,
1016 1750 1162 1799 quem
1196 1734 1512 1798 perstringit,
1548 1737 1770 1783 statuen-

78 1816 198 1865 dum
231 1820 325 1864 est.
396 1814 547 1863 Certe
596 1814 857 1879 Telephus
892 1814 1142 1879 Euripidis
1176 1818 1315 1863 tauto
1348 1831 1519 1864 omnes
1553 1813 1770 1878 reliquo-

77 1911 188 1946 rum
223 1900 481 1960 poetarum
526 1893 783 1958 Telephos
824 1894 1012 1958 gloriae
1055 1893 1324 1959 splendore
1370 1894 1649 1960 superavit,
1696 1899 1770 1953 ut,

77 1991 228 2040 quum
263 1975 396 2024 illius
431 1973 835 2038 frequentissima
868 1974 1054 2022 mentio
1090 1974 1186 2032 sit,
1222 1990 1374 2037 quum
1408 1975 1553 2023 multi
1584 1975 1771 2040 passim

77 2070 251 2105 versus
286 2055 515 2114 citentur,
552 2070 703 2119 quum
730 2070 758 2102 a
782 2053 1008 2118 pluribus
1034 2054 1363 2119 scriptoribus
1383 2055 1448 2104 de
1481 2059 1772 2119 argumento

79 2136 376 2196 doceamur,
431 2134 610 2184 horum
654 2142 857 2200 praeter
903 2134 1100 2182 nomina
1133 2133 1216 2182 vix
1250 2134 1519 2200 quidquam
1555 2151 1772 2184 comme-

77 2220 323 2265 moratum
357 2214 647 2264 inveniatur.
712 2214 956 2273 Accedit,
1003 2214 1136 2279 quod
1180 2215 1475 2264 nobilissimi
1522 2215 1773 2266 Romano-

79 2311 190 2346 rum
223 2300 419 2361 poetae,
454 2295 646 2345 Ennius
680 2302 827 2359 atque
862 2295 1047 2355 Attius,
1081 2295 1212 2344 illius
1247 2311 1374 2360 opus
1400 2295 1604 2360 dignum
1638 2311 1773 2359 esse,

81 2375 212 2440 quod
258 2375 636 2439 interpretando
682 2375 1016 2424 Romanorum
1066 2376 1274 2425 notitiae
1318 2375 1604 2438 traderent,
1656 2392 1772 2426 cen-

79 2459 299 2504 suerunt.
370 2455 560 2517 Quibus
591 2455 740 2504 rebus
787 2455 975 2504 factum
1023 2461 1124 2516 est,
1169 2460 1224 2504 ut
1271 2455 1488 2520 singulas
1536 2456 1775 2506 dramatis

82 2540 269 2600 partes,
304 2534 475 2598 quales
510 2534 714 2594 fuerint,
750 2550 1051 2598 cognoscere
1077 2536 1344 2600 possimus,
1414 2536 1548 2599 Quas
1573 2537 1775 2600 quidem

83 2614 158 2664 sic
193 2620 499 2678 comparatas
536 2613 694 2663 fuisse
729 2614 1066 2679 intelligimus,
1100 2619 1156 2664 ut
1191 2631 1362 2664 omnes
1387 2621 1439 2665 et
1466 2633 1635 2666 rerum
1663 2632 1776 2681 gra-

83 2694 397 2744 vissimarum
432 2694 799 2744 discriminibus
846 2695 1206 2759 inopinatisque
1239 2696 1491 2744 eventibus
1525 2702 1580 2744 et
1613 2697 1776 2745 consi-

82 2775 265 2824 liorum
299 2775 639 2839 magnitudine
674 2782 821 2839 atque
855 2774 1057 2824 audacia
1092 2780 1143 2824 et
1170 2774 1440 2824 effectuum
1465 2775 1777 2825 vehementia

82 2856 148 2905 ad
193 2860 380 2904 metum
424 2855 504 2904 vel
555 2855 923 2904 miserationem
958 2854 1036 2903 vel
1071 2855 1446 2904 admirationem
1481 2856 1778 2905 movendam

83 2935 372 3001 aptissimae
398 2938 582 2987 essent.
650 2936 742 2985 His
768 2935 896 2983 adde
921 2950 1246 2998 personarum
1281 2936 1567 3000 dignitatem
1592 2940 1643 2984 et
1671 2936 1777 2985 dis-

83 3015 395 3082 putationum
433 3016 799 3074 contentioneS,
834 3016 1116 3077 verborum,
1152 3021 1208 3064 ut
1240 3032 1330 3080 par
1365 3021 1473 3078 est,
1508 3016 1777 3066 luminibus

7 3107 10 3110 ⁴
85 3096 545 3160 sententiarumque
578 3096 884 3146 acuminibus
920 3095 1202 3157 distinctaS,
1240 3101 1292 3145 et
1327 3113 1519 3146 morum
1557 3097 1621 3145 ad
1655 3096 1775 3161 phi-

86 3175 344 3240 losophiae
376 3182 646 3242 praecepta
693 3176 1113 3226 conformatorum
1148 3176 1387 3242 exempla.
1455 3178 1653 3240 Quanto
1688 3194 1777 3226 au-

88 3260 191 3303 tem
222 3256 349 3304 haec
383 3262 523 3307 erant
567 3258 825 3322 graviora,
874 3257 1154 3318 severiora,
1199 3257 1596 3318 admirabiliora,
1641 3261 1776 3306 tanto

89 3334 276 3384 certius
308 3336 465 3386 risum
515 3339 778 3389 movebant
833 3354 862 3386 a
917 3337 1108 3388 comico
1140 3337 1202 3388 ad
1237 3337 1484 3389 deformia
1529 3351 1777 3404 pravaque

145 3501 197 3557 *)
227 3502 399 3548 Welck.
430 3518 476 3559 p.
505 3501 604 3546 491.
