2144 3854
1047 301 1170 358 324

275 456 546 510 Introduxit
579 450 820 502 Achillem
867 452 918 497 et
962 446 1154 497 Nioben
1188 461 1350 509 neque
1383 460 1471 494 ora
1504 445 1822 496 ostendentes
1854 462 1942 499 ne—

275 554 370 603 que
402 548 574 584 vocem
607 531 753 579 ullam
787 528 1058 586 mittentes,
1093 527 1182 576 sed
1217 525 1445 574 obvoluto
1482 526 1644 591 capite
1675 527 1829 575 instar
1852 543 1941 592 ap-

273 621 469 681 paratus
503 610 687 660 scenici
714 609 959 667 sedentes,
993 606 1144 656 choro
1168 610 1400 670 quattuor
1425 607 1637 654 carmina
1659 605 1944 670 longissima

273 694 401 743 aliud
435 697 552 758 post
583 690 713 739 aliud
747 692 942 738 cantare
976 686 1321 744 contendente,
1354 685 1451 733 illis
1480 693 1641 734 autem
1667 686 1940 737 silentibus.

274 774 378 822 Has
411 788 527 821 vero
556 769 846 836 praestigias
872 767 1134 831 stupebant
1154 758 1475 830 spectatores,
1542 765 1689 826 Tum,
1724 766 1944 815 dramate

274 853 371 901 iam
404 852 585 910 medio,
619 849 765 897 verba
798 847 870 895 illi
901 846 1081 896 bubula
1115 844 1371 893 duodecim
1400 846 1732 910 loquebantur,
1768 861 1943 909 super-

275 931 390 980 cilio
414 937 466 980 et
490 930 638 978 crista
662 927 1006 991 superbientia,
1041 930 1331 982 monstrosa,
1368 926 1603 974 obscurat
1638 924 1782 989 plane
1812 925 1943 974 enim

275 1017 328 1060 et
361 1010 623 1074 perspicue
655 1006 723 1055 nil
757 1006 881 1054 dixit
914 1005 1202 1068 quicquam,
1256 1004 1344 1052 sed
1380 1010 1465 1053 aut
1498 1004 1824 1054 Scamandrus
1857 1007 1944 1053 aut

275 1076 493 1158 gryphos
517 1086 690 1150 aquilis
712 1086 904 1135 iunctos
919 1088 972 1132 et
989 1084 1311 1147 praefractam
1341 1083 1603 1133 verborum
1634 1083 1942 1134 audaciam.'’

406 1168 633 1217 Humane
666 1165 799 1228 loqui
835 1161 1075 1227 (φράζειν
1111 1161 1457 1225 ἀνθρωπείως
1475 1179 1520 1211 v.
1554 1164 1738 1227 1058.)‚
1773 1164 1836 1213 de
1861 1179 1942 1214 re—

276 1250 369 1300 bus
403 1247 625 1297 omnibus
657 1244 879 1292 humanis
914 1243 1126 1303 docere,
1174 1259 1331 1307 neque
1374 1245 1632 1308 quicquam
1683 1243 1882 1294 humani
1915 1259 1944 1292 a

276 1328 416 1394 poesi
446 1326 659 1374 alienum
695 1339 807 1372 esse
840 1323 1039 1385 ducere,
1074 1338 1167 1371 non
1202 1332 1450 1387 stuporem
1484 1324 1704 1384 iniicere,
1738 1340 1833 1372 non
1863 1340 1942 1373 ar-

277 1424 358 1457 ma
389 1405 494 1455 sola
527 1410 579 1453 et
611 1402 740 1452 bella
788 1418 1017 1468 crepare,
1053 1408 1304 1467 poetarum
1354 1417 1466 1451 esse
1499 1404 1647 1452 docet
1679 1403 1943 1468 Euripides

279 1484 682 1549 Aristophaneus.
750 1483 860 1532 Non
904 1482 1124 1532 defuisse
1169 1483 1214 1530 ei
1249 1482 1347 1530 vim
1381 1482 1834 1532 inflammandorum
1869 1484 1941 1532 in-

279 1564 680 1626 citandorumque
702 1564 971 1612 animorum
1003 1568 1053 1611 et
1077 1561 1355 1611 sublimium
1380 1578 1544 1611 rerum
1569 1561 1943 1612 admirationem

277 1643 524 1693 iniiciendi
557 1643 674 1691 satis
726 1642 831 1692 eius
863 1643 1143 1706 tragoediae
1177 1646 1447 1701 testantur3
1496 1657 1656 1705 neque
1688 1657 1800 1690 eum
1834 1657 1946 1691 ma-

278 1725 409 1773 xime
441 1722 678 1787 tragicum
713 1738 826 1771 esse
858 1721 1126 1771 iudicasset
1159 1721 1469 1779 Aristoteles,
1505 1721 1548 1769 si
1574 1722 1669 1770 hac
1696 1721 1842 1771 laude
1862 1737 1944 1772 ca-

278 1819 391 1853 rere
420 1807 659 1867 putasset.
726 1800 911 1850 Verum
944 1817 1041 1850 non
1074 1801 1248 1850 ardore
1282 1800 1550 1850 animorum
1587 1806 1637 1850 et
1670 1807 1870 1866 stupore
1893 1805 1946 1851 et

281 1883 603 1932 admiratione
636 1896 717 1928 res
752 1881 996 1930 humanae
1029 1896 1199 1930 omnes
1233 1887 1369 1929 recte
1403 1881 1820 1942 administrantur,
1856 1881 1946 1930 sed

282 1962 536 2027 prudentia
569 1966 619 2009 et
652 1960 898 2023 probitate
944 1966 996 2008 et
1037 1960 1172 2008 utilia
1216 1960 1586 2023 cognoscendo:
1629 1960 1945 2024 quamobrem

281 2041 477 2090 erudire
506 2039 730 2088 homines
765 2043 815 2086 et
846 2038 981 2086 utilia
1014 2038 1300 2102 praecipere
1327 2045 1387 2101 ,et
1409 2039 1628 2088 emollire
1651 2046 1799 2102 atque
1829 2055 1944 2103 per-

280 2120 441 2185 polite
474 2133 636 2167 mores
682 2117 892 2180 primum
943 2123 1196 2181 poetarum
1241 2117 1459 2165 officium
1507 2133 1622 2166 esse
1666 2118 1943 2182 Aeschylus

281 2200 385 2249 sive
415 2196 769 2260 Aristophanes
802 2197 910 2259 ipse
942 2195 1208 2244 affirmavit
1239 2212 1282 2243 v.
1318 2199 1475 2245 1009:

412 2273 702 2339 δεξιότητος
733 2272 822 2324 καὶ
853 2272 1153 2336 νουθεσίας,
1188 2271 1268 2325 ὅτι
1301 2274 1539 2340 βελτίους
1568 2291 1623 2326 τε
1653 2279 1911 2343 ποιοῦμεν

408 2349 536 2414 τοὺς
568 2353 891 2418 ἀνθρώπους
925 2351 982 2404 ἐν
1014 2356 1127 2413 ταῖς
1160 2354 1371 2405 πόλεσιν
1404 2382 1487 2414 -‚

284 2436 414 2486 unde
445 2436 691 2494 efficitur,
738 2441 795 2484 ut
841 2435 1137 2500 scriptorum
1172 2436 1329 2499 prima
1362 2435 1468 2485 laus
1503 2435 1569 2484 sit
1602 2436 1941 2501 perspicuitas,

282 2516 333 2564 in
379 2531 473 2578 qua
516 2515 897 2582 commendanda
939 2514 1061 2563 artis
1109 2520 1456 2579 praeceptores
1502 2529 1597 2564 uno
1642 2531 1730 2565 ore
1773 2532 1943 2567 omnes

284 2596 610 2646 consentiunt.

411 2673 638 2732 Robore,
674 2674 864 2737 rigore,
897 2676 1229 2732 coutumacia,
1280 2676 1535 2735 torvitate,
1578 2675 1837 2724 atrocitate
1867 2674 1943 2726 in-

284 2753 445 2816 signes
478 2759 590 2801 sunt
621 2753 856 2817 Aeschyli
887 2770 1144 2818 personae,
1180 2755 1486 2818 similemque
1506 2755 1648 2803 huius
1676 2753 1830 2817 ipsius
1854 2769 1943 2803 na-

282 2837 442 2881 turam
470 2833 713 2895 expressit
740 2832 1109 2898 AristophaneS,
1145 2839 1198 2883 ut
1222 2839 1355 2883 esset
1371 2833 1690 2897 praefractus,
1724 2833 1944 2895 indigna-

284 2910 491 2969 bunduS,
528 2912 806 2972 iracundus,
841 2913 1177 2977 importunus,
1210 2913 1461 2962 frenderet
1493 2913 1748 2972 dentibuS,
1781 2912 1943 2974 erige-

284 2995 360 3038 ret
393 2990 609 3053 capillos.
676 2991 926 3055 Euripidis
971 3008 1211 3056 personae
1243 3009 1338 3042 non
1371 2992 1529 3055 minus
1565 2991 1760 3054 quidem
1792 2991 1943 3041 auda-

285 3083 401 3127 ces,
433 3067 590 3120 fortes
634 3071 1061 3133 magnanimaeque
1094 3088 1237 3134 quam
1263 3070 1496 3133 Aeschyli
1531 3075 1659 3126 sunt,
1706 3067 1794 3116 sed
1830 3084 1943 3118 eae-

285 3146 397 3194 dem
433 3146 662 3208 callidae,
711 3148 902 3210 vat'rae,
947 3158 1174 3198 versutae
1215 3165 1374 3213 neque
1421 3153 1620 3196 naturae
1653 3148 1839 3211 impetu
1872 3149 1945 3198 sie

283 3224 530 3283 feruutur,
566 3232 620 3275 ut
653 3242 747 3275 non
782 3229 924 3276 simul
955 3230 1189 3278 rationem
1226 3229 1469 3293 explicent
1495 3226 1824 3275 consiliorum.
1860 3226 1945 3275 Nil

284 3303 402 3367 fingi
435 3310 598 3369 potest
631 3310 727 3353 tam
761 3307 936 3366 audax,
971 3314 1066 3356 tam
1102 3309 1332 3367 insolens,
1367 3313 1464 3354 tam
1497 3321 1688 3365 novum,
1723 3310 1823 3354 tam
1855 3321 1943 3355 ne-

282 3382 478 3444 farium,
507 3389 606 3433 tam
638 3384 862 3443 immane,
897 3392 995 3434 tam
1026 3388 1277 3448 horribile,
1301 3385 1430 3450 quod
1454 3400 1548 3433 non
1569 3385 1792 3433 homines
1812 3383 1943 3450 apud

283 3460 586 3527 Euripidem,
619 3463 696 3513 vel
728 3466 1021 3517 necessitate
1055 3467 1210 3518 coacti
1242 3465 1318 3517 vel
1350 3465 1550 3516 libidine
1582 3464 1808 3529 impulsi,
1864 3462 1941 3514 vel
