2176 3874
938 259 1061 320 5⁰5

157 410 362 463 millima
405 413 484 459 est
533 409 760 458 carminis
777 444 792 470 ,
835 409 887 458 in
931 425 1030 473 quo
1078 423 1220 458 sacra
1260 406 1462 457 Deliaca
1508 407 1839 466 celebrantur,

158 492 286 542 ratio
318 494 468 554 atque
502 491 610 539 eius
648 489 902 549 carminis,
934 489 986 536 in
1023 505 1120 553 quo
1151 488 1350 537 Siciliae
1383 489 1590 537 virtutes
1623 504 1651 536 a
1685 488 1840 537 choro

161 571 415 622 Troadum
437 570 503 633 (V.
520 573 619 619 200
642 571 802 635 seqq.)
836 567 1197 633 praedicantur.
1266 568 1549 632 Utrumque
1569 568 1840 617 Athenien-

158 652 287 705 sium
338 651 523 716 populo
570 652 738 699 datum
783 665 895 698 esse
938 663 1147 696 necesse
1198 656 1303 708 est,
1353 649 1534 713 quippe
1580 664 1729 712 quum
1775 646 1840 695 ad

162 732 468 780 Graecorum
503 731 785 796 principes,
832 746 859 777 a
896 728 1075 791 quibus
1119 727 1334 776 feminae
1384 728 1610 791 captivae
1642 728 1843 776 domum

168 811 555 871 abducebantur,
582 827 750 860 earum
773 807 1037 857 insularum
1063 813 1236 856 neutra
1262 807 1526 872 quidquam
1557 808 1844 872 pertineret.

293 891 384 939 Illo
434 896 660 955 tempore
706 903 1004 954 magnopere
1038 887 1195 936 Cleon
1234 887 1284 936 in
1328 888 1580 952 republica
1614 887 1844 948 florebat,

162 971 370 1020 Periclis
405 973 604 1034 quidem
638 970 883 1030 imitator,
920 967 1010 1016 sed
1044 967 1254 1015 multum
1291 966 1335 1014 ei
1368 966 1563 1030 ingenio
1595 967 1845 1017 moribus-

164 1067 262 1115 que
297 1051 564 1100 dissimilis.
634 1049 714 1098 Ad
747 1047 895 1097 huius
930 1046 1208 1111 exemplum
1234 1046 1430 1110 Ulyssis
1464 1062 1725 1111 personam
1760 1063 1847 1096 ex-

164 1146 391 1196 pressam
423 1147 536 1180 esse
582 1129 774 1195 pridem
822 1128 1213 1176 animadversum
1250 1130 1357 1188 est,
1410 1131 1461 1175 et
1506 1127 1749 1192 imprimis
1782 1128 1845 1178 ad

167 1210 309 1262 illum
343 1212 532 1261 directa
567 1226 682 1259 esse
715 1208 941 1257 videntur
974 1207 1158 1272 probra
1190 1206 1272 1255 illa
1307 1204 1376 1270 (v.
1414 1207 1578 1272 129.):

294 1316 362 1326 -
425 1318 492 1327 —
559 1318 625 1326 —
692 1287 722 1340 ὁ
756 1285 1142 1352 ποικιλόφρων,

294 1369 465 1434 κόπις,
499 1368 783 1437 ήδυλόγος,
821 1365 1222 1434 δημοχαριστής,

165 1454 219 1499 et
250 1466 298 1503 v.
333 1454 433 1501 251
468 1468 640 1516 seqq.:

298 1531 585 1597 ἀχάριστον
616 1530 772 1596 ὑμῶν
804 1529 1010 1596 σπέρμ’,
1045 1528 1163 1580 ὅσοι
1196 1527 1539 1595 δημηγόρους

221 1650 255 1658 1.
297 1614 516 1678 ζηλοῦτε
548 1612 730 1675 τιμάς·
765 1610 899 1677 μηδὲ
932 1607 1318 1676 γιγνώσκοισθέ
1350 1627 1460 1676 μοι,

297 1693 351 1745 οἳ
380 1685 511 1752 τοὺς
545 1692 736 1758 φίλους
771 1691 1091 1755 βλάπτοντες
1125 1691 1191 1743 οὐ
1225 1691 1545 1758 φροντίζετε,

295 1773 366 1841 ἢν
396 1776 535 1825 τοῖσι
566 1774 783 1832 πολλοῖς
816 1772 950 1837 πρὸς
983 1771 1138 1839 χάριν
1170 1769 1348 1839 λέγητε
1381 1790 1448 1837 τι,

170 1855 353 1920 quibus
403 1854 630 1904 conferas
677 1853 992 1919 Thucydidis
1039 1855 1189 1903 verba
1238 1856 1302 1903 de
1344 1855 1533 1904 Cleone
1577 1855 1710 1906 dicta
1744 1855 1856 1921 (IV,

167 1935 308 2000 22.):
343 1931 480 2001 α’νὴρ
508 1933 826 1999 δημαγωγὸς
850 1933 963 1985 κατ’
990 1930 1195 1984 ἐκεῖνον
1225 1932 1321 1984 τὸν
1343 1934 1542 2000 χρόνον
1569 1932 1646 1987 ὢν
1669 1934 1759 1988 καὶ
1781 1937 1856 2008 τῷ

166 2016 359 2083 πλήθει
389 2015 774 2075 πιθανώτατος.
841 2016 888 2065 Is
922 2016 1106 2078 igitur,
1140 2014 1397 2081 Spartanis
1429 2033 1601 2082 pacem
1635 2019 1859 2083 petenti-

118 2093 122 2097 ’
167 2097 297 2158 bus,
344 2098 585 2165 populum
620 2098 683 2146 ad
716 2095 1023 2160 iniquissima
1056 2097 1350 2160 postulanda
1383 2096 1633 2163 instigavit
1666 2099 1858 2148 effecit-

168 2193 286 2241 que,
319 2184 376 2227 ut
401 2178 587 2227 infecta
609 2193 666 2226 re
685 2177 1050 2225 dimitterentur
1069 2176 1236 2240 legati,
1272 2176 1413 2224 cuius
1435 2178 1511 2226 rei
1537 2178 1702 2242 paullo
1742 2183 1860 2244 post

168 2257 503 2307 Athenienses
537 2256 795 2322 poenituit.
864 2255 961 2317 Qui
995 2261 1172 2319 quanto
1207 2256 1348 2305 bonis
1385 2258 1498 2305 odio
1532 2257 1707 2318 fuerit,
1742 2257 1861 2308 inde

170 2336 481 2398 intelligitur,
515 2336 648 2399 quod
682 2336 830 2384 etiam
866 2335 1056 2383 cladem
1091 2335 1222 2395 illos,
1256 2336 1299 2384 si
1331 2336 1481 2384 modo
1516 2337 1703 2386 Cleone
1732 2338 1860 2388 libe-

171 2420 427 2476 rarentur,
476 2431 573 2464 non
616 2431 767 2480 aegre
814 2414 1002 2463 laturos
1051 2413 1212 2463 fuisse
1255 2413 1579 2478 Thucydides
1628 2417 1860 2468 affirmat.

171 2494 325 2544 Tales
359 2495 588 2544 homines
622 2499 856 2558 tanquam
900 2494 1019 2543 belli
1059 2494 1198 2543 faces
1243 2509 1357 2545 cum
1391 2494 1569 2544 Paride
1605 2512 1859 2563 compara-

173 2575 262 2625 bat
306 2580 494 2627 noster.
571 2574 649 2625 Ad
706 2575 1008 2632 calamitates
1067 2580 1233 2624 autem
1287 2575 1409 2625 belli
1457 2575 1862 2642 Peloponnesiaci

174 2654 452 2720 respiciens
487 2654 674 2703 haecce
709 2654 829 2703 dicit
863 2670 909 2705 v.
944 2656 1076 2703 641:

308 2731 476 2784 στένει
509 2732 567 2785 δὲ
600 2732 690 2786 καί
725 2751 803 2794 τις
836 2731 974 2799 άμφὶ
1007 2733 1103 2785 τὸν
1136 2736 1332 2799 εὔροον
1365 2733 1631 2801 Εὐρώταν

305 2815 552 2866 Λάκαινα
585 2814 992 2880 πολυδάκρυτος
1025 2813 1083 2867 ἐν
1117 2815 1304 2882 δόμοις
1335 2816 1498 2881 κόρα·

305 2895 465 2948 πολιὰ
500 2894 558 2948 δὲ
591 2900 760 2961 κρᾶτα
794 2896 966 2962 μάτηρ
1531 2892 1534 2893 ’

305 2976 507 3030 τέκνων
539 2977 824 3029 θανόντων
859 2977 1142 3043 δρύπτεται
1173 2976 1411 3042 παρειάν.

306 3059 565 3124 Diagoram
605 3061 817 3110 Melium
852 3076 913 3109 eo
951 3061 1152 3109 demum
1184 3076 1340 3122 anno,
1382 3074 1479 3125 quo
1513 3058 1862 3123 Aristophanis

183 3140 315 3190 Aves
351 3148 494 3190 actae
530 3147 670 3201 sunt,
707 3145 792 3188 aut
825 3156 913 3200 eo,
949 3142 1035 3204 qui
1069 3142 1368 3205 praecessit,
1416 3139 1496 3191 ΟΙ.
1531 3141 1629 3197 91,
1666 3140 1731 3199 1.,
1767 3139 1862 3187 ἰηι-

178 3221 379 3284 pietatis
414 3227 698 3270 accusatum
733 3221 941 3270 Athenis
988 3220 1178 3286 fugisse
1213 3222 1460 3271 Diodorus
1503 3219 1700 3268 Siculus
1733 3218 1863 3280 Xlll,

178 3303 229 3351 6.
265 3306 316 3349 et
361 3301 621 3367 Aristoph.
677 3302 769 3351 Av.
815 3303 962 3353 1072.
1009 3302 1299 3362 ostendunt3
1346 3300 1646 3349 diffamatam
1697 3303 1864 3348 autem

180 3379 489 3443 impietatem
534 3382 747 3431 hominis
791 3381 889 3429 iam
941 3398 1002 3431 eo
1045 3387 1272 3447 tempore
1316 3380 1501 3438 fuisse,
1547 3394 1645 3443 quo
1691 3377 1863 3427 Nubes

182 3460 540 3525 Aristophanes
583 3461 780 3526 docuit,
813 3461 930 3513 inde
962 3462 1282 3528 intelligitur,
1329 3462 1462 3528 quod
1508 3460 1560 3512 in
1607 3457 1864 3510 ea'fabula
