2144 3854
1082 298 1205 354 1⁰6

304 447 437 509 filia,
483 461 605 496 uxor
646 444 860 506 Minois,
902 459 1041 494 sacra
1088 445 1215 495 deae
1247 443 1457 495 Veneris
1493 458 1585 508 per
1615 445 1804 509 aliquot
1834 461 1989 497 annos

302 544 400 578 non
437 512 638 576 fecerat.
705 525 782 574 Ob
827 525 881 574 id
925 524 1094 576 Venus
1143 541 1360 575 amorem
1396 523 1650 575 infandum
1684 525 1757 574 illi
1790 528 1989 589 obiecit,

303 612 359 656 ut
381 612 571 656 taurum
591 641 605 666 ,
646 622 792 669 quem
829 606 935 672 ipsa
965 607 1176 664 amabat,
1209 606 1302 654 alia
1329 602 1517 672 (scribe
1541 604 1680 671 illa)
1709 612 1898 661 amaret
1918 606 1988 673 *),

299 688 353 736 ln
385 687 482 735 hoc
519 686 759 736 Daedalus
795 686 939 736 exsul
959 703 1105 752 quum
1134 687 1367 748 venisset,
1402 685 1548 751 petiit
1571 687 1632 735 ab
1656 701 1717 736 eo
1739 688 1988 738 auxilium.

299 766 348 815 Is
381 766 427 815 ei
461 782 656 815 vaccam
688 766 901 832 ligneam
937 767 1061 816 fecit
1094 772 1146 815 et
1178 783 1322 815 verae
1355 783 1533 815 vaccae
1568 767 1756 817 corium
1778 768 1989 830 induxit,

297 846 350 895 in
394 862 488 910 qua
531 846 614 895 illa
648 863 760 896 cum
794 854 938 896 tauro
974 847 1250 899 concubuit.
1320 847 1395 895 Ex
1430 862 1525 910 quo
1562 862 1851 912 compressu
1883 848 1990 898 Mi-

298 931 561 976 notaurum
596 928 808 993 peperit,
844 928 1007 992 capite
1041 928 1241 988 bubulo,
1277 933 1417 992 parte
1450 927 1689 977 inferiore
1721 928 1986 979 humana''.

296 1006 406 1056 Hac
439 1005 651 1057 Veneris
686 1007 1046 1073 explicatione,
1082 1025 1229 1073 quum
1264 1008 1556 1072 praesertim
1591 1009 1652 1056 ab
1688 1008 1864 1058 eadem
1897 1010 1989 1059 tri-

298 1088 388 1137 stis
420 1087 622 1153 reginae
656 1089 881 1137 interitus
906 1089 1294 1154 praediceretur,
1328 1088 1498 1150 fiebat,
1533 1094 1587 1138 ut
1614 1089 1813 1138 miseria
1842 1088 1987 1139 huius

295 1158 656 1233 turpitudinem
690 1185 927 1234 superare
960 1170 1226 1219 videretur.
1292 1168 1494 1218 Partum
1525 1174 1688 1218 autem
1719 1164 1990 1219 Minotauri

294 1247 490 1297 initium
523 1248 682 1298 fuisse
726 1249 972 1298 actionum
1023 1255 1404 1299 consentaneum
1457 1255 1553 1301 est.
1620 1249 1837 1313 Propter
1867 1265 1989 1315 pro-

297 1328 484 1394 digium
531 1329 659 1378 enim
705 1334 842 1378 vates
877 1330 1138 1379 consulere
1172 1329 1277 1394 regi
1320 1346 1528 1380 necesse
1561 1329 1658 1379 fuit
1682 1326 1795 1395 **):
1842 1329 1986 1379 vides

295 1424 520 1458 caussam
553 1410 839 1458 arcessendi
888 1416 1076 1475 mystas
1118 1410 1230 1459 illos
1279 1411 1381 1460 sive
1426 1410 1549 1460 lovis
1594 1410 1874 1475 Zagreique
1907 1425 1987 1458 sa-

295 1489 556 1550 cerdotes,
601 1490 686 1552 qui
719 1490 918 1554 quidem
952 1491 1003 1539 in
1036 1506 1235 1539 scenam
1267 1491 1571 1556 prodeuntes
1606 1492 1672 1540 de
1703 1491 1836 1540 vitae
1868 1507 1988 1540 suae

293 1585 477 1635 genere
511 1569 627 1618 satis
661 1575 890 1618 accurate
923 1570 1017 1635 ipsi
1050 1574 1316 1635 exponunt.
1384 1571 1483 1632 Qui
1516 1571 1747 1634 quoniam
1779 1571 1987 1620 venien-

292 1655 372 1699 tes
424 1664 593 1712 regem
645 1653 699 1697 ut
743 1655 1058 1713 praesentem
1103 1649 1446 1714 alloquuntur,
1492 1665 1702 1700 necesse
1746 1655 1828 1699 est
1871 1667 1987 1700 eum

290 1734 407 1795 post
441 1727 651 1779 Veneris
671 1729 948 1778 discessum
974 1731 1216 1794 prodisse.
1282 1730 1450 1779 Potuit
1472 1729 1653 1779 deinde
1676 1729 1843 1779 Minos
1871 1746 1985 1780 cum

292 1808 510 1870 Daedalo
575 1809 878 1873 colloquium
941 1825 1206 1859 conserere
1255 1811 1461 1874 eiusque
1506 1810 1742 1874 colloquii
1781 1816 1985 1860 eventus

291 1905 466 1939 caussa
511 1904 623 1938 esse
666 1890 980 1950 rebellionis,
1037 1906 1181 1954 quam
1231 1907 1260 1939 a
1307 1890 1525 1939 Daedalo
1571 1891 1824 1940 incitatam
1871 1906 1986 1940 esse

290 1974 496 2035 apparet
528 1985 590 2018 ex
623 1968 878 2034 Aristoph.
917 1969 1041 2019 Ran.
1063 1971 1207 2017 1356.
1242 1969 1572 2033 Tyrannicum
1597 1971 1849 2036 ingenium
1874 1986 1982 2020 mo-

289 2066 473 2115 resque
506 2051 746 2114 superbos
797 2047 954 2116 Minoi
986 2065 1015 2097 a
1064 2049 1260 2113 tragicis
1311 2051 1520 2099 tributos
1556 2066 1669 2099 esse
1702 2056 1754 2099 et
1785 2050 1984 2100 Plutar-

290 2131 416 2180 chus
458 2130 508 2178 in
554 2129 653 2177 vita
703 2127 891 2177 Thesei
935 2144 980 2177 c.
1027 2130 1105 2176 16.
1152 2134 1202 2178 et
1247 2128 1480 2179 Libanius
1528 2131 1655 2196 apol.
1702 2131 1896 2182 Socrat.
1931 2147 1982 2196 p.

289 2213 404 2260 686.
438 2210 729 2269 ostendunt,
766 2224 972 2271 quorum
1003 2208 1134 2257 illius
1167 2211 1315 2258 verba
1347 2210 1473 2259 haec
1508 2216 1654 2260 sunt:
1705 2206 1982 2278 ἐπικρατή-

290 2299 475 2349 σαντες
509 2287 563 2340 οῖ
592 2285 833 2353 τραγικοὶ
867 2284 1071 2354 πολλὴν
1104 2286 1208 2339 ἀπὸ
1242 2292 1341 2340 τοῦ
1375 2289 1589 2355 λογείου
1622 2289 1713 2342 καὶ
1746 2294 1839 2359 τῆς
1857 2301 1982 2357 σκη-

288 2373 387 2438 νῆς
418 2368 637 2432 ἀδοξίαν
669 2369 839 2420 αὐτοῦ
871 2366 1274 2432 κατεσκέδασαν,
1309 2367 1380 2430 ὡς
1413 2374 1645 2436 χαλεποῦ
1676 2371 1766 2423 καὶ
1797 2372 1979 2438 βιαίου

287 2450 612 2520 γενομένου,
656 2452 740 2501 hic
772 2454 879 2501 νῦν
913 2447 998 2510 δέ,
1047 2452 1237 2516 inquit,
1283 2449 1408 2502 ἄνθ’
1446 2450 1522 2502 ὡν
1555 2457 1622 2519 τῇ
1656 2453 1805 2505 πόλει
1837 2455 1982 2520 χαλε-

287 2534 400 2594 πῶς
433 2531 828 2599 προςενήνεκτο,
864 2531 1096 2596 δύναμιν
1129 2529 1263 2597 ἔχων
1297 2529 1356 2583 ἐν
1387 2538 1454 2599 τῇ
1477 2533 1729 2603 θαλάττῃ,
1763 2533 1852 2587 διὰ
1872 2536 1981 2588 τῶν

287 2614 520 2681 ποιητῶν
551 2613 643 2665 καὶ
673 2613 984 2680 τελευτήσας
1015 2611 1304 2675 κολαζεται.
1372 2614 1616 2665 Daedalus
1646 2623 1830 2680 autem,
1865 2634 1979 2668 cae-

286 2698 365 2746 dis
398 2711 572 2745 caussa
605 2712 635 2745 e
667 2696 825 2762 patria
858 2695 1116 2760 profuguS,
1152 2696 1364 2754 dudum,
1400 2700 1455 2745 ut
1486 2697 1559 2747 ait
1591 2696 1796 2747 Ovidius
1831 2697 1978 2762 (Met.

286 2776 420 2840 VIII,
464 2773 600 2840 183.)
1973 2791 1977 2795 ·

535 2885 596 2894 -
632 2855 863 2918 „Creten
897 2857 1205 2923 longumque
1232 2871 1447 2922 perosus

412 2936 697 2999 Exsilium,
727 2943 1000 3004 tactusque
1030 2937 1131 2987 soli
1159 2937 1354 2988 natalis
1387 2953 1575 2997 amore,

421 3016 638 3066 Clausus
672 3024 788 3066 erat
813 3015 1063 3084 pelago.’'

342 3131 394 3187 *)
420 3132 547 3174 Adde
576 3131 786 3188 Fulgent.
815 3131 961 3188 myth.
990 3130 1048 3173 ΙΙ.
1080 3146 1124 3187 p.
1142 3129 1241 3174 866.
1262 3130 1331 3172 ed.
1352 3128 1516 3173 Basilm
1551 3129 1668 3182 „Illa
1689 3128 1807 3172 enim
1823 3130 1976 3173 dolens

425 3201 616 3257 quinque
644 3201 764 3244 filias
793 3202 911 3244 Solis
941 3215 1093 3244 amore
1121 3200 1360 3252 succendit,
1393 3200 1439 3243 id
1468 3204 1534 3244 est
1561 3200 1681 3243 enim
1700 3200 1973 3283 Pasiphaen,

424 3271 649 3328 Medeam,
679 3273 950 3325 Phaedram,
980 3273 1152 3324 Circen,
1180 3271 1386 3314 Dircen?

314 3343 391 3400 *ἢ
419 3343 623 3398 Apollod.
653 3342 793 3396 111,1,
816 3342 865 3384 3:
897 3343 1063 3393 Μίνως
1091 3340 1141 3386 δὲ
1170 3340 1219 3386 ἐν
1246 3343 1311 3400 τῷ
1338 3342 1602 3400 λαβυρίνθῳ
1630 3338 1776 3386 κατά
1802 3356 1974 3393 τινας

426 3412 682 3470 χρησμου
701 3429 723 3464 ς
764 3413 1180 3464 κατακλείσας.
1257 3412 1408 3456 Potuit
1450 3417 1632 3469 propter
1671 3411 1799 3455 nefas
1835 3412 1973 3456 etiam

430 3475 687 3540 pestilentia⁴
708 3483 915 3527 incidisse
928 3516 941 3537 ‚
976 3497 1121 3538 eaque
1159 3486 1253 3527 tam
1289 3485 1656 3540 arcessendorum
1693 3484 1972 3529 sacerdotum

426 3567 562 3610 quam
588 3558 734 3599 motus
765 3555 923 3612 populi
949 3567 1108 3599 caussa
1135 3568 1249 3598 esse.
