2176 3874
1121 275 1242 331 412

358 428 596 495 ablegavit
626 422 890 488 Euripides
924 423 994 484 *),
1027 420 1264 471 nutricem
1297 423 1461 469 autem
1493 420 1706 470 removit
1735 420 1835 481 ita,
1869 425 1926 470 ut
1954 437 2019 471 ne

355 508 539 558 mentio
572 504 769 568 quidem
794 504 901 552 eius
933 503 985 550 in
1001 501 1189 564 reliqua
1208 501 1373 550 fabula
1409 499 1504 548 ulla
1521 500 1778 560 inficiatur,
1799 501 1864 551 'id
1888 500 2020 564 quod

354 586 583 652 imperite
615 601 642 632 a
676 583 904 647 quopiam
938 581 1269 645 vituperatur:
1315 580 1455 643 quasi
1487 581 1634 629 huius
1667 580 1800 630 salus
1832 581 1884 629 in
1915 579 2020 630 dis-

355 666 557 716 crimine
589 668 814 712 versetur
844 661 923 710 vel
955 661 1162 725 perinde
1205 665 1356 725 atque
1389 659 1644 710 Phaedrae
1675 665 1728 709 et
1760 660 2021 725 Hippolyti

355 744 619 794 curandum
654 737 742 791 sit!

481 824 559 872 Ex
593 822 789 871 oraculo
821 821 970 886 igitur
1013 826 1273 870 coronatus
1319 820 1514 869 rediens
1547 820 1776 870 Theseus
1821 820 2020 869 domum

352 905 486 954 luctu
519 903 716 951 mixtam
750 901 935 950 invenit
966 909 1019 949 et
1050 900 1308 963 coniugem
1342 901 1604 949 voluntaria
1642 905 1804 949 morte
1834 899 2020 949 exstin-

353 989 484 1033 ctam
517 997 629 1031 esse
663 981 930 1046 cognoscit.
1002 979 1126 1028 Mox
1171 980 1356 1045 apertis
1399 980 1588 1029 foribus
1632 978 1814 1046 corpus
1858 980 2028 1045 ipsum*

353 1063 617 1113 defunctae
661 1061 989 1124 conspicitur,
1032 1057 1232 1108 Theseo
1279 1059 1506 1109 lamentis
1557 1075 1802 1110 summum
1849 1058 2020 1110 uxoris

354 1155 570 1193 amorem
603 1139 919 1190 declarante:
955 1153 1065 1186 nam
1099 1139 1198 1187 vita
1220 1154 1310 1188 sua
1331 1155 1440 1188 eam
1465 1139 1706 1189 cariorem
1739 1140 1834 1189 sibi
1865 1138 2022 1188 fuisse

353 1222 491 1280 dicit,
526 1235 679 1283 seque
711 1218 854 1268 aliam
880 1222 997 1281 post
1028 1217 1160 1266 illam
1193 1233 1394 1268 uxorem
1430 1219 1692 1269 ducturum
1710 1225 1875 1285 negat.
1919 1219 2022 1269 Ubi

352 1317 467 1351 vero
501 1300 695 1359 litteris,
730 1313 850 1361 quas
884 1296 1119 1346 defuncta
1151 1313 1299 1347 manu
1325 1304 1475 1360 tenet,
1508 1300 1712 1349 inventis
1746 1299 2021 1364 solutisque

350 1381 506 1428 filium
538 1379 636 1426 vim
669 1375 866 1440 coniugi
898 1392 1016 1425 suae
1049 1376 1217 1426 facere
1249 1393 1421 1427 ausum
1455 1394 1571 1428 esse
1603 1379 1843 1445 cognovit,
1874 1395 2020 1444 prae-

352 1476 471 1525 ceps
503 1459 594 1519 ira,
630 1457 762 1522 quod
794 1455 1067 1521 Neptunus,
1102 1457 1186 1520 qui
1220 1461 1362 1522 pater
1387 1457 1576 1507 Thesei
1607 1473 1722 1508 esse
1752 1458 2019 1518 ferebatur,

352 1555 408 1588 se
439 1543 554 1587 vota
585 1536 678 1585 tria
711 1535 935 1601 precanti
962 1535 1278 1600 impleturum
1304 1552 1419 1587 esse
1441 1538 1687 1602 promisit,
1721 1539 1900 1587 horum
1921 1553 2019 1587 uuo

351 1618 413 1668 ad
455 1617 763 1684 perdendum
815 1615 972 1664 filium
1020 1616 1263 1678 abutitur,
1320 1632 1480 1682 neque
1527 1618 1622 1666 hac
1667 1618 2022 1683 imprecatione

351 1703 643 1758 contentus,
693 1697 841 1745 etiam
876 1711 907 1744 e
937 1695 1098 1760 patria
1132 1712 1244 1744 eum
1292 1697 1475 1746 eiicere
1510 1697 1746 1747 decernit.
1812 1696 2022 1758 Chorus,

351 1792 643 1843 quamquam
678 1775 881 1825 minime
913 1776 1146 1842 languet,
1192 1783 1387 1838 tamen,
1432 1778 1656 1840 quoniam
1690 1792 1852 1842 neque
1885 1791 2021 1826 com-
2095 1801 2100 1805 »

349 1858 501 1907 missa
543 1856 759 1921 prodere
803 1871 965 1918 neque
1013 1871 1069 1905 se
1112 1857 1360 1906 conscium
1395 1873 1506 1906 esse
1541 1856 1688 1905 fateri
1720 1856 1852 1919 vult,
1896 1857 2022 1906 haec

349 1937 615 2001 prohibere
645 1934 833 1998 nequit.

481 2015 710 2065 Accurrit
755 2015 816 2063 ad
860 2015 1016 2079 patris
1061 2016 1299 2065 clamores
1343 2016 1661 2080 Hippolytus.
1727 2015 2020 2079 Priusquam

348 2101 512 2145 autem
549 2099 729 2154 actum,
763 2094 848 2156 qui
881 2096 1120 2158 sequitur,
1154 2097 1624 2160 praestantissimum
1657 2111 2020 2156 recenseamuS,

350 2175 415 2223 de
446 2172 706 2236 Hippolyti
737 2174 911 2221 studiis
945 2174 1008 2222 ad
1050 2175 1261 2223 animum
1310 2175 1634 2225 excolendum
1665 2170 2020 2240 pertinentibus

350 2269 504 2319 pauca
532 2251 741 2300 dicenda
773 2258 901 2302 sunt.
966 2251 1243 2318 Descripsit
1273 2271 1332 2303 ea
1365 2255 1629 2319 Euripides
1662 2255 1742 2304 his
1766 2255 2019 2306 versibus:
2056 2311 2058 2313 v

478 2330 580 2398 η”δη
611 2323 715 2381 νὺν
748 2333 893 2396 αὔχει
925 2330 1015 2382 καὶ
1048 2330 1116 2382 δι’
1151 2331 1421 2399 ἀψύχου
1457 2333 1664 2399 βορᾶς

479 2411 658 2477 λόγοις
691 2410 963 2479 καπήλευ’,
991 2406 1234 2477 Ὀρφέα
1267 2413 1313 2463 τ’
1347 2415 1568 2465 ἄνακτ’
1601 2413 1771 2481 ἔχων

483 2491 808 2558 βάκχευε,
870 2494 1144 2544 πολλῶν
1187 2494 1605 2560 γραμμάτων
1657 2493 1872 2561 τιμῶν
1915 2511 2018 2545 κα-

1336 2575 1558 2635 πνους

349 2653 661 2719 Pythagorae
694 2653 1004 2719 disciplinam
1037 2655 1117 2704 his
1151 2656 1313 2705 verbis
1365 2657 1628 2722 significari
1672 2660 1840 2706 monet
1872 2654 2021 2704 scho-

351 2734 550 2783 liastes:
585 2729 696 2783 ἐπεὶ
726 2732 829 2799 γὰρ
863 2732 1077 2796 ἔνδοξος
1092 2727 1207 2801 ἧνὸ
1226 2735 1573 2802 Πυθαγόρας,
1607 2735 1709 2802 ἤδη
1729 2734 1818 2787 καὶ
1837 2732 2022 2787 πολλοὶ

349 2812 573 2879 ἀψύχων
605 2811 909 2879 ἀπείχοντο·
956 2814 1138 2881 ἀνάγει
1173 2815 1230 2868 δὲ
1262 2810 1388 2878 τοὺς
1419 2817 1662 2882 χρόνους.
1696 2814 1815 2880 περὶ
1847 2815 2019 2867 αὐτοῦ

349 2891 451 2959 γὰρ
486 2891 787 2955 αἰνίξασθαι
820 2878 1066 2962 βούλεται
1099 2896 1129 2948 ὁ
1162 2897 1483 2963 Εὐριπίδης·
1515 2900 1756 2957 τοιοῦτος
1789 2894 1846 2948 δέ
1879 2894 2021 2948 ἐστιν

351 2972 433 3024 ἀεὶ
471 2972 536 3025 τὰ
579 2973 784 3042 ήρωϊκὰ
828 2977 1080 3042 πρόςωπα
1125 2977 1359 3045 εῑςάγων.
1439 2977 1639 3029 Viciuas
1690 2983 2020 3044 cognatasque

406 3159 458 3214 ³l)
487 3159 641 3204 Schol.
672 3159 731 3202 ad
758 3173 803 3202 v.
832 3158 939 3202 654:
971 3158 1113 3211 ἄλλως
1151 3176 1199 3205 τε
1229 3160 1308 3204 καὶ
1351 3158 1377 3203 ὁ
1403 3158 1598 3214 ποιητὴς
1626 3159 2020 3213 οἰκονομικῶς

489 3230 628 3274 τοῦτο
645 3226 942 3286 ἐξεργάζεται,
963 3229 1041 3275 διὰ
1064 3232 1147 3287 τῆς
1160 3232 1245 3275 τοῦ
1271 3228 1547 3274 Ἱππολύτου
1564 3226 1790 3278 ἀπουσίας
1808 3226 2020 3280 ἐξουσίαν

375 3321 397 3339 -·
493 3296 652 3350 διδους
678 3300 737 3358 τῇ
770 3300 948 3359 Φαίδρα
975 3300 1260 3358 ἐργάσασθαι
1275 3299 1360 3357 τὴν
1375 3298 1572 3356 ἀγχόνην
1593 3299 1669 3343 καὶ
1691 3296 1777 3356 τὴν
1800 3297 2019 3357 διαβολὴν

492 3366 640 3415 αὐτοῦ
667 3367 755 3427 τὴν
792 3368 870 3415 διὰ
911 3372 1004 3416 τῶν
1041 3369 1338 3429 γραμμάτων,
1376 3372 1453 3415 ἵνα
1489 3369 1520 3426 η’
1560 3369 1716 3421 δέλτος
1755 3370 1834 3414 καὶ
1867 3366 1898 3424 ἡ
1935 3370 2020 3414 τοῦ

492 3438 759 3486 Ἱππολύτου
783 3438 947 3499 ἐρημία
974 3441 1257 3500 πιστώσηται
1283 3441 1368 3499 τήν
1395 3441 1672 3499 κατηγορίαν
1698 3441 1781 3497 τῆς
1800 3440 2018 3497 μοιχείας.
