<?xml version="1.0" encoding="UTF-8"?>
<!DOCTYPE html PUBLIC "-//W3C//DTD XHTML 1.0 Transitional//EN"
    "http://www.w3.org/TR/xhtml1/DTD/xhtml1-transitional.dtd">
<html xmlns="http://www.w3.org/1999/xhtml" xml:lang="en" lang="en">
 <head>
  <title>
</title>
<meta http-equiv="Content-Type" content="text/html;charset=utf-8" />
  <meta name='ocr-system' content='tesseract 3.04.00' />
  <meta name='ocr-capabilities' content='ocr_page ocr_carea ocr_par ocr_line ocrx_word'/>
</head>
<body>
  <div class='ocr_page' id='page_1' title='image "./euripidesrestitu01hartuoft_0530.png"; bbox 0 0 2176 3874; ppageno 0'>
   <div class='ocr_carea' id='block_1_1' title="bbox 1169 308 1291 368">
    <p class='ocr_par' dir='ltr' id='par_1_1' title="bbox 1169 308 1291 368">
     <span class='ocr_line' id='line_1_1' title="bbox 1169 308 1291 368; baseline 0 -1"><span class='ocrx_word' id='word_1_1' title='bbox 1169 308 1291 368; x_wconf 82' lang='lat'><strong>512</strong></span> 
     </span>
    </p>
   </div>
   <div class='ocr_carea' id='block_1_2' title="bbox 381 455 2072 3073">
    <p class='ocr_par' dir='ltr' id='par_1_2' title="bbox 381 455 2072 3073">
     <span class='ocr_line' id='line_1_2' title="bbox 401 455 2071 522; baseline 0.001 -12"><span class='ocrx_word' id='word_1_2' title='bbox 401 461 770 517; x_wconf 82' lang='lat' dir='ltr'><strong>ficiscerentur,</strong></span> <span class='ocrx_word' id='word_1_3' title='bbox 810 458 862 504; x_wconf 91' lang='lat' dir='ltr'><strong>in</strong></span> <span class='ocrx_word' id='word_1_4' title='bbox 906 455 1086 505; x_wconf 88' lang='lat' dir='ltr'><strong>Aulide</strong></span> <span class='ocrx_word' id='word_1_5' title='bbox 1118 458 1447 507; x_wconf 84' lang='lat' dir='ltr'><strong>desidentium</strong></span> <span class='ocrx_word' id='word_1_6' title='bbox 1483 456 1792 507; x_wconf 84' lang='lat' dir='ltr'><strong>Graecorum</strong></span> <span class='ocrx_word' id='word_1_7' title='bbox 1838 461 2071 522; x_wconf 87' lang='lat' dir='ltr'><strong>conditio,</strong></span> 
     </span>
     <span class='ocr_line' id='line_1_3' title="bbox 400 537 2071 602; baseline 0.001 -13"><span class='ocrx_word' id='word_1_8' title='bbox 400 546 457 589; x_wconf 88' lang='lat' dir='ltr'><strong>ut</strong></span> <span class='ocrx_word' id='word_1_9' title='bbox 489 541 588 588; x_wconf 88' lang='lat' dir='ltr'><strong>vita</strong></span> <span class='ocrx_word' id='word_1_10' title='bbox 619 538 761 586; x_wconf 88' lang='lat' dir='ltr'><strong>unius</strong></span> <span class='ocrx_word' id='word_1_11' title='bbox 797 537 1095 601; x_wconf 87' lang='lat' dir='ltr'><strong>captivarum</strong></span> <span class='ocrx_word' id='word_1_12' title='bbox 1133 553 1304 586; x_wconf 88' lang='lat' dir='ltr'><strong>cursus</strong></span> <span class='ocrx_word' id='word_1_13' title='bbox 1339 539 1532 587; x_wconf 87' lang='lat' dir='ltr'><strong>navium</strong></span> <span class='ocrx_word' id='word_1_14' title='bbox 1561 538 1732 602; x_wconf 90' lang='lat' dir='ltr'><strong>utique</strong></span> <span class='ocrx_word' id='word_1_15' title='bbox 1755 539 2071 590; x_wconf 83' lang='lat' dir='ltr'><strong>redimendus</strong></span> 
     </span>
     <span class='ocr_line' id='line_1_4' title="bbox 399 616 2072 682; baseline 0 -14"><span class='ocrx_word' id='word_1_16' title='bbox 399 634 513 669; x_wconf 90' lang='lat' dir='ltr'><strong>esse</strong></span> <span class='ocrx_word' id='word_1_17' title='bbox 545 618 809 666; x_wconf 87' lang='lat' dir='ltr'><strong>videretur.</strong></span> <span class='ocrx_word' id='word_1_18' title='bbox 878 616 1018 665; x_wconf 88' lang='lat' dir='ltr'><strong>Hanc</strong></span> <span class='ocrx_word' id='word_1_19' title='bbox 1038 617 1189 682; x_wconf 79' lang='lat' dir='ltr'><strong>igitur</strong></span> <span class='ocrx_word' id='word_1_20' title='bbox 1215 618 1519 666; x_wconf 80' lang='lat' dir='ltr'>verissimam</span> <span class='ocrx_word' id='word_1_21' title='bbox 1541 618 1832 667; x_wconf 88' lang='lat' dir='ltr'><strong>sententiam</strong></span> <span class='ocrx_word' id='word_1_22' title='bbox 1859 619 2072 668; x_wconf 85' lang='lat' dir='ltr'><strong>Thesei-</strong></span> 
     </span>
     <span class='ocr_line' id='line_1_5' title="bbox 399 695 2070 761; baseline -0.001 -13"><span class='ocrx_word' id='word_1_23' title='bbox 399 700 476 748; x_wconf 90' lang='lat' dir='ltr'><strong>dis</strong></span> <span class='ocrx_word' id='word_1_24' title='bbox 513 695 874 747; x_wconf 85' lang='lat' dir='ltr'><strong>defendendam</strong></span> <span class='ocrx_word' id='word_1_25' title='bbox 900 703 1071 746; x_wconf 91' lang='lat' dir='ltr'><strong>noster</strong></span> <span class='ocrx_word' id='word_1_26' title='bbox 1095 697 1332 748; x_wconf 83' lang='lat' dir='ltr'><strong>attribuit.</strong></span> <span class='ocrx_word' id='word_1_27' title='bbox 1399 697 1575 761; x_wconf 85' lang='lat' dir='ltr'><strong>Neque</strong></span> <span class='ocrx_word' id='word_1_28' title='bbox 1597 703 1759 746; x_wconf 86' lang='lat' dir='ltr'><strong>tamen</strong></span> <span class='ocrx_word' id='word_1_29' title='bbox 1785 698 2070 747; x_wconf 86' lang='lat' dir='ltr'><strong>nominatim</strong></span> 
     </span>
     <span class='ocr_line' id='line_1_6' title="bbox 398 777 2069 842; baseline 0 -15"><span class='ocrx_word' id='word_1_30' title='bbox 398 778 695 842; x_wconf 83' lang='lat' dir='ltr'><strong>Polyxenam</strong></span> <span class='ocrx_word' id='word_1_31' title='bbox 730 777 947 826; x_wconf 88' lang='lat' dir='ltr'><strong>Achilles</strong></span> <span class='ocrx_word' id='word_1_32' title='bbox 993 782 1318 841; x_wconf 83' lang='lat' dir='ltr'><strong>poposcerat,</strong></span> <span class='ocrx_word' id='word_1_33' title='bbox 1367 777 1454 825; x_wconf 90' lang='lat' dir='ltr'><strong>sed</strong></span> <span class='ocrx_word' id='word_1_34' title='bbox 1502 778 1797 826; x_wconf 87' lang='lat' dir='ltr'><strong>credebatur</strong></span> <span class='ocrx_word' id='word_1_35' title='bbox 1841 794 1950 827; x_wconf 89' lang='lat' dir='ltr'><strong>eam</strong></span> <span class='ocrx_word' id='word_1_36' title='bbox 1984 793 2069 842; x_wconf 90' lang='lat' dir='ltr'><strong>po-</strong></span> 
     </span>
     <span class='ocr_line' id='line_1_7' title="bbox 397 857 2071 921; baseline 0 -14"><span class='ocrx_word' id='word_1_37' title='bbox 397 858 582 907; x_wconf 88' lang='lat' dir='ltr'><strong>stulare</strong></span> <span class='ocrx_word' id='word_1_38' title='bbox 603 857 673 918; x_wconf 83' lang='lat'><strong>*)‚</strong></span> <span class='ocrx_word' id='word_1_39' title='bbox 709 872 869 920; x_wconf 89' lang='lat' dir='ltr'><strong>neque</strong></span> <span class='ocrx_word' id='word_1_40' title='bbox 889 858 1091 905; x_wconf 86' lang='lat' dir='ltr'><strong>vacabat</strong></span> <span class='ocrx_word' id='word_1_41' title='bbox 1109 858 1416 906; x_wconf 81' lang='lat' dir='ltr'><strong>crudelitatis</strong></span> <span class='ocrx_word' id='word_1_42' title='bbox 1446 858 1650 907; x_wconf 88' lang='lat' dir='ltr'><strong>crimine</strong></span> <span class='ocrx_word' id='word_1_43' title='bbox 1683 858 1908 921; x_wconf 84' lang='lat' dir='ltr'><strong>Ulysses,</strong></span> <span class='ocrx_word' id='word_1_44' title='bbox 1943 858 2071 908; x_wconf 87' lang='lat' dir='ltr'><strong>hanc</strong></span> 
     </span>
     <span class='ocr_line' id='line_1_8' title="bbox 398 936 2070 1001; baseline 0.001 -17"><span class='ocrx_word' id='word_1_45' title='bbox 398 937 710 1001; x_wconf 90' lang='lat' dir='ltr'><strong>potissimum</strong></span> <span class='ocrx_word' id='word_1_46' title='bbox 736 936 977 985; x_wconf 90' lang='lat' dir='ltr'><strong>immolari</strong></span> <span class='ocrx_word' id='word_1_47' title='bbox 1008 938 1196 985; x_wconf 79' lang='lat' dir='ltr'><strong>iubens,</strong></span> <span class='ocrx_word' id='word_1_48' title='bbox 1260 938 1591 1000; x_wconf 85' lang='lat' dir='ltr'><strong>Agamemnon</strong></span> <span class='ocrx_word' id='word_1_49' title='bbox 1613 943 1795 998; x_wconf 83' lang='lat' dir='ltr'><strong>autem,</strong></span> <span class='ocrx_word' id='word_1_50' title='bbox 1830 944 1884 987; x_wconf 93' lang='lat' dir='ltr'><strong>ut</strong></span> <span class='ocrx_word' id='word_1_51' title='bbox 1910 938 2070 987; x_wconf 88' lang='lat' dir='ltr'><strong>solent</strong></span> 
     </span>
     <span class='ocr_line' id='line_1_9' title="bbox 395 1015 2068 1083; baseline 0 -18"><span class='ocrx_word' id='word_1_52' title='bbox 395 1015 630 1075; x_wconf 78' lang='lat' dir='ltr'><strong>Atridae,</strong></span> <span class='ocrx_word' id='word_1_53' title='bbox 689 1017 842 1065; x_wconf 90' lang='lat' dir='ltr'><strong>amori</strong></span> <span class='ocrx_word' id='word_1_54' title='bbox 890 1022 941 1065; x_wconf 89' lang='lat' dir='ltr'><strong>et</strong></span> <span class='ocrx_word' id='word_1_55' title='bbox 999 1016 1212 1079; x_wconf 89' lang='lat' dir='ltr'><strong>cupidini</strong></span> <span class='ocrx_word' id='word_1_56' title='bbox 1266 1017 1501 1065; x_wconf 86' lang='lat' dir='ltr'><strong>obnoxius</strong></span> <span class='ocrx_word' id='word_1_57' title='bbox 1545 1017 1866 1083; x_wconf 85' lang='lat' dir='ltr'><strong>conspicitur.</strong></span> <span class='ocrx_word' id='word_1_58' title='bbox 1942 1016 2068 1067; x_wconf 88' lang='lat' dir='ltr'><strong>Nam</strong></span> 
     </span>
     <span class='ocr_line' id='line_1_10' title="bbox 395 1095 2066 1161; baseline 0.002 -19"><span class='ocrx_word' id='word_1_59' title='bbox 395 1110 546 1159; x_wconf 87' lang='lat' dir='ltr'><strong>quum</strong></span> <span class='ocrx_word' id='word_1_60' title='bbox 581 1110 791 1159; x_wconf 90' lang='lat' dir='ltr'><strong>aequum</strong></span> <span class='ocrx_word' id='word_1_61' title='bbox 826 1112 938 1145; x_wconf 91' lang='lat' dir='ltr'><strong>esse</strong></span> <span class='ocrx_word' id='word_1_62' title='bbox 973 1096 1231 1161; x_wconf 81' lang='lat' dir='ltr'><strong>intelligat,</strong></span> <span class='ocrx_word' id='word_1_63' title='bbox 1266 1102 1321 1144; x_wconf 88' lang='lat' dir='ltr'><strong>ut</strong></span> <span class='ocrx_word' id='word_1_64' title='bbox 1355 1113 1444 1160; x_wconf 90' lang='lat' dir='ltr'><strong>pro</strong></span> <span class='ocrx_word' id='word_1_65' title='bbox 1481 1096 1909 1161; x_wconf 60' lang='lat' dir='ltr'><strong>Polyxena„matri</strong></span> <span class='ocrx_word' id='word_1_66' title='bbox 1945 1095 2066 1146; x_wconf 79' lang='lat' dir='ltr'><strong>Cas-</strong></span> 
     </span>
     <span class='ocr_line' id='line_1_11' title="bbox 394 1174 2066 1240; baseline 0.001 -17"><span class='ocrx_word' id='word_1_67' title='bbox 394 1174 572 1223; x_wconf 88' lang='lat' dir='ltr'><strong>sandra</strong></span> <span class='ocrx_word' id='word_1_68' title='bbox 606 1176 921 1236; x_wconf 74' lang='lat' dir='ltr'><strong>restituatur,</strong></span> <span class='ocrx_word' id='word_1_69' title='bbox 965 1190 1027 1224; x_wconf 90' lang='lat' dir='ltr'><strong>ne</strong></span> <span class='ocrx_word' id='word_1_70' title='bbox 1062 1174 1155 1223; x_wconf 90' lang='lat' dir='ltr'><strong>hac</strong></span> <span class='ocrx_word' id='word_1_71' title='bbox 1188 1175 1298 1238; x_wconf 90' lang='lat' dir='ltr'><strong>ipse</strong></span> <span class='ocrx_word' id='word_1_72' title='bbox 1342 1177 1557 1240; x_wconf 78' lang='lat' dir='ltr'><strong>privetur</strong></span> <span class='ocrx_word' id='word_1_73' title='bbox 1602 1193 1801 1238; x_wconf 85' lang='lat' dir='ltr'><strong>cavens,</strong></span> <span class='ocrx_word' id='word_1_74' title='bbox 1846 1193 2066 1227; x_wconf 86' lang='lat' dir='ltr'><strong>commu-</strong></span> 
     </span>
     <span class='ocr_line' id='line_1_12' title="bbox 394 1254 2065 1306; baseline 0.002 -4"><span class='ocrx_word' id='word_1_75' title='bbox 394 1268 509 1302; x_wconf 87' lang='lat' dir='ltr'><strong>nem</strong></span> <span class='ocrx_word' id='word_1_76' title='bbox 546 1254 763 1301; x_wconf 91' lang='lat' dir='ltr'><strong>omnium</strong></span> <span class='ocrx_word' id='word_1_77' title='bbox 797 1254 1006 1303; x_wconf 92' lang='lat' dir='ltr'><strong>salutem</strong></span> <span class='ocrx_word' id='word_1_78' title='bbox 1035 1270 1122 1303; x_wconf 90' lang='lat' dir='ltr'><strong>suo</strong></span> <span class='ocrx_word' id='word_1_79' title='bbox 1150 1255 1410 1303; x_wconf 89' lang='lat' dir='ltr'><strong>commodo</strong></span> <span class='ocrx_word' id='word_1_80' title='bbox 1444 1273 1615 1305; x_wconf 86' lang='lat' dir='ltr'><strong>rursus</strong></span> <span class='ocrx_word' id='word_1_81' title='bbox 1638 1258 1816 1305; x_wconf 89' lang='lat' dir='ltr'><strong>eodem</strong></span> <span class='ocrx_word' id='word_1_82' title='bbox 1845 1273 1956 1306; x_wconf 90' lang='lat' dir='ltr'><strong>cum</strong></span> <span class='ocrx_word' id='word_1_83' title='bbox 1977 1257 2065 1305; x_wconf 89' lang='lat' dir='ltr'><strong>de-</strong></span> 
     </span>
     <span class='ocr_line' id='line_1_13' title="bbox 392 1333 2065 1398; baseline 0.002 -17"><span class='ocrx_word' id='word_1_84' title='bbox 392 1334 603 1393; x_wconf 85' lang='lat' dir='ltr'><strong>decore,</strong></span> <span class='ocrx_word' id='word_1_85' title='bbox 638 1348 734 1396; x_wconf 91' lang='lat' dir='ltr'><strong>quo</strong></span> <span class='ocrx_word' id='word_1_86' title='bbox 770 1333 1045 1395; x_wconf 87' lang='lat' dir='ltr'><strong>quondam,</strong></span> <span class='ocrx_word' id='word_1_87' title='bbox 1094 1350 1245 1396; x_wconf 89' lang='lat' dir='ltr'><strong>quum</strong></span> <span class='ocrx_word' id='word_1_88' title='bbox 1291 1334 1579 1398; x_wconf 86' lang='lat' dir='ltr'><strong>Chryseidis</strong></span> <span class='ocrx_word' id='word_1_89' title='bbox 1614 1353 1788 1386; x_wconf 86' lang='lat' dir='ltr'><strong>caussa</strong></span> <span class='ocrx_word' id='word_1_90' title='bbox 1819 1337 2065 1386; x_wconf 81' lang='lat' dir='ltr'><strong>Achillem</strong></span> 
     </span>
     <span class='ocr_line' id='line_1_14' title="bbox 393 1412 2064 1479; baseline 0.002 -19"><span class='ocrx_word' id='word_1_91' title='bbox 393 1412 690 1461; x_wconf 86' lang='lat' dir='ltr'><strong>contumelia</strong></span> <span class='ocrx_word' id='word_1_92' title='bbox 717 1412 972 1474; x_wconf 83' lang='lat' dir='ltr'><strong>afficeret,</strong></span> <span class='ocrx_word' id='word_1_93' title='bbox 1007 1415 1278 1479; x_wconf 89' lang='lat' dir='ltr'><strong>postponit.</strong></span> <span class='ocrx_word' id='word_1_94' title='bbox 1347 1414 1466 1462; x_wconf 91' lang='lat' dir='ltr'><strong>Inde</strong></span> <span class='ocrx_word' id='word_1_95' title='bbox 1513 1418 1845 1466; x_wconf 86' lang='lat' dir='ltr'><strong>contentiones</strong></span> <span class='ocrx_word' id='word_1_96' title='bbox 1879 1421 1934 1465; x_wconf 92' lang='lat' dir='ltr'><strong>et</strong></span> <span class='ocrx_word' id='word_1_97' title='bbox 1963 1416 2064 1464; x_wconf 90' lang='lat' dir='ltr'><strong>iur-</strong></span> 
     </span>
     <span class='ocr_line' id='line_1_15' title="bbox 391 1492 2063 1559; baseline 0.002 -19"><span class='ocrx_word' id='word_1_98' title='bbox 391 1492 471 1559; x_wconf 85' lang='lat' dir='ltr'><strong>gia</strong></span> <span class='ocrx_word' id='word_1_99' title='bbox 487 1498 768 1553; x_wconf 86' lang='lat' dir='ltr'><strong>nascuntur,</strong></span> <span class='ocrx_word' id='word_1_100' title='bbox 803 1509 929 1556; x_wconf 89' lang='lat' dir='ltr'><strong>quae</strong></span> <span class='ocrx_word' id='word_1_101' title='bbox 953 1500 1311 1559; x_wconf 89' lang='lat' dir='ltr'><strong>componuntur</strong></span> <span class='ocrx_word' id='word_1_102' title='bbox 1339 1494 1536 1558; x_wconf 89' lang='lat' dir='ltr'><strong>quidem</strong></span> <span class='ocrx_word' id='word_1_103' title='bbox 1555 1494 1750 1558; x_wconf 77' lang='lat' dir='ltr'><strong>Ulyssis</strong></span> <span class='ocrx_word' id='word_1_104' title='bbox 1772 1497 2063 1555; x_wconf 84' lang='lat' dir='ltr'><strong>interventu,</strong></span> 
     </span>
     <span class='ocr_line' id='line_1_16' title="bbox 391 1571 2065 1638; baseline 0.001 -17"><span class='ocrx_word' id='word_1_105' title='bbox 391 1571 482 1621; x_wconf 81' lang='lat' dir='ltr'><strong>sed</strong></span> <span class='ocrx_word' id='word_1_106' title='bbox 526 1573 795 1621; x_wconf 89' lang='lat' dir='ltr'><strong>iniustitiae</strong></span> <span class='ocrx_word' id='word_1_107' title='bbox 845 1573 1034 1621; x_wconf 90' lang='lat' dir='ltr'><strong>crimen</strong></span> <span class='ocrx_word' id='word_1_108' title='bbox 1082 1575 1259 1622; x_wconf 89' lang='lat' dir='ltr'><strong>sceleri</strong></span> <span class='ocrx_word' id='word_1_109' title='bbox 1306 1573 1589 1638; x_wconf 85' lang='lat' dir='ltr'><strong>profanatae</strong></span> <span class='ocrx_word' id='word_1_110' title='bbox 1634 1575 1902 1623; x_wconf 84' lang='lat' dir='ltr'><strong>sacerdotis</strong></span> <span class='ocrx_word' id='word_1_111' title='bbox 1935 1576 2065 1638; x_wconf 84' lang='lat' dir='ltr'><strong>Aga-</strong></span> 
     </span>
     <span class='ocr_line' id='line_1_17' title="bbox 388 1652 2066 1718; baseline 0.002 -19"><span class='ocrx_word' id='word_1_112' title='bbox 388 1667 617 1700; x_wconf 89' lang='lat' dir='ltr'><strong>memnon</strong></span> <span class='ocrx_word' id='word_1_113' title='bbox 650 1652 897 1716; x_wconf 81' lang='lat' dir='ltr'><strong>adiungit,</strong></span> <span class='ocrx_word' id='word_1_114' title='bbox 934 1654 1073 1701; x_wconf 89' lang='lat' dir='ltr'><strong>cuius</strong></span> <span class='ocrx_word' id='word_1_115' title='bbox 1110 1653 1205 1700; x_wconf 89' lang='lat' dir='ltr'><strong>sibi</strong></span> <span class='ocrx_word' id='word_1_116' title='bbox 1240 1653 1414 1718; x_wconf 86' lang='lat' dir='ltr'><strong>culpae</strong></span> <span class='ocrx_word' id='word_1_117' title='bbox 1449 1654 1673 1702; x_wconf 89' lang='lat' dir='ltr'><strong>conscius</strong></span> <span class='ocrx_word' id='word_1_118' title='bbox 1709 1660 1884 1718; x_wconf 82' lang='lat' dir='ltr'><strong>postea</strong></span> <span class='ocrx_word' id='word_1_119' title='bbox 1915 1655 2066 1703; x_wconf 89' lang='lat' dir='ltr'><strong>ultio-</strong></span> 
     </span>
     <span class='ocr_line' id='line_1_18' title="bbox 389 1732 2065 1800; baseline 0.001 -20"><span class='ocrx_word' id='word_1_120' title='bbox 389 1747 503 1780; x_wconf 90' lang='lat' dir='ltr'><strong>nem</strong></span> <span class='ocrx_word' id='word_1_121' title='bbox 537 1732 773 1781; x_wconf 89' lang='lat' dir='ltr'><strong>Hecubae</strong></span> <span class='ocrx_word' id='word_1_122' title='bbox 807 1733 1017 1784; x_wconf 80' lang='lat' dir='ltr'><strong>adiuvat.</strong></span> <span class='ocrx_word' id='word_1_123' title='bbox 1088 1732 1324 1781; x_wconf 88' lang='lat' dir='ltr'><strong>Ceterum</strong></span> <span class='ocrx_word' id='word_1_124' title='bbox 1344 1733 1468 1781; x_wconf 89' lang='lat' dir='ltr'><strong>haec</strong></span> <span class='ocrx_word' id='word_1_125' title='bbox 1504 1734 1925 1784; x_wconf 86' lang='lat' dir='ltr'><strong>considerantibus</strong></span> <span class='ocrx_word' id='word_1_126' title='bbox 1958 1734 2065 1800; x_wconf 87' lang='lat' dir='ltr'><strong>pla-</strong></span> 
     </span>
     <span class='ocr_line' id='line_1_19' title="bbox 387 1810 2067 1877; baseline 0 -17"><span class='ocrx_word' id='word_1_127' title='bbox 387 1827 504 1861; x_wconf 91' lang='lat' dir='ltr'><strong>num</strong></span> <span class='ocrx_word' id='word_1_128' title='bbox 540 1810 649 1860; x_wconf 86' lang='lat' dir='ltr'><strong>fore</strong></span> <span class='ocrx_word' id='word_1_129' title='bbox 683 1828 830 1877; x_wconf 87' lang='lat' dir='ltr'><strong>spero</strong></span> <span class='ocrx_word' id='word_1_130' title='bbox 867 1813 1074 1862; x_wconf 89' lang='lat' dir='ltr'><strong>salutem</strong></span> <span class='ocrx_word' id='word_1_131' title='bbox 1108 1813 1375 1861; x_wconf 90' lang='lat' dir='ltr'><strong>liberorum</strong></span> <span class='ocrx_word' id='word_1_132' title='bbox 1410 1814 1649 1863; x_wconf 89' lang='lat' dir='ltr'><strong>Hecubae</strong></span> <span class='ocrx_word' id='word_1_133' title='bbox 1683 1813 1925 1874; x_wconf 86' lang='lat' dir='ltr'><strong>omnium,</strong></span> <span class='ocrx_word' id='word_1_134' title='bbox 1979 1812 2067 1876; x_wconf 89' lang='lat' dir='ltr'><strong>qui</strong></span> 
     </span>
     <span class='ocr_line' id='line_1_20' title="bbox 388 1892 2064 1959; baseline 0.001 -20"><span class='ocrx_word' id='word_1_135' title='bbox 388 1893 686 1956; x_wconf 84' lang='lat' dir='ltr'><strong>superstites</strong></span> <span class='ocrx_word' id='word_1_136' title='bbox 722 1892 845 1953; x_wconf 89' lang='lat' dir='ltr'><strong>sint,</strong></span> <span class='ocrx_word' id='word_1_137' title='bbox 881 1909 977 1941; x_wconf 92' lang='lat' dir='ltr'><strong>non</strong></span> <span class='ocrx_word' id='word_1_138' title='bbox 1012 1893 1219 1942; x_wconf 88' lang='lat' dir='ltr'><strong>duorum</strong></span> <span class='ocrx_word' id='word_1_139' title='bbox 1251 1898 1472 1953; x_wconf 90' lang='lat' dir='ltr'><strong>tantum,</strong></span> <span class='ocrx_word' id='word_1_140' title='bbox 1507 1894 1586 1959; x_wconf 83' lang='lat' dir='ltr'><strong>agi</strong></span> <span class='ocrx_word' id='word_1_141' title='bbox 1619 1899 1769 1957; x_wconf 90' lang='lat' dir='ltr'><strong>atque</strong></span> <span class='ocrx_word' id='word_1_142' title='bbox 1800 1894 1850 1942; x_wconf 93' lang='lat' dir='ltr'><strong>in</strong></span> <span class='ocrx_word' id='word_1_143' title='bbox 1885 1892 2064 1942; x_wconf 87' lang='lat' dir='ltr'><strong>discri-</strong></span> 
     </span>
     <span class='ocr_line' id='line_1_21' title="bbox 387 1972 2064 2038; baseline 0.001 -18"><span class='ocrx_word' id='word_1_144' title='bbox 387 1972 520 2020; x_wconf 90' lang='lat' dir='ltr'><strong>mine</strong></span> <span class='ocrx_word' id='word_1_145' title='bbox 562 1972 776 2033; x_wconf 87' lang='lat' dir='ltr'><strong>versari,</strong></span> <span class='ocrx_word' id='word_1_146' title='bbox 823 1989 914 2021; x_wconf 89' lang='lat' dir='ltr'><strong>nec</strong></span> <span class='ocrx_word' id='word_1_147' title='bbox 965 1975 1188 2038; x_wconf 89' lang='lat' dir='ltr'><strong>potuisse</strong></span> <span class='ocrx_word' id='word_1_148' title='bbox 1234 1974 1471 2022; x_wconf 89' lang='lat' dir='ltr'><strong>ultionem</strong></span> <span class='ocrx_word' id='word_1_149' title='bbox 1512 1974 1760 2023; x_wconf 86' lang='lat' dir='ltr'><strong>interfecti</strong></span> <span class='ocrx_word' id='word_1_150' title='bbox 1802 1974 1934 2035; x_wconf 80' lang='lat' dir='ltr'><strong>eius,</strong></span> <span class='ocrx_word' id='word_1_151' title='bbox 1980 1973 2064 2036; x_wconf 90' lang='lat' dir='ltr'><strong>qui</strong></span> 
     </span>
     <span class='ocr_line' id='line_1_22' title="bbox 388 2050 2064 2118; baseline 0.001 -19"><span class='ocrx_word' id='word_1_152' title='bbox 388 2066 504 2116; x_wconf 89' lang='lat' dir='ltr'><strong>spes</strong></span> <span class='ocrx_word' id='word_1_153' title='bbox 523 2053 890 2116; x_wconf 87' lang='lat' dir='ltr'><strong>recuperandae</strong></span> <span class='ocrx_word' id='word_1_154' title='bbox 912 2053 1081 2101; x_wconf 89' lang='lat' dir='ltr'><strong>salutis</strong></span> <span class='ocrx_word' id='word_1_155' title='bbox 1104 2053 1501 2116; x_wconf 89' lang='lat' dir='ltr'><strong>instaurandique</strong></span> <span class='ocrx_word' id='word_1_156' title='bbox 1527 2054 1665 2118; x_wconf 82' lang='lat' dir='ltr'><strong>regni</strong></span> <span class='ocrx_word' id='word_1_157' title='bbox 1690 2052 1852 2102; x_wconf 85' lang='lat' dir='ltr'><strong>fuerat</strong></span> <span class='ocrx_word' id='word_1_158' title='bbox 1876 2050 2064 2118; x_wconf 80' lang='grc' dir='ltr'><strong>(οἴκων</strong></span> 
     </span>
     <span class='ocr_line' id='line_1_23' title="bbox 386 2130 1950 2196; baseline 0.001 -15"><span class='ocrx_word' id='word_1_159' title='bbox 386 2130 639 2196; x_wconf 76' lang='grc' dir='ltr'><strong>ἄγκυρα),</strong></span> <span class='ocrx_word' id='word_1_160' title='bbox 675 2132 782 2179; x_wconf 92' lang='lat' dir='ltr'><strong>sine</strong></span> <span class='ocrx_word' id='word_1_161' title='bbox 817 2131 1021 2179; x_wconf 90' lang='lat' dir='ltr'><strong>duarum</strong></span> <span class='ocrx_word' id='word_1_162' title='bbox 1057 2147 1283 2180; x_wconf 88' lang='lat' dir='ltr'><strong>sororum</strong></span> <span class='ocrx_word' id='word_1_163' title='bbox 1315 2132 1625 2180; x_wconf 86' lang='lat' dir='ltr'><strong>incommodo</strong></span> <span class='ocrx_word' id='word_1_164' title='bbox 1660 2131 1950 2195; x_wconf 88' lang='lat' dir='ltr'><strong>procedere.</strong></span> 
     </span>
     <span class='ocr_line' id='line_1_24' title="bbox 515 2209 2063 2275; baseline 0.002 -17"><span class='ocrx_word' id='word_1_165' title='bbox 515 2210 654 2259; x_wconf 86' lang='lat' dir='ltr'><strong>Haec</strong></span> <span class='ocrx_word' id='word_1_166' title='bbox 685 2211 904 2258; x_wconf 88' lang='lat' dir='ltr'><strong>numeris</strong></span> <span class='ocrx_word' id='word_1_167' title='bbox 937 2211 1287 2275; x_wconf 82' lang='lat' dir='ltr'><strong>anapaesticis,</strong></span> <span class='ocrx_word' id='word_1_168' title='bbox 1323 2212 1408 2272; x_wconf 90' lang='lat' dir='ltr'><strong>qui</strong></span> <span class='ocrx_word' id='word_1_169' title='bbox 1442 2216 1556 2259; x_wconf 90' lang='lat' dir='ltr'><strong>sunt</strong></span> <span class='ocrx_word' id='word_1_170' title='bbox 1587 2226 1670 2259; x_wconf 94' lang='lat' dir='ltr'><strong>res</strong></span> <span class='ocrx_word' id='word_1_171' title='bbox 1705 2209 2063 2274; x_wconf 78' lang='lat' dir='ltr'><strong>exponentibus</strong></span> 
     </span>
     <span class='ocr_line' id='line_1_25' title="bbox 385 2289 2061 2354; baseline 0.001 -16"><span class='ocrx_word' id='word_1_172' title='bbox 385 2289 549 2338; x_wconf 73' lang='lat' dir='ltr'><strong>choris</strong></span> <span class='ocrx_word' id='word_1_173' title='bbox 583 2289 838 2352; x_wconf 89' lang='lat' dir='ltr'><strong>aptissimi,</strong></span> <span class='ocrx_word' id='word_1_174' title='bbox 875 2289 1200 2338; x_wconf 89' lang='lat' dir='ltr'><strong>declarantur.</strong></span> <span class='ocrx_word' id='word_1_175' title='bbox 1269 2289 1593 2339; x_wconf 86' lang='lat' dir='ltr'><strong>Commiscuit</strong></span> <span class='ocrx_word' id='word_1_176' title='bbox 1624 2294 1787 2338; x_wconf 86' lang='lat' dir='ltr'><strong>autem</strong></span> <span class='ocrx_word' id='word_1_177' title='bbox 1811 2294 1956 2352; x_wconf 82' lang='lat' dir='ltr'><strong>poeta</strong></span> <span class='ocrx_word' id='word_1_178' title='bbox 1974 2305 2061 2354; x_wconf 83' lang='lat' dir='ltr'><strong>pa-</strong></span> 
     </span>
     <span class='ocr_line' id='line_1_26' title="bbox 383 2368 2063 2432; baseline 0.001 -15"><span class='ocrx_word' id='word_1_179' title='bbox 383 2368 561 2418; x_wconf 89' lang='lat' dir='ltr'><strong>rodum</strong></span> <span class='ocrx_word' id='word_1_180' title='bbox 596 2385 707 2416; x_wconf 92' lang='lat' dir='ltr'><strong>cum</strong></span> <span class='ocrx_word' id='word_1_181' title='bbox 742 2368 1006 2432; x_wconf 85' lang='lat' dir='ltr'><strong>colloquio,</strong></span> <span class='ocrx_word' id='word_1_182' title='bbox 1042 2370 1171 2432; x_wconf 93' lang='lat' dir='ltr'><strong>quod</strong></span> <span class='ocrx_word' id='word_1_183' title='bbox 1205 2369 1312 2417; x_wconf 88' lang='lat' dir='ltr'><strong>aliis</strong></span> <span class='ocrx_word' id='word_1_184' title='bbox 1343 2370 1394 2417; x_wconf 90' lang='lat' dir='ltr'><strong>in</strong></span> <span class='ocrx_word' id='word_1_185' title='bbox 1431 2368 1608 2417; x_wconf 86' lang='lat' dir='ltr'><strong>sabulis</strong></span> <span class='ocrx_word' id='word_1_186' title='bbox 1643 2369 1759 2416; x_wconf 92' lang='lat' dir='ltr'><strong>huic</strong></span> <span class='ocrx_word' id='word_1_187' title='bbox 1790 2369 2063 2432; x_wconf 89' lang='lat' dir='ltr'><strong>praemitti-</strong></span> 
     </span>
     <span class='ocr_line' id='line_1_27' title="bbox 383 2448 2061 2515; baseline 0.001 -19"><span class='ocrx_word' id='word_1_188' title='bbox 383 2453 481 2507; x_wconf 88' lang='lat' dir='ltr'><strong>tur,</strong></span> <span class='ocrx_word' id='word_1_189' title='bbox 518 2455 807 2512; x_wconf 88' lang='lat' dir='ltr'><strong>partemque</strong></span> <span class='ocrx_word' id='word_1_190' title='bbox 843 2449 947 2496; x_wconf 91' lang='lat' dir='ltr'><strong>eius</strong></span> <span class='ocrx_word' id='word_1_191' title='bbox 982 2449 1212 2512; x_wconf 89' lang='lat' dir='ltr'><strong>colloquii</strong></span> <span class='ocrx_word' id='word_1_192' title='bbox 1246 2449 1307 2496; x_wconf 90' lang='lat' dir='ltr'><strong>ad</strong></span> <span class='ocrx_word' id='word_1_193' title='bbox 1345 2449 1549 2498; x_wconf 88' lang='lat' dir='ltr'><strong>chorum</strong></span> <span class='ocrx_word' id='word_1_194' title='bbox 1595 2449 1756 2515; x_wconf 89' lang='lat' dir='ltr'><strong>ipsum</strong></span> <span class='ocrx_word' id='word_1_195' title='bbox 1790 2448 2061 2499; x_wconf 86' lang='lat' dir='ltr'><strong>transtulit.</strong></span> 
     </span>
     <span class='ocr_line' id='line_1_28' title="bbox 383 2527 2062 2578; baseline 0.001 -2"><span class='ocrx_word' id='word_1_196' title='bbox 383 2527 590 2576; x_wconf 89' lang='lat' dir='ltr'><strong>Hecuba</strong></span> <span class='ocrx_word' id='word_1_197' title='bbox 624 2531 791 2576; x_wconf 90' lang='lat' dir='ltr'><strong>autem</strong></span> <span class='ocrx_word' id='word_1_198' title='bbox 824 2527 903 2576; x_wconf 89' lang='lat' dir='ltr'><strong>his</strong></span> <span class='ocrx_word' id='word_1_199' title='bbox 949 2528 1129 2578; x_wconf 88' lang='lat' dir='ltr'><strong>auditis</strong></span> <span class='ocrx_word' id='word_1_200' title='bbox 1165 2546 1276 2578; x_wconf 91' lang='lat' dir='ltr'><strong>cum</strong></span> <span class='ocrx_word' id='word_1_201' title='bbox 1312 2529 1558 2578; x_wconf 87' lang='lat' dir='ltr'><strong>flebilibus</strong></span> <span class='ocrx_word' id='word_1_202' title='bbox 1593 2528 1819 2576; x_wconf 86' lang='lat' dir='ltr'><strong>lamentis</strong></span> <span class='ocrx_word' id='word_1_203' title='bbox 1855 2529 1919 2578; x_wconf 89' lang='lat' dir='ltr'><strong>ad</strong></span> <span class='ocrx_word' id='word_1_204' title='bbox 1950 2533 2062 2578; x_wconf 85' lang='lat' dir='ltr'><strong>ten-</strong></span> 
     </span>
     <span class='ocr_line' id='line_1_29' title="bbox 384 2607 2060 2675; baseline 0.002 -20"><span class='ocrx_word' id='word_1_205' title='bbox 384 2608 564 2656; x_wconf 88' lang='lat' dir='ltr'><strong>torium</strong></span> <span class='ocrx_word' id='word_1_206' title='bbox 598 2623 799 2671; x_wconf 79' lang='lat' dir='ltr'><strong>gressus</strong></span> <span class='ocrx_word' id='word_1_207' title='bbox 833 2607 1058 2658; x_wconf 82' lang='lat' dir='ltr'><strong>referens</strong></span> <span class='ocrx_word' id='word_1_208' title='bbox 1085 2609 1382 2675; x_wconf 79' lang='lat' dir='ltr'><strong>Polyxenam</strong></span> <span class='ocrx_word' id='word_1_209' title='bbox 1430 2608 1721 2657; x_wconf 87' lang='lat' dir='ltr'><strong>clamoribus</strong></span> <span class='ocrx_word' id='word_1_210' title='bbox 1755 2608 1940 2658; x_wconf 85' lang='lat' dir='ltr'><strong>excitat</strong></span> <span class='ocrx_word' id='word_1_211' title='bbox 1970 2609 2060 2658; x_wconf 90' lang='lat' dir='ltr'><strong>de-</strong></span> 
     </span>
     <span class='ocr_line' id='line_1_30' title="bbox 385 2687 2058 2750; baseline 0.002 -16"><span class='ocrx_word' id='word_1_212' title='bbox 385 2702 481 2750; x_wconf 88' lang='lat' dir='ltr'><strong>que</strong></span> <span class='ocrx_word' id='word_1_213' title='bbox 515 2687 796 2736; x_wconf 84' lang='lat' dir='ltr'><strong>calamitate</strong></span> <span class='ocrx_word' id='word_1_214' title='bbox 825 2688 1112 2738; x_wconf 88' lang='lat' dir='ltr'><strong>imminente</strong></span> <span class='ocrx_word' id='word_1_215' title='bbox 1135 2690 1399 2738; x_wconf 90' lang='lat' dir='ltr'><strong>certiorem</strong></span> <span class='ocrx_word' id='word_1_216' title='bbox 1431 2687 1570 2737; x_wconf 88' lang='lat' dir='ltr'><strong>facit.</strong></span> <span class='ocrx_word' id='word_1_217' title='bbox 1637 2687 1824 2737; x_wconf 89' lang='lat' dir='ltr'><strong>Misera</strong></span> <span class='ocrx_word' id='word_1_218' title='bbox 1847 2693 1924 2736; x_wconf 89' lang='lat' dir='ltr'><strong>est</strong></span> <span class='ocrx_word' id='word_1_219' title='bbox 1938 2687 2058 2743; x_wconf 84' lang='lat' dir='ltr'><strong>filia,</strong></span> 
     </span>
     <span class='ocr_line' id='line_1_31' title="bbox 384 2765 2058 2831; baseline 0 -17"><span class='ocrx_word' id='word_1_220' title='bbox 384 2766 474 2815; x_wconf 89' lang='lat' dir='ltr'><strong>sed</strong></span> <span class='ocrx_word' id='word_1_221' title='bbox 525 2767 754 2815; x_wconf 89' lang='lat' dir='ltr'><strong>miserior</strong></span> <span class='ocrx_word' id='word_1_222' title='bbox 803 2774 974 2818; x_wconf 88' lang='lat' dir='ltr'><strong>mater.</strong></span> <span class='ocrx_word' id='word_1_223' title='bbox 1051 2768 1126 2816; x_wconf 91' lang='lat' dir='ltr'><strong>llli</strong></span> <span class='ocrx_word' id='word_1_224' title='bbox 1172 2769 1303 2817; x_wconf 87' lang='lat' dir='ltr'><strong>enim</strong></span> <span class='ocrx_word' id='word_1_225' title='bbox 1351 2783 1486 2816; x_wconf 85' lang='lat' dir='ltr'><strong>mors</strong></span> <span class='ocrx_word' id='word_1_226' title='bbox 1535 2772 1763 2831; x_wconf 84' lang='lat' dir='ltr'><strong>exoptata</strong></span> <span class='ocrx_word' id='word_1_227' title='bbox 1804 2765 2058 2830; x_wconf 84' lang='lat' dir='ltr'><strong>contingit,</strong></span> 
     </span>
     <span class='ocr_line' id='line_1_32' title="bbox 383 2845 2057 2913; baseline 0.001 -19"><span class='ocrx_word' id='word_1_228' title='bbox 383 2847 700 2909; x_wconf 88' lang='lat' dir='ltr'><strong>quamobrem</strong></span> <span class='ocrx_word' id='word_1_229' title='bbox 733 2862 830 2896; x_wconf 90' lang='lat' dir='ltr'><strong>non</strong></span> <span class='ocrx_word' id='word_1_230' title='bbox 866 2863 953 2907; x_wconf 92' lang='lat' dir='ltr'><strong>se,</strong></span> <span class='ocrx_word' id='word_1_231' title='bbox 1001 2848 1092 2896; x_wconf 89' lang='lat' dir='ltr'><strong>sed</strong></span> <span class='ocrx_word' id='word_1_232' title='bbox 1141 2854 1347 2896; x_wconf 89' lang='lat' dir='ltr'><strong>matrem</strong></span> <span class='ocrx_word' id='word_1_233' title='bbox 1383 2848 1633 2913; x_wconf 87' lang='lat' dir='ltr'><strong>deplorat,</strong></span> <span class='ocrx_word' id='word_1_234' title='bbox 1681 2846 1762 2894; x_wconf 90' lang='lat' dir='ltr'><strong>cui</strong></span> <span class='ocrx_word' id='word_1_235' title='bbox 1807 2845 2057 2895; x_wconf 72' lang='lat' dir='ltr'><strong>servitutis</strong></span> 
     </span>
     <span class='ocr_line' id='line_1_33' title="bbox 383 2911 2056 2991; baseline 0.001 -17"><span class='ocrx_word' id='word_1_236' title='bbox 383 2927 518 2975; x_wconf 90' lang='lat' dir='ltr'><strong>socia</strong></span> <span class='ocrx_word' id='word_1_237' title='bbox 552 2931 780 2990; x_wconf 89' lang='lat' dir='ltr'><strong>tanquam</strong></span> <span class='ocrx_word' id='word_1_238' title='bbox 815 2928 1004 2976; x_wconf 89' lang='lat' dir='ltr'><strong>catulus</strong></span> <span class='ocrx_word' id='word_1_239' title='bbox 1039 2928 1290 2976; x_wconf 86' lang='lat' dir='ltr'><strong>solitariae</strong></span> <span class='ocrx_word' id='word_1_240' title='bbox 1313 2928 1512 2976; x_wconf 87' lang='lat' dir='ltr'><strong>leaenae</strong></span> <span class='ocrx_word' id='word_1_241' title='bbox 1537 2925 1787 2991; x_wconf 88' lang='lat' dir='ltr'><strong>eripiatur.</strong></span> <span class='ocrx_word' id='word_1_242' title='bbox 1853 2911 1921 2975; x_wconf 74' lang='lat' dir='ltr'><strong>At</strong></span> <span class='ocrx_word' id='word_1_243' title='bbox 1951 2942 2056 2975; x_wconf 84' lang='lat' dir='ltr'><strong>ma-</strong></span> 
     </span>
     <span class='ocr_line' id='line_1_34' title="bbox 381 3005 2055 3073; baseline 0.001 -20"><span class='ocrx_word' id='word_1_244' title='bbox 381 3008 462 3053; x_wconf 87' lang='lat' dir='ltr'><strong>ter</strong></span> <span class='ocrx_word' id='word_1_245' title='bbox 478 3022 734 3070; x_wconf 91' lang='lat' dir='ltr'><strong>quamnam</strong></span> <span class='ocrx_word' id='word_1_246' title='bbox 754 3007 1017 3065; x_wconf 89' lang='lat' dir='ltr'><strong>civitatem,</strong></span> <span class='ocrx_word' id='word_1_247' title='bbox 1054 3024 1202 3073; x_wconf 91' lang='lat' dir='ltr'><strong>quem</strong></span> <span class='ocrx_word' id='word_1_248' title='bbox 1223 3008 1495 3072; x_wconf 84' lang='lat' dir='ltr'><strong>coniugem,</strong></span> <span class='ocrx_word' id='word_1_249' title='bbox 1530 3021 1652 3069; x_wconf 86' lang='lat' dir='ltr'><strong>quos</strong></span> <span class='ocrx_word' id='word_1_250' title='bbox 1690 3005 1896 3055; x_wconf 84' lang='lat' dir='ltr'><strong>liberos</strong></span> <span class='ocrx_word' id='word_1_251' title='bbox 1907 3021 2055 3070; x_wconf 86' lang='lat' dir='ltr'><strong>opem</strong></span> 
     </span>
    </p>
   </div>
   <div class='ocr_carea' id='block_1_3' title="bbox 437 3198 2054 3466">
    <p class='ocr_par' dir='ltr' id='par_1_3' title="bbox 519 3198 2054 3382">
     <span class='ocr_line' id='line_1_35' title="bbox 520 3198 2053 3257; baseline -0.001 -15"><span class='ocrx_word' id='word_1_252' title='bbox 520 3202 587 3242; x_wconf 87' lang='lat' dir='ltr'><strong>tes</strong></span> <span class='ocrx_word' id='word_1_253' title='bbox 613 3213 727 3251; x_wconf 91' lang='lat' dir='ltr'><strong>rem,</strong></span> <span class='ocrx_word' id='word_1_254' title='bbox 759 3214 894 3255; x_wconf 87' lang='lat' dir='ltr'><strong>quam</strong></span> <span class='ocrx_word' id='word_1_255' title='bbox 924 3204 1172 3257; x_wconf 86' lang='lat' dir='ltr'><strong>exponunt,</strong></span> <span class='ocrx_word' id='word_1_256' title='bbox 1201 3204 1295 3244; x_wconf 87' lang='lat' dir='ltr'><strong>tam</strong></span> <span class='ocrx_word' id='word_1_257' title='bbox 1325 3203 1530 3244; x_wconf 83' lang='lat' dir='ltr'><strong>accurate</strong></span> <span class='ocrx_word' id='word_1_258' title='bbox 1559 3212 1854 3255; x_wconf 85' lang='lat' dir='ltr'><strong>cognoscere</strong></span> <span class='ocrx_word' id='word_1_259' title='bbox 1898 3198 2053 3254; x_wconf 83' lang='lat' dir='ltr'><strong>Itaque</strong></span> 
     </span>
     <span class='ocr_line' id='line_1_36' title="bbox 519 3267 2054 3344; baseline 0.001 -34"><span class='ocrx_word' id='word_1_260' title='bbox 519 3269 655 3311; x_wconf 87' lang='lat' dir='ltr'><strong>etiam</strong></span> <span class='ocrx_word' id='word_1_261' title='bbox 683 3270 956 3326; x_wconf 82' lang='lat' dir='ltr'><strong>festinantes,</strong></span> <span class='ocrx_word' id='word_1_262' title='bbox 985 3276 1033 3314; x_wconf 88' lang='lat' dir='ltr'><strong>ut</strong></span> <span class='ocrx_word' id='word_1_263' title='bbox 1062 3272 1239 3328; x_wconf 85' lang='lat' dir='ltr'><strong>longius</strong></span> <span class='ocrx_word' id='word_1_264' title='bbox 1266 3272 1461 3327; x_wconf 82' lang='lat' dir='ltr'><strong>spatium</strong></span> <span class='ocrx_word' id='word_1_265' title='bbox 1488 3283 1710 3323; x_wconf 83' lang='lat' dir='ltr'><strong>emensae,</strong></span> <span class='ocrx_word' id='word_1_266' title='bbox 1740 3267 1983 3344; x_wconf 86' lang='lat' dir='ltr'><strong>procedere</strong></span> <span class='ocrx_word' id='word_1_267' title='bbox 2003 3283 2054 3311; x_wconf 82' lang='lat' dir='ltr'><strong>se</strong></span> 
     </span>
     <span class='ocr_line' id='line_1_37' title="bbox 519 3342 1021 3382; baseline 0.002 -1"><span class='ocrx_word' id='word_1_268' title='bbox 519 3342 747 3382; x_wconf 83' lang='lat' dir='ltr'><strong>testantur.</strong></span> <span class='ocrx_word' id='word_1_269' title='bbox 1016 3359 1021 3369; x_wconf 38' lang='lat' dir='ltr'>x</span> 
     </span>
    </p>

    <p class='ocr_par' dir='ltr' id='par_1_4' title="bbox 437 3407 2051 3466">
     <span class='ocr_line' id='line_1_38' title="bbox 437 3407 2051 3466; baseline 0.001 -16"><span class='ocrx_word' id='word_1_270' title='bbox 437 3407 491 3462; x_wconf 68' lang='lat'><strong>³¹²)</strong></span> <span class='ocrx_word' id='word_1_271' title='bbox 521 3409 590 3452; x_wconf 85' lang='lat' dir='ltr'><strong>Cf.</strong></span> <span class='ocrx_word' id='word_1_272' title='bbox 621 3425 695 3453; x_wconf 82' lang='lat' dir='ltr'><strong>vv.</strong></span> <span class='ocrx_word' id='word_1_273' title='bbox 723 3409 822 3452; x_wconf 92' lang='lat'><strong>111.</strong></span> <span class='ocrx_word' id='word_1_274' title='bbox 850 3409 921 3452; x_wconf 81' lang='lat'><strong>91.</strong></span> <span class='ocrx_word' id='word_1_275' title='bbox 953 3415 997 3454; x_wconf 84' lang='lat' dir='ltr'><strong>et</strong></span> <span class='ocrx_word' id='word_1_276' title='bbox 1023 3410 1093 3452; x_wconf 85' lang='lat'><strong>40.</strong></span> <span class='ocrx_word' id='word_1_277' title='bbox 1105 3444 1116 3465; x_wconf 93' lang='lat'><strong>,</strong></span> <span class='ocrx_word' id='word_1_278' title='bbox 1155 3411 1316 3466; x_wconf 82' lang='lat' dir='ltr'><strong>quibus</strong></span> <span class='ocrx_word' id='word_1_279' title='bbox 1353 3411 1467 3456; x_wconf 83' lang='lat' dir='ltr'><strong>adde</strong></span> <span class='ocrx_word' id='word_1_280' title='bbox 1495 3423 1612 3465; x_wconf 81' lang='lat' dir='ltr'><strong>quae</strong></span> <span class='ocrx_word' id='word_1_281' title='bbox 1641 3410 1695 3453; x_wconf 89' lang='lat' dir='ltr'><strong>de</strong></span> <span class='ocrx_word' id='word_1_282' title='bbox 1725 3409 1815 3452; x_wconf 82' lang='lat' dir='ltr'><strong>hac</strong></span> <span class='ocrx_word' id='word_1_283' title='bbox 1840 3423 1891 3452; x_wconf 86' lang='lat' dir='ltr'><strong>re</strong></span> <span class='ocrx_word' id='word_1_284' title='bbox 1918 3409 2051 3453; x_wconf 89' lang='lat' dir='ltr'><strong>Som-</strong></span> 
     </span>
    </p>
   </div>
   <div class='ocr_carea' id='block_1_4' title="bbox 517 3479 1281 3537">
    <p class='ocr_par' dir='ltr' id='par_1_5' title="bbox 517 3479 1281 3537">
     <span class='ocr_line' id='line_1_39' title="bbox 517 3479 1281 3537; baseline 0.005 -16"><span class='ocrx_word' id='word_1_285' title='bbox 517 3492 667 3523; x_wconf 77' lang='lat' dir='ltr'><strong>merus</strong></span> <span class='ocrx_word' id='word_1_286' title='bbox 695 3479 1036 3537; x_wconf 76' lang='lat' dir='ltr'><strong>diligentissime</strong></span> <span class='ocrx_word' id='word_1_287' title='bbox 1065 3481 1281 3537; x_wconf 78' lang='lat' dir='ltr'><strong>exposuit.</strong></span> 
     </span>
    </p>
   </div>
  </div>
 </body>
</html>
