2176 3874
990 313 1114 372 435

209 462 416 531 pulvere
447 462 641 528 repleti,
676 467 836 512 totum
871 477 1050 526 corpus
1077 461 1240 512 debile
1265 460 1576 528 fractumque
1601 480 1714 517 esse
1746 468 1883 520 vide-

209 549 322 605 tur3
353 548 462 593 tum
496 543 633 592 dorsi
668 543 746 592 sui
781 546 832 592 et
866 541 1174 606 scapularum
1209 546 1260 591 et
1293 543 1544 606 dentium,
1590 545 1634 594 si
1665 547 1884 599 verberi-

210 624 306 674 bus
333 623 693 683 concutiantur,
719 622 946 672 miseret:
980 622 1144 670 valere
1161 622 1308 687 igitur
1324 623 1495 674 iubent
1516 623 1884 691 fortitudinem;

208 704 301 753 sed
348 702 564 752 carmine
601 702 819 767 Orphico
863 717 918 750 se
964 701 1264 762 effectur0S,
1316 708 1371 750 ut
1415 710 1591 768 sponte
1636 708 1786 757 torris
1832 709 1884 759 in

208 783 429 832 cranium
466 781 695 847 Cyclopis
746 779 1040 842 descendat,
1087 781 1407 844 pollicentur,
1443 799 1602 848 neque
1635 795 1882 850 recusant,

206 863 466 927 quominus
492 862 543 910 in
570 861 713 923 Care,
749 866 803 909 ut
828 860 977 921 aiunt,
1011 860 1285 925 periculum
1308 861 1550 911 facientes
1576 866 1883 919 adhortando

205 933 443 1008 Ulyssem
476 942 738 1005 sociosque
786 941 889 989 eius
937 938 1182 988 adiuvent.
1251 940 1422 1005 Itaque
1454 942 1551 990 illis
1586 944 1717 994 intus
1755 962 1882 1013 opus

204 1022 534 1082 facientibus,
580 1021 634 1070 hi
675 1019 800 1068 foris
851 1019 1154 1069 succlamant
1200 1018 1268 1084 *).
1335 1019 1469 1070 Inter
1514 1023 1687 1086 ipsumr
1718 1033 1883 1077 autem

203 1118 331 1168 opus
364 1103 456 1151 hos
490 1101 730 1150 clamores
765 1099 872 1148 tolli
907 1099 1174 1164 putandum
1209 1105 1310 1148 est:
1345 1117 1456 1150 nam
1492 1103 1534 1150 si
1568 1109 1710 1152 antea
1742 1106 1882 1155 audi-

205 1186 379 1231 rentur
390 1218 406 1242 ,
451 1180 722 1228 timendum
759 1184 895 1239 erat,
941 1196 1033 1237 ne,
1082 1180 1362 1243 priusquam
1397 1183 1545 1230 torris
1579 1182 1629 1231 in
1664 1185 1881 1236 cranium

203 1259 563 1317 descendisset,
601 1258 814 1324 Cyclops
851 1274 1067 1308 esomno
1094 1260 1407 1322 excitaretur,
1442 1263 1572 1326 quod
1595 1262 1756 1327 ipsum
1791 1281 1882 1314 ca-

202 1355 322 1390 vens
356 1339 568 1404 Ulysses
602 1338 768 1403 paullo
816 1343 930 1388 ante
974 1344 1141 1388 tacere
1191 1344 1384 1403 satyros
1429 1340 1603 1404 iussit,
1647 1349 1795 1408 atque
1826 1346 1882 1395 hi

199 1424 411 1486 repente
443 1419 566 1468 muti
601 1434 765 1467 aerem
800 1418 1025 1468 faucibus
1071 1418 1420 1484 deglutierunt.
1491 1421 1722 1472 Ceterum
1757 1424 1882 1475 haec

200 1501 265 1550 ad
298 1501 593 1551 movendum
627 1499 965 1548 vehementius
1001 1499 1248 1548 theatrum
1282 1500 1489 1559 institui,
1525 1507 1581 1551 ut
1615 1503 1708 1552 sibi
1743 1506 1881 1568 quis-

201 1597 300 1644 que
329 1584 662 1646 spectatorum
708 1579 951 1628 interesse
995 1579 1248 1629 certamini
1293 1584 1442 1644 atque
1485 1596 1583 1631 una
1617 1584 1880 1648 periclitari

199 1660 444 1721 videatur,
479 1659 677 1723 planum
709 1663 802 1707 est.

334 1739 509 1789 Prodit
542 1738 756 1803 Cyclops
793 1741 1115 1796 excoecatus,
1160 1743 1351 1788 torvum
1387 1741 1601 1790 clamans
1647 1745 1879 1809 turpique

196 1797 458 1886 adspeciu.
503 1820 629 1869 Ante
661 1818 797 1867 fores
830 1817 1094 1882 speluncae
1129 1820 1418 1869 constitutus
1447 1826 1615 1884 captat
1637 1822 1878 1888 hospites,

199 1901 293 1951 sed
327 1900 527 1949 ludente
562 1915 673 1948 eum
707 1899 858 1947 choro
892 1898 961 1946 nil
995 1899 1211 1962 proficit,
1247 1900 1340 1948 nisi
1374 1901 1508 1963 quod
1544 1902 1761 1951 cranium
1794 1919 1877 1953 ru-

199 1981 346 2046 pibus
380 1979 608 2044 impingit
634 1978 879 2042 simulque
903 1978 1109 2038 ridetur,
1145 1996 1174 2027 a
1202 1979 1410 2029 Nemine
1444 1972 1651 2045 (Οὖτις)
1686 1998 1742 2032 se
1773 1983 1878 2034 lae-

199 2076 311 2110 sum
347 2075 459 2110 esse
493 2059 762 2110 affirmans.
830 2058 1038 2123 Ulysses
1074 2063 1253 2120 autem,
1287 2065 1547 2124 postquam
1582 2076 1691 2109 cum
1728 2063 1877 2111 sociis

195 2140 387 2204 effugit,
423 2142 476 2188 et
506 2154 678 2187 verum
712 2153 855 2187 suum
887 2153 1066 2186 nomen
1100 2139 1204 2186 edit
1237 2142 1288 2187 et
1322 2139 1592 2204 Cyclopem
1626 2141 1877 2191 cavillatur

198 2219 384 2269 frustra
419 2218 711 2267 frementem
747 2223 798 2266 et
832 2217 927 2265 sibi
973 2218 1037 2265 de
1071 2217 1586 2284 ultione‘gratulatur,
1634 2225 1736 2269 tum
1771 2222 1876 2271 sine

195 2315 335 2349 mora
384 2314 494 2348 cum
530 2298 708 2360 satyris
757 2312 882 2345 nave
927 2311 1196 2345 conscensa
1241 2297 1291 2345 in
1335 2298 1485 2346 altum
1523 2300 1875 2363 proficiscitur,

200 2379 420 2444 Cyclope
454 2382 506 2426 et
537 2377 709 2439 longos
743 2376 875 2424 illius
910 2392 1103 2425 errores
1148 2376 1464 2440 praedicente
1507 2383 1558 2427 et
1603 2394 1658 2427 se
1700 2395 1875 2429 navem

196 2458 393 2508 revulso
427 2471 545 2506 saxo
580 2455 989 2503 comminuturum
1025 2471 1137 2504 esse
1171 2455 1443 2506 minitante.

331 2535 624 2586 Laocoontis
661 2540 711 2584 et
743 2534 956 2583 filiorum
992 2535 1128 2600 signa
1153 2550 1181 2583 e
1207 2550 1451 2584 marmore
1473 2534 1728 2599 exsculpta
1761 2553 1873 2586 cum

200 2616 398 2684 Virgilii
431 2615 635 2666 eandem
669 2630 776 2663 rem
811 2614 1101 2678 exponentis
1136 2615 1359 2664 versibus
1391 2615 1717 2680 comparando
1750 2615 1873 2665 Les-

197 2697 382 2763 singius
417 2695 730 2759 de'fingendi
763 2694 884 2743 artis
919 2699 973 2743 et
1006 2709 1214 2759 poeseos
1247 2695 1426 2745 finibus
1460 2695 1693 2744 disseruit
1714 2695 1871 2745 utilis-

336 2862 386 2918 *J
453 2875 546 2919 στρ.
575 2851 614 2903 03
643 2855 724 2912 ἰαί,
755 2851 794 2902 ὦ
823 2859 904 2912 ἰώ,

579 2927 634 2973 ld,
665 2929 996 2985 γενναιότατοι,

579 2997 771 3051 ω’θεῖτε,
803 2998 1037 3056 σπεύδετε,

582 3067 775 3116 ἐπαίετ’
806 3066 957 3127 ὀφρῦν
984 3074 1080 3126 θη-

580 3138 659 3200 ρὸς
686 3142 772 3186 τοῦ
801 3141 1055 3195 ξενοδαίτα.

346 3207 550 3270 οἷντιστρ.
580 3207 738 3267 τύφετ’
768 3203 832 3263 ὦ,
861 3207 1004 3255 ’calet’
1031 3204 1069 3254 ὦ

577 3277 661 3327 τὸν
688 3282 855 3333 Αἴτνας
883 3280 1157 3338 μηλονόμον,

576 3349 829 3411 τορνεῦεί,
860 3350 1024 3408 ἕλκετε,

578 3419 684 3479 μηδ’
715 3419 1007 3478 ἐξοδυνηθεὶς

584 3490 730 3550 δράσῃ
759 3509 804 3537 τι
830 3492 1040 3548 μάταιον.

1435 3564 1538 3613 28*
