2176 3874
977 255 1098 314 351

344 406 411 456 Φ.
479 403 546 456 οὐ
578 402 812 456 δυνατόν
825 440 840 464 ,
887 400 1028 467 εἴπερ
1046 396 1242 467 Ἐλλην
1272 398 1353 452 ὢν
1379 399 1668 468 τυγχάνεις,
1712 398 1774 452 τὸ
1807 398 1880 466 μὴ

208 484 540 559 ἀπολωλέναι
571 495 629 536 σε
659 484 786 551 τῇδε
818 487 885 549 τῇ·
916 479 1113 549 ἡμέρᾳ·
1108 483 1166 547 ·).

340 568 453 620 OA.
516 562 653 617 α’λλὰ
683 562 928 616 πέπονθά
959 578 1019 626 γε
1051 559 1142 612 ὑπ’
1180 561 1358 614 αὐτῶν
1389 567 1639 622 τοιαῦτα,
1685 560 1750 626 ἐξ
1796 550 1883 613 ὧν

213 646 502 707 δικαίως
568 642 676 697 σοὶ
740 642 864 708 μὲν
941 641 1143 708 φίλος
1205 660 1228 694 ε
1244 642 1400 710 ἴην,
1475 641 1766 696 ἐκείνων
1833 642 1881 695 δ’

212 726 476 796 ἐχθρός

344 807 408 856 Φ.
472 803 564 857 καὶ
597 804 655 856 τί
689 802 766 871 δὴ
797 803 957 855 τοῦτό
981 799 1140 863 ἐστιν,
1176 802 1206 854 ὃ
1239 819 1278 855 π
1293 801 1406 855 έπο
1420 806 1588 866 νθας
1622 802 1762 856 οὕτω
1797 824 1886 872 χα-

210 887 395 946 λεπόνς
425 886 504 956 **)

339 969 456 1020 ΟΔ.
525 964 744 1032 φυγάδα
775 981 839 1030 με
871 967 1066 1032 ἤλασεν
1099 962 1157 1016 ἐκ
1189 968 1287 1016 τοῦ
1321 968 1551 1029 στρατοῦ
1581 964 1890 1027 Ὀδυσσεύς.

346 1050 411 1100 Φ.
475 1047 525 1099 τί
550 1047 606 1099 δὲ
631 1044 802 1111 ἕδρας,
817 1041 895 1112 ἐφ’
916 1044 1020 1115 ὅτῳ
1042 1045 1238 1111 ταύτης
1262 1049 1356 1114 τῆς
1377 1045 1535 1113 τύχης
1560 1042 1759 1113 ἐ’τυχες;
1775 1047 1892 1115 ***)

353 1130 465 1181 ΟΔ.
534 1122 682 1194 οἶμαί
715 1138 771 1178 σε
815 1124 1011 1179 εἰδέναι
1042 1131 1140 1179 τοῦ
1175 1126 1466 1179 Ναυπλίου
1507 1127 1674 1179 παῖδα
1709 1129 1892 1179 Παλα-

213 1209 403 1278 μήδην·

348 1288 550 1341 Φ.οὐ
581 1286 685 1356 γὰρ
735 1287 802 1357 δὴ
833 1289 941 1341 τῶν
975 1286 1327 1356 ἐπιτυχόντων
1377 1248 1504 1341 οὐδὲ
1535 1288 1720 1356 ὀλίγου
1753 1288 1897 1354 ἄξιος

214 1369 458 1424 συνέπλει
490 1373 611 1422 οὔτε
642 1371 715 1440 τῷ
751 1373 955 1442 στρατῷ
993 1373 1113 1423 οὔτε
1145 1373 1258 1432 τοῖς
1289 1369 1524 1438 ἡγεμόσι.

350 1454 468 1507 ΟΔ.
534 1450 779 1520 τὸνδὴ
820 1457 1151 1505 τοιοῦτον
1205 1452 1431 1519 ἄνδρα
1489 1451 1519 1504 ὁ
1562 1450 1744 1513 κοινὸς
1789 1452 1897 1506 τῶν

206 1526 478 1602 Ἑλλήνων
509 1535 540 1584 λ
551 1550 589 1583 υ
601 1551 639 1598 μ
651 1550 675 1584 ε
689 1531 730 1584 ὼ
746 1551 780 1584 ν
813 1532 1096 1600 διέφθειρε.

351 1618 414 1667 Φ.
482 1614 709 1679 πότερον
743 1612 801 1666 ἐκ
833 1619 932 1666 τοῦ
967 1617 1208 1682 φανεροῦ
1253 1614 1427 1681 μάχῃ
1474 1633 1551 1679 κρ
1567 1614 1815 1682 ατήσας
1860 1612 1896 1681 ἢ

218 1694 375 1763 μετὰ
410 1694 618 1747 δόλου
652 1695 876 1756 τινός;

352 1778 469 1831 ΟΔ.
537 1775 835 1840 προδοσίαν
869 1773 1162 1842 ἐπενεγκὼν
1192 1778 1294 1827 τοῦ
1328 1778 1560 1841 στρατοῦ
1592 1777 1704 1836 τοῖς
1729 1777 1900 1841 Πρια-

217 1856 419 1988 ‘lmag-
489 1929 559 2002 ἦν
604 1934 663 1988 δὲ
706 1938 820 1988 κατ’
855 1935 1111 2003 ἀλήθειαν
1143 1933 1312 1998 οὕτως
1361 1935 1508 2003 ἔχον,
1555 1934 1590 2003 ἢ
1623 1932 1903 1988 ἐπεπόνθει

218 2016 638 2083 κατεψευσμένος
651 2036 666 2076 3

353 2100 469 2151 ΟΔ.
536 2099 670 2159 πῶς
706 2090 757 2149 δ’
794 2095 873 2148 ἂν
907 2094 1182 2157 δικαίως
1214 2093 1422 2162 γένοιτο
1448 2097 1557 2148 τῶν
1580 2095 1671 2148 ὑπ’
1696 2093 1901 2149 ἐκείνου

218 2177 551 2248 γιγνομένων
584 2178 786 2242 ὁτιοῦν,
819 2181 920 2230 τοῦ
953 2177 1180 2245 μηδενὸς
1213 2175 1584 2244 ἄποσχομένου
1618 2179 1725 2230 τῶν
1757 2180 1905 2243 χαλε-

221 2261 512 2321 πωτοίτων,·

356 2342 420 2391 Φ.
490 2331 532 2389 ὦ
565 2338 706 2406 λόγω
739 2355 794 2389 τε
837 2336 926 2390 καὶ
973 2338 1110 2407 ἔργῳ
1155 2339 1555 2405 πανουργότατε
1597 2339 1906 2404 ανθρώπων

222 2420 508 2481 Ὀδυσσεῦ,
559 2412 675 2470 οἶον
709 2413 778 2470 αὖ
812 2423 1008 2470 τοῦτον
1052 2419 1147 2470 τὸν
1180 2418 1352 2485 ἄνδρα
1386 2419 1685 2487 ανῄρηκας
1722 2418 1781 2481 ὃς
1814 2421 1906 2472 οὐ·-

225 2501 378 2562 δενὸς
410 2491 570 2567 ἧττον
616 2497 880 2565 ὠφέλιμος
923 2492 993 2566 ἦν
1025 2502 1138 2560 τοῖς
1170 2498 1486 2567 ξυμμαχοις,
1532 2503 1692 2567 ᾑπερ,
1740 2497 1907 2568 οἶμαι,

224 2581 290 2634 τὰ
333 2581 581 2634 κάλλιστα
629 2579 721 2633 καὶ
766 2579 1049 2646 σοφωτατα
1110 2580 1438 2646 ανευρίσκων
1486 2580 1577 2633 καὶ
1613 2582 1907 2643 συντιθείςς

226 2680 394 2729 ωςπερ
440 2660 614 2728 αμέλει
647 2658 779 2728 καμὲ
813 2658 1077 2727 ἐξέθηκας
1108 2659 1241 2725 ὑπὲρ
1287 2665 1378 2730 τῆς
1422 2666 1607 2731 κοινῆς
1649 2662 1910 2730 σωτηρίας

225 2743 314 2798 καὶ
345 2743 496 2810 νίκης
527 2742 996 2807 περιπεσόντα
1029 2741 1154 2808 τῇδε
1185 2747 1251 2809 τῇ
1289 2741 1632 2811 ξυμφορᾷ,
1667 2744 1907 2796 δεικνύν-

224 2843 291 2878 τα
322 2824 418 2876 τὸν
453 2823 664 2890 Χρύσης
696 2823 910 2890 βωμόν,
959 2814 1026 2875 οὗ
1069 2823 1333 2885 θύσαντες
1377 2826 1660 2894 κρατήσειν
1692 2825 1910 2893 ἔμελλον

291 2969 343 3024 *J
370 2968 548 3010 Valck.=

479 3035 671 3092 ἐπίσχες,
702 3029 740 3079 αἶ
764 3034 881 3093 πρὸς
909 3035 1051 3087 θεαῖν,
1083 3031 1272 3091 ἀφιέναι
1300 3035 1445 3094 βέλος.

481 3103 565 3150 ούκ
592 3102 691 3151 ἔσθ’
719 3102 845 3156 ὅπως
874 3103 929 3149 ου’
959 3107 1174 3165 κατθανῇ
1200 3105 1302 3164 τῇδ’
1322 3105 1494 3169 ἡμέρᾳ,

483 3171 671 3233 (Ἕλλην
708 3172 927 3233 πεφυκὼς
1035 3199 1095 3210 -
1204 3200 1262 3211 —
1373 3177 1468 3232 —).

281 3247 347 3302 **)
375 3247 554 3289 vach:

447 3318 493 3361 τί
521 3316 578 3374 δὴ
611 3316 854 3369 πέπονθας
883 3308 974 3361 ὦδε
1002 3314 1172 3370 δεινόν,
1202 3311 1268 3374 (ὦ
1296 3316 1445 3373 ξένε),·

251 3386 341 3441 ***)
368 3386 529 3431 Valckz

451 3458 497 3501 τί
524 3458 648 3516 δρῶν
676 3457 727 3503 δὲ
754 3459 890 3515 τῆςδε
918 3459 1000 3515 τῆς
1026 3455 1169 3514 τύχης
1197 3455 1466 3516 geduan-es,-
