2144 3854
948 253 1038 335 ‚97

137 405 251 457 Non
284 404 500 456 dedecet
534 405 733 469 poetam
764 399 1123 461 inconstantia,
1173 417 1268 466 qua
1298 417 1365 452 ne
1410 402 1592 452 summi
1634 403 1839 470 quidem

138 484 431 553 philosophi
478 498 684 533 vacasse
716 479 971 543 videntur,
1017 497 1166 546 quum
1201 482 1353 532 iidem
1385 483 1535 534 modo
1567 486 1723 536 menti
1762 486 1840 536 di-

136 567 305 618 vinum
346 565 628 616 tribuerent
670 561 998 628 principatum
1046 561 1196 610 modo
1244 563 1386 612 coelo
1419 565 1497 614 vel
1531 567 1725 617 aetheri
1757 567 1840 618 vel

138 648 268 698 coeli
315 646 511 696 cuidam
564 641 756 704 ardori,
806 640 958 690 modo
1003 641 1144 690 fatali
1188 658 1355 692 rerum
1404 647 1692 698 necessitati
1733 649 1839 699 sive

137 727 470 793 sempiternae
503 738 674 772 rerum
708 722 988 771 suturarum
1020 722 1232 782 veritati,
1267 723 1416 773 modo
1441 724 1540 790 legi
1564 732 1840 793 perpetuae

137 813 287 872 atque
319 813 567 862 aeternae,
603 818 727 866 quae
762 802 904 866 quasi
939 802 1038 852 dux
1065 803 1196 851 vitae
1221 808 1271 852 et
1292 804 1530 870 magistra
1554 807 1837 860 officiorum

138 892 306 948 esset,
354 900 632 950 quumque,
684 882 849 931 Iovem
886 882 990 932 sive
1025 882 1229 932 aethera
1263 883 1410 933 deum
1448 902 1562 935 esse
1596 888 1838 954 dicentes,

136 969 350 1017 eundem
383 970 436 1015 et
468 963 786 1029 Neptunum,
822 967 873 1012 et
906 961 1110 1013 Vestam
1150 964 1253 1013 sive
1287 968 1474 1015 terram
1494 1003 1508 1027 ‚
1546 974 1599 1017 et
1632 967 1838 1032 Orcum,

136 1055 190 1098 et
219 1047 426 1097 fatalem
459 1043 837 1104 necessitatem,
885 1048 935 1093 et
981 1044 1160 1093 mentis
1192 1044 1409 1094 infinitae
1442 1047 1539 1096 vim
1574 1050 1839 1102 rationem-

136 1143 234 1193 que
278 1126 588 1194 appellarent
614 1121 685 1187 *).
765 1123 868 1174 Sed
915 1140 1007 1189 ego
1054 1125 1200 1174 istam
1247 1126 1626 1179 inconstantiam
1673 1132 1838 1182 minus

135 1209 453 1274 exipsorum,
489 1220 612 1270 quos
637 1205 906 1270 arguimuS,
941 1205 1351 1269 dubitationibus,
1385 1223 1532 1272 quam
1555 1226 1618 1260 ex
1642 1228 1837 1277 eorum,

134 1289 221 1353 qui
253 1289 412 1337 minus
447 1302 649 1336 sensum
683 1287 949 1336 verborum
983 1287 1327 1351 perciperent,
1375 1290 1629 1340 erroribus
1674 1298 1837 1345 natam

135 1384 251 1419 esse
295 1368 522 1418 arbitror.
594 1365 837 1417 Videntur
885 1367 1016 1417 enim
1068 1383 1240 1417 omnes
1287 1367 1361 1416 illi
1406 1370 1694 1438 philosophi
1738 1376 1837 1426 vim

134 1448 407 1514 quandam,
441 1465 539 1514 qua
573 1448 739 1498 omnia
794 1453 1119 1513 regerentur,
1166 1465 1263 1498 non
1297 1455 1577 1515 separatam
1612 1470 1640 1502 a
1684 1455 1836 1506 rebus

135 1529 546 1595 corporibusque,
582 1530 673 1578 sed
705 1529 756 1578 in
791 1535 964 1578 natura
996 1529 1105 1593 ipsa
1140 1529 1286 1577 sitam
1320 1535 1374 1578 et
1406 1548 1499 1596 per
1532 1535 1695 1583 omnia
1729 1552 1838 1585 ma·-

134 1615 353 1670 nantem‚
384 1610 533 1659 variis
568 1609 851 1658 nominibus
894 1609 1216 1671 significasse.
1285 1609 1510 1672 Quorum
1545 1614 1596 1663 in
1629 1631 1839 1668 numero

134 1689 428 1754 Euripidem
463 1694 671 1755 propter
705 1689 914 1739 eandem
942 1680 1297 1739 inconstantiae
1327 1692 1664 1757 suspicionem
1690 1714 1836 1762 pono.

134 1769 261 1820 Nam
317 1771 610 1834 saepissime
658 1770 856 1834 quidem
903 1769 1136 1830 aethera,
1199 1770 1421 1835 undique
1477 1774 1837 1829 circumfusum

137 1849 400 1914 omniaque
427 1850 710 1916 cingentem
733 1855 880 1914 atque
903 1850 1311 1915 circumplexum,
1344 1851 1510 1903 Iovem
1540 1871 1655 1908 esse
1678 1858 1835 1910 dixit:

267 1927 399 1996 ὁρᾷς
428 1929 526 1981 τὸν
558 1927 708 1990 ὑψοῦ
740 1929 885 1981 τόνδ’
920 1930 1142 1995 ἄπειρον
1176 1928 1387 1995 αἰθέρα,

263 2007 357 2062 καὶ
390 2011 495 2077 γῆν
528 2008 676 2076 πέριξ
709 2008 875 2077 ἔχοντ’
909 2009 1097 2077 ὑγραῖς
1132 2009 1191 2062 ἐν
1223 2011 1504 2078 α’γκοὲλαιςς

262 2094 461 2144 τοῦτον
493 2091 673 2158 νόμιζε
710 2094 878 2161 Ζῆνα,
913 2091 1058 2144 τόνδ’
1093 2091 1232 2160 ἡγοῦ
1266 2093 1418 2149 θεόν.

264 2251 482 2322 κορυφὴ
518 2252 575 2306 δὲ
609 2255 754 2307 θεῶν
787 2252 818 2307 ὁ
851 2252 971 2321 περὶ
1002 2254 1157 2322 χθόν’
1191 2251 1328 2324 ἔχων

265 2335 501 2402 φαεννὸς
536 2335 720 2405 αἰθήρ.

44 2472 47 2473 γ
132 2415 236 2467 Sed
270 2418 367 2468 alio
399 2419 513 2469 loco
545 2436 643 2469 non
672 2418 930 2469 aetherem
950 2419 1117 2486 ipsum
1147 2419 1331 2484 Iovem,
1367 2421 1457 2472 sed
1479 2422 1836 2476 habitationem

132 2497 259 2547 Iovis
293 2514 410 2548 esse
442 2498 741 2548 declaravit:

265 2578 466 2644 ὄμνυμι
500 2576 549 2629 δ’
587 2575 730 2642 ἱερὸν
765 2574 958 2643 αἰθέρ’,
995 2577 1278 2645 οἴκησιν
1312 2581 1502 2645 Διός,

132 2657 267 2710 unde
299 2665 519 2709 mentem
552 2660 708 2709 totius
742 2665 945 2709 naturae
979 2665 1129 2723 atque
1150 2662 1366 2710 animum
1391 2662 1608 2712 aetheris
1635 2665 1836 2714 nomine

129 2739 433 2807 appellatum
469 2755 582 2790 esse
617 2745 837 2805 apparet.
906 2739 1135 2789 Eundem
1169 2741 1347 2793 Haden
1381 2743 1487 2794 sive
1521 2742 1709 2793 Orcmn
1744 2761 1834 2810 ap-

131 2821 311 2888 pellari
343 2836 496 2887 posse
528 2821 577 2869 in
612 2819 936 2869 Cretensibus
972 2819 1216 2892 ostendit:

268 2897 356 2952 σοὶ
387 2905 462 2966 τῷ
494 2899 714 2952 πάντων
748 2897 994 2967 μεδέοντι
1026 2897 1195 2966 χλόην

262 2980 494 3034 πέλανόν
527 2998 583 3033 τε
617 2980 784 3048 φέρω,
822 2974 959 3042 Ζεὺς
994 2979 1083 3031 εἴτ’
1126 2974 1300 3048 Ἀΐδης

263 3061 659 3130 ὀνομαζόμενος
690 3061 922 3130 στέργεις
957 3090 1020 3098 -

264 3137 335 3196 σὺ
366 3142 471 3212 γὰρ
507 3141 566 3197 ἔν
598 3162 653 3197 τε
687 3147 838 3206 θεοῖς
870 3145 982 3204 τοῖς
1016 3139 1324 3204 οὐρανίδαις

265 3228 538 3294 σκῆπτρον
571 3225 632 3278 τὸ
667 3223 802 3287 Διὸς
835 3221 1204 3291 μεταχειρίζων

264 3306 504 3374 χθονίων
534 3309 591 3360 θ’
626 3303 781 3376 ’Ἅιδῃ
814 3303 1037 3375 μετέχεις
1069 3302 1250 3374 ἀρχῆς.

193 3477 240 3530 ³⁵)
269 3476 338 3522 cf.
368 3478 460 3522 Cic.
491 3477 546 3522 N.
575 3477 629 3521 D.
658 3474 695 3530 1,
719 3474 789 3531 13,
816 3473 887 3518 15.
