2176 3874
1141 298 1265 356 418

373 453 631 505 caruerunt
662 447 832 497 fructu
851 444 1108 509 Hippolyti
1139 443 1370 504 virtutes3
1403 459 1515 493 nam
1549 446 1602 492 et
1620 442 1762 493 vivus
1794 457 1878 492 me
1909 443 2045 493 socia

371 539 518 596 atque
550 527 758 577 fautrice
791 525 984 589 gavisus
1019 527 1113 585 est,
1146 529 1199 573 et
1230 529 1454 573 mortuus
1489 523 1744 588 perpetuis
1776 522 2045 573 honoribus

370 613 576 661 fruetur.
645 606 745 654 Sed
787 605 1039 654 interitum
1089 620 1260 653 arcere
1306 604 1440 652 nulla
1475 603 1699 666 cuiquam
1747 602 2047 667 praestantia

371 693 561 755 potest:
597 687 712 750 quin
746 685 894 733 etiam
927 684 1231 748 gravioribus
1267 683 1522 748 expositus
1558 687 1635 731 est
1668 682 2045 747 calamitatibus,

372 785 468 834 quo
493 768 601 831 quis
619 765 777 830 magis
801 764 1064 813 virtutibus
1096 764 1311 822 excellit,
1335 761 1743 827 quemadmodum
1770 761 2046 811 celsissima

372 863 595 913 quaeque
627 845 912 910 gravissima
944 843 1086 892 ruina
1118 849 1416 892 sternuntur.
1488 841 1661 906 Neque
1684 842 1816 891 enim
1839 841 1938 890 ulla
1961 857 2046 890 na-

372 935 484 978 tu'ra
516 924 738 976 mortalis
772 922 996 972 omnibus
1032 922 1250 971 numeris
1285 922 1508 970 absoluta
1543 927 1635 982 est,
1671 923 1760 971 sed
1783 922 2047 971 virtutibus

372 1007 576 1056 finitima
611 1008 723 1052 sunt
753 1002 884 1062 vitia,
920 1018 1043 1065 quae
1076 1002 1127 1049 in
1161 1002 1444 1050 celsissimis
1469 1003 1745 1066 quibusque
1768 1001 2048 1051 hominibus

373 1087 583 1136 maxime
628 1087 739 1132 sunt
775 1082 1071 1144 conspicua,
1118 1085 1167 1129 et
1211 1086 1349 1130 tanto
1395 1081 1669 1142 odiosiora,
1717 1096 1814 1146 quo
1861 1081 2049 1132 maiore

375 1166 582 1231 quisque
617 1161 888 1212 constantia
935 1165 1082 1224 atque
1131 1161 1397 1225 pertinacia
1446 1160 1663 1209 studium
1699 1176 1841 1210 suum
1875 1175 2049 1226 persee-

376 1244 559 1309 quitur,
591 1246 824 1303 tantoque
858 1239 1003 1287 citius
1040 1239 1212 1288 eadem
1248 1239 1308 1287 ad
1351 1240 1618 1305 perniciem
1652 1241 1917 1291 adducunt.

507 1322 663 1383 Quam
709 1318 975 1383 Euripides
1022 1319 1255 1368 indicavit
1299 1319 1504 1368 deorum
1549 1320 1739 1385 legem,
1787 1335 2049 1384 quamque,

375 1404 506 1452 hunc
539 1404 756 1458 secutuS,
790 1398 939 1447 etiam
965 1397 1171 1447 Ovidius
1202 1400 1612 1457 commemoravit,
1646 1415 1742 1464 qua
1771 1400 1928 1449 licere
1961 1414 2051 1448 ne·-

375 1486 490 1545 gant
524 1479 746 1541 cuiquam
782 1478 878 1526 deo
912 1478 1036 1527 alius
1073 1478 1154 1527 dei
1185 1478 1315 1526 faeta
1348 1478 1485 1527 irrita
1517 1477 1687 1527 facere
1725 1480 1829 1528 sive
1861 1478 2050 1528 resciu-

377 1561 525 1621 dere,
573 1574 679 1607 eam
728 1573 824 1606 non
858 1558 1224 1607 accuratissime
1270 1574 1381 1607 cum
1427 1558 1802 1608 Homericorum
1847 1558 2052 1608 deorum

378 1636 729 1690 consuetudine
754 1639 1014 1687 convenire
1045 1637 1171 1686 falso
1197 1642 1340 1701 putat
1355 1636 1725 1688 Valckenarius.
1791 1636 2054 1700 Nunquam

377 1720 449 1768 illi
482 1718 574 1768 nisi
606 1717 685 1766 vel
730 1718 927 1767 iubente
968 1717 1047 1767 vel
1095 1718 1418 1784 permittente
1450 1717 1563 1767 Iove
1609 1732 1781 1768 manus
1823 1717 1954 1767 inter
1996 1732 2053 1766 se

381 1803 676 1856 conserunt,
724 1813 886 1860 neque
918 1813 1130 1860 unquam
1165 1798 1398 1863 singulari
1431 1791 1700 1847 certamine
1733 1796 1799 1845 de
1830 1813 1927 1846 uno
1959 1797 2055 1846 ho-

379 1878 512 1927 mine
546 1877 874 1926 contendunt:
921 1877 1174 1942 indignum
1211 1878 1340 1926 enim
1393 1883 1529 1927 esset
1573 1893 1664 1943 pro
1709 1892 1806 1927 uno
1840 1877 1945 1926 viro
1977 1876 2053 1927 bi-

380 1973 470 2006 nos
505 1959 625 2006 deos
658 1957 856 2004 vulnera
886 1957 981 2004 sibi
1006 1957 1207 2008 inferre.
1276 1959 1349 2007 Ac
1383 1973 1447 2006 ne
1470 1958 1520 2006 in
1542 1957 1833 2021 populorum
1854 1956 2056 2020 quidem

380 2036 582 2101 proeliis
616 2042 804 2084 temere
836 2051 1009 2085 manus
1036 2042 1315 2098 conserunt,
1351 2037 1441 2084 sed
1465 2051 1756 2085 concursum
1778 2036 2057 2085 verecunde

380 2116 552 2163 vitant.
619 2114 825 2177 Proprio
868 2120 1030 2163 autem
1078 2115 1191 2164 odio
1238 2121 1290 2164 et
1320 2116 1509 2180 privata
1553 2116 1626 2164 ira
1660 2114 1895 2164 concitati
1923 2115 2056 2164 inter

384 2209 441 2242 se
473 2193 812 2241 conflictantur
845 2193 893 2240 in
927 2193 1092 2258 rhaps.
1127 2193 1258 2246 xxi.
1296 2209 1340 2242 v.
1377 2197 1520 2256 385.‚
1563 2210 1661 2258 qua
1696 2209 1758 2243 ex
1789 2210 1846 2244 re
1879 2195 2055 2244 miram

383 2272 681 2337 voluptatem
716 2273 848 2336 capit
879 2273 1110 2337 luppiter.

515 2351 821 2415 Apportatur
855 2350 1033 2400 deinde
1066 2353 1369 2416 Hippolytus
1405 2353 1528 2403 eliso
1548 2391 1562 2414 ‚
1610 2353 1791 2402 laniato
1826 2357 2055 2402 cruento-

387 2446 483 2494 que
517 2445 754 2494 corpore,
787 2429 938 2478 foedo
972 2432 1241 2494 adspectu,
1277 2449 1389 2481 cum
1422 2433 1577 2481 flebili
1610 2433 1842 2484 clamore.
1909 2431 2058 2481 Hune

386 2509 538 2557 Diana
573 2508 853 2556 consolatur
887 2524 1011 2558 neve
1043 2511 1172 2574 patri
1206 2511 1448 2561 irascatur
1481 2518 1674 2572 monet3
1709 2512 1882 2561 eadem
1916 2528 1972 2561 se
2005 2514 2059 2560 et

386 2587 621 2636 ultionem
656 2585 866 2645 Veneris
900 2595 1241 2654 suscepturam
1273 2607 1384 2640 esse
1428 2592 1722 2655 pollicetur,
1766 2596 1818 2640 et
1850 2590 2057 2640 effectu-

388 2683 511 2727 ram,
546 2671 600 2715 ut
631 2668 886 2731 perpetuis
912 2670 1180 2719 honoribus
1211 2670 1513 2735 Hippolytus
1543 2686 1572 2718 a
1606 2670 1876 2735 virginibus
1914 2670 2057 2720 innu-

387 2747 484 2811 ptis
515 2745 701 2794 colatur
727 2743 792 2809 *).
838 2746 1100 2812 Postquam
1127 2749 1219 2798 dea
1246 2749 1492 2809 discessit,
1519 2750 1652 2798 filius
1678 2753 1867 2813 patrem
1891 2749 2056 2798 caedis

389 2825 533 2890 culpa
566 2825 738 2874 liberat
770 2827 1063 2891 interposito
1095 2829 1390 2889 iuramento,
1423 2829 1684 2891 statimque
1715 2829 1812 2877 hoc
1842 2827 1976 2876 facto
2007 2829 2058 2877 in

388 2903 535 2953 huius
570 2904 872 2967 amplexibus
906 2907 1114 2957 animam
1147 2907 1283 2956 efflat
1325 2913 1377 2957 et
1424 2908 1484 2957 ab
1521 2908 1694 2956 eodem
1731 2907 2056 2971 componitur.

518 2982 669 3031 Plane
704 2984 960 3047 singularis
995 3002 1052 3035 ac
1098 3003 1256 3052 paene
1298 2987 1512 3037 inaudita
1554 2986 1744 3049 graecis
1770 2985 2057 3039 hominibus

391 3066 470 3109 est
503 3062 647 3110 animi
680 3062 855 3111 lenitas
874 3099 889 3123 ,
937 3066 1158 3128 aequitas
1192 3072 1245 3116 et
1274 3066 1578 3127 moderatio,
1613 3081 1708 3128 qua
1738 3064 1948 3128 ignoscit
1978 3065 2057 3125 iis,

392 3156 420 3188 a
444 3140 620 3203 quibus
645 3141 820 3190 iniuria
861 3145 1254 3209 contumeliaque
1278 3146 1484 3195 affectus
1510 3151 1563 3194 et
1583 3144 1727 3192 morti
1753 3144 2058 3194 miserrimae

392 3219 615 3287 objectus
650 3224 739 3270 est.
806 3221 922 3271 Solo
956 3224 1303 3290 philosophiae
1349 3225 1514 3274 studio
1560 3239 1667 3272 eam
1700 3223 1849 3271 animi
1886 3223 2057 3272 altitu-

450 3400 503 3456 >lg)
534 3401 602 3444 Cf.
632 3401 804 3444 Welck.
835 3416 879 3456 p.
909 3400 1024 3457 745„
1053 3405 1127 3459 qui
1155 3406 1276 3448 hunc
1294 3377 1509 3448 honorem
1531 3417 1634 3446 cum
1662 3415 1838 3459 corona,
1869 3415 1956 3458 qua
1983 3415 2057 3444 or-

532 3475 661 3515 natus
688 3470 960 3529 Hippolytus
986 3474 1132 3529 primo
1159 3476 1203 3519 in
1231 3489 1409 3520 scenam
1437 3473 1612 3531 prodiit,
1641 3476 1763 3518 recte
1792 3471 2027 3528 componit·
