2144 3854
1004 344 1006 346 .
1096 291 1216 348 174

318 445 508 512 σχῆμα.
577 443 829 492 converso
862 438 1040 488 sideris
1074 454 1249 502 cursu,
1293 439 1600 503 pereundum
1630 439 1825 489 fuisset.
1842 457 1999 507 popu-

315 528 398 587 lis,
429 525 540 586 nisi,
571 520 864 585 tempestive
895 519 1085 582 moniti,
1120 535 1442 583 quaecunque
1475 519 1814 568 institutorum
1836 522 2002 584 publi-

321 620 493 655 corum
526 603 924 667 privatorumque
961 615 1023 648 ex
1064 599 1284 649 siderum
1316 604 1452 649 motu
1501 598 1786 664 pendebant
1814 605 2003 650 mutato

317 688 519 739 naturae
565 680 717 730 statui
762 681 1218 730 accommodassent
1243 679 1312 737 *).
1406 678 1562 728 Simul
1622 679 1804 744 igitur..
1821 681 2005 730 servati

317 768 432 814 sunt
462 760 707 813 beneficio
739 760 888 810 huius
920 761 1208 810 inventionis
1243 758 1438 824 populi,
1489 760 1734 824 simulque
1774 759 2005 826 prodigio

320 843 506 904 edocti,
535 841 653 890 vitio
665 846 812 906 atque
825 841 987 890 invitis
1002 842 1170 890 avibus
1185 840 1399 904 Thyesti
1423 855 1629 905 regnum
1645 839 1862 890 delatum
1873 855 2006 901 esse,

317 928 373 973 ut
405 923 489 987 qui
521 921 659 988 prius
693 925 943 971 ostentum
974 921 1023 970 in
1058 936 1196 970 suam
1229 920 1425 969 domum
1462 936 1552 985 per
1585 919 1812 970 fraudem
1844 924 2006 970 trans-

317 1004 532 1054 tulisset.
601 1000 728 1050 Cnm
761 1001 839 1050 his
871 1001 1056 1050 faciunt
1089 1000 1384 1050 scholiastae
1410 1001 1583 1050 verba:
1619 997 1887 1063 ἀπέδειξεν
1910 998 2006 1050 αὐ-

318 1075 448 1144 τοὺς
480 1080 926 1146 ἀσεβοῦντας,
961 1078 1006 1131 εἰ
1045 1077 1282 1143 Θυέστην
1314 1078 1530 1146 βασιλέα
1565 1079 1788 1133 ἕλωνται
1817 1081 1926 1133 κτλ.

449 1162 601 1212 Prius·
627 1162 778 1226 igitur
809 1177 963 1226 regno
1008 1162 1189 1212 Atreus
1236 1163 1347 1228 ipse
1397 1162 1636 1227 spoliatus
1681 1163 1811 1224 suit,
1859 1177 2007 1227 quam

316 1247 612 1310 recuperato
646 1242 853 1307 imperio
885 1242 1093 1291 fratrem
1127 1246 1180 1290 et
1211 1257 1364 1307 regno
1412 1248 1463 1292 et
1509 1244 1666 1309 patria
1717 1242 2009 1309 expelleret.

316 1325 431 1375 Hoc
463 1329 630 1374 autem
664 1322 837 1372 exsule
869 1327 1016 1386 atque
1048 1338 1222 1389 egeno,
1257 1323 1457 1382 Atreus,
1488 1329 1546 1372 ut
1573 1328 1687 1373 sunt
1713 1323 1911 1388 tyranni
1940 1321 2007 1372 ti-

318 1405 442 1456 midi
474 1419 533 1453 ac
568 1401 862 1468 suspiciosi,
894 1401 1133 1451 delatoris
1167 1402 1438 1467 cuiuspiam
1472 1403 1886 1454 criminationibus
1920 1418 2008 1452 au-

318 1501 402 1536 res
433 1482 665 1550 praebuit
696 1483 1049 1532 insusurrantis
1083 1482 1342 1547 Thyesten
1384 1498 1537 1547 regno
1570 1483 1800 1548 vitaeque
1847 1482 2007 1549 ipsius

318 1566 482 1615 denuo
530 1560 750 1611 insidiari
793 1567 846 1611 et
889 1561 1199 1610 clandestina
1233 1561 1436 1611 consilia
1470 1563 1782 1627 cum-regina·
1807 1577 1901 1628 ρει·
1931 1564 2008 1613 in-

317 1643 596 1696 ternuntios
631 1640 875 1692 conferre.
941 1639 1072 1690 Tum
1104 1656 1221 1691 vero
1254 1641 1579 1692 vehementer
1610 1643 1796 1692 exarsit
1827 1641 1902 1692 ira
1929 1652 2008 1708 ty-

315 1724 481 1776 ranni:

451 1803 742 1867 „Iterum
773 1801 1088 1869 Thyestes
1115 1802 1393 1852 Atreum
1419 1809 1875 1854 attrectatum
1905 1801 2010 1852 ad-

1175 1882 1387 1942 venia

453 1964 716 2015 Iterum
748 1963 874 2013 iam
908 1961 1318 2028 adgreditur
1349 1980 1447 2011 me
1479 1968 1545 2012 et
1578 1965 1882 2032 quietum
1905 1978 2010 2013 ea·-

1162 2043 1353 2092 susci
1361 2047 1498 2091 tat.-

459 2124 684 2175 Mat'or
727 2123 897 2172 milti
941 2123 1179 2183 moles,
1222 2123 1435 2171 maias
1467 2122 1874 2174 miscendam
1908 2130 2011 2175 est

1158 2203 1413 2265 malam,

458 2285 581 2349 Qui
615 2284 817 2333 illius
853 2283 1162 2333 acerbum
1202 2300 1310 2333 cor
1335 2283 1733 2333 contundam
1767 2290 1829 2333 et
1854 2301 2011 2335 eom-

1148 2364 1464 2430 primam''
1491 2362 1593 2430 **).

323 2447 476 2512 Quasi
506 2445 660 2511 igitur
691 2443 887 2508 ignarus
923 2449 1065 2493 esset-
1093 2443 1281 2493 fraudis
1297 2482 1312 2505 ,
1357 2459 1502 2508 quam
1540 2444 1696 2494 frater
1725 2461 1906 2510 parare
1935 2445 2014 2495 di-

323 2530 543 2587 cebatur,
577 2525 771 2573 nuntios
805 2523 867 2572 ad
901 2541 1013 2573 eum
1047 2525 1246 2573 mittere
1281 2525 1551 2585 constituit,
1587 2525 1671 2588 qui
1705 2526 1768 2574 ad
1795 2525 2013 2575 reditum

322 2610 374 2658 in
408 2606 620 2673 patriam
646 2604 857 2669 benigne
883 2604 1163 2655 invitarent.
1232 2604 1298 2653 Et
1321 2605 1672 2670 poenitentiam
1696 2605 1895 2654 simulat
1917 2605 2013 2655 ini-

325 2686 545 2751 quitatis,
582 2703 678 2751 qua
708 2685 912 2734 fratrem
947 2700 1099 2748 regno
1130 2685 1387 2750 patriaque
1419 2686 1701 2750 privaverit,
1733 2691 1787 2736 et
1808 2702 2012 2750 regnum

326 2766 488 2817 exsuli
522 2767 653 2816 ultro
686 2782 743 2815 se
776 2765 1118 2813 restituturum
1147 2762 1260 2813 es'se
1283 2765 1562 2829 pollicetur.
1627 2765 1769 2814 Haec
1784 2766 1933 2829 fingit
1951 2780 2012 2814 eo

326 2847 552 2909 consilio,
586 2853 667 2909 ut,
702 2846 785 2895 ubi
817 2846 866 2894 in
899 2845 1068 2910 plagas
1101 2845 1356 2893 devenerit
1386 2845 1577 2906 frater,
1612 2861 1708 2894 una
1741 2860 1852 2893 cum
1887 2845 2011 2894 libe-

325 2928 398 2976 ris
432 2927 711 2976 miserrime
753 2925 1057 2991 pessumdet.
1125 2923 1198 2974 De
1241 2925 1318 2975 his
1366 2925 1514 2973 rebus
1556 2924 1885 2975 conferendus
1919 2924 2011 2982 Se-

328 3023 469 3069 neca,
502 3007 588 3070 qui
617 3007 754 3055 illam
789 3006 928 3055 Atrei
963 3006 1238 3055 orationem
1270 3005 1486 3053 imitatus
1522 3010 1625 3053 est:

855 3085 1079 3151 „Regna
1112 3102 1248 3135 nunc
1278 3091 1454 3151 sperat
1487 3101 1637 3133 mea.-

459 3164 583 3214 Hac
614 3181 706 3230 spe
738 3166 963 3214 minanti
980 3167 1190 3229 fulmen
1224 3171 1455 3215 occurret
1490 3165 1619 3227 Iovi,

398 3292 444 3346 ²⁸)
474 3292 602 3334 Conf.
631 3292 785 3346 Eurip.
816 3293 982 3334 Electr.
1012 3291 1270 3334 731—736.

383 3362 452 3416 ’Ἴ
480 3362 588 3404 Attii
615 3362 785 3419 fragm.
812 3362 881 3403 13.
941 3362 1010 3404 Cf.
1039 3363 1131 3404 Cic.
1163 3362 1214 3404 N.
1243 3362 1297 3402 D,
1316 3361 1396 3411 ΙΙΙ,
1425 3359 1502 3403 26:
1533 3360 1683 3416 „Quid
1711 3360 1786 3403 ille
1815 3360 2012 3404 funestas

469 3435 626 3486 epulas
664 3433 794 3475 fratri
833 3431 1132 3488 comparans?
1159 3446 1300 3474 nonne
1329 3437 1480 3475 versat
1509 3433 1596 3474 huc
1627 3435 1670 3474 et
1697 3432 1807 3474 illuc
1838 3432 2010 3488 cogita-

468 3502 587 3546 tione
616 3502 874 3546 rationem?
931 3505 1076 3546 Maior
1105 3503 1220 3546 etc.''
