2144 3854
1092 282 1175 342 52

286 447 366 491 tur
399 454 512 488 esse
544 433 774 485 Phaedra
805 431 1097 498 putabatur,
1146 446 1309 496 neque
1358 436 1497 491 erat,
1547 432 1679 496 quod
1714 435 1978 500 repudiata

285 525 497 571 mortem
531 517 625 566 sibi
659 513 1006 562 conscisceret.
1073 513 1376 578 Hippolytus
1411 517 1578 562 autem
1611 529 1711 563 non
1745 517 1979 580 agrestis,

285 605 512 648 austerus
563 594 997 657 truculentusque,
1053 595 1142 642 sed
1188 591 1411 653 κωτίλος
1455 592 1624 659 ἀνήρ,
1673 592 1978 662 γύνανδρος

283 675 373 730 καὶ
417 674 587 741 λέγειν
629 672 870 741 ἠσκηκὼς
917 673 1210 738 appellatur.
1290 673 1426 722 Idem
1475 689 1569 723 non
1622 675 1759 724 solus
1826 693 1977 726 curru

282 759 488 816 vehens,
526 757 616 807 sed
648 756 697 804 in
733 770 963 804 curruum
998 756 1269 803 certamine
1313 755 1520 819 peribat.
1590 755 1736 820 Apud
1772 756 1973 819 Euripi-

283 841 399 889 dem
434 838 659 887 Phaedra
691 852 745 884 se
780 830 945 883 stat‘im
965 872 978 895 ,
1013 840 1275 897 postquam
1311 836 1371 883 ab
1405 835 1682 899 Hippolyto
1716 837 1974 901 repudiata

283 924 381 979 est,
415 918 676 984 impatiens
711 915 926 973 doloris,
964 913 1239 973 interfecit3
1287 916 1419 979 apud
1454 914 1754 978 Sophoclem
1789 917 1840 966 in
1875 918 1975 966 fine

280 1002 482 1051 demum
517 997 768 1055 dramatis,
807 995 1001 1058 cognito
1037 993 1301 1058 Hippolyti
1334 996 1535 1044 interitu
1569 995 1848 1061 fraudeque
1885 998 1973 1047 de-

282 1085 432 1139 tecta,
464 1078 611 1127 vitam
647 1076 822 1139 laqueo
858 1074 1071 1138 abrupit.

413 1159 628 1208 Tantum
664 1155 840 1216 abfuit,
874 1161 930 1202 ut
963 1156 1098 1217 prior
1131 1154 1433 1219 Hippolytus
1469 1156 1748 1220 posteriore
1770 1156 1974 1206 tollere-

282 1246 386 1301 tur,
435 1244 492 1289 ut
533 1253 595 1287 ne
642 1237 995 1284 obscuraretur
1030 1235 1228 1298 quidem
1275 1251 1592 1300 magnopere.
1661 1235 1975 1286 Testimonio

281 1328 401 1372 suut
433 1319 653 1368 Senecae
706 1315 964 1378 Ovidiique
998 1314 1294 1364 imitationes
1331 1322 1380 1364 et
1414 1317 1712 1382 scriptorum
1734 1317 1974 1382 frequen-

280 1401 506 1450 tissimae
541 1395 1054 1454 commemorationes,
1091 1395 1226 1443 velut
1260 1395 1513 1461 Propertii
1548 1397 1579 1445 l.
1617 1397 1668 1458 l.,
1707 1397 1777 1446 M.
1811 1398 1971 1447 Anto-

280 1481 385 1529 nini
419 1480 483 1536 X,
517 1480 630 1533 21„
668 1475 922 1524 Plutarchi
956 1475 1078 1522 locis
1113 1475 1355 1539 pluribus,
1391 1477 1632 1526 Athenaei
1667 1476 1750 1529 Vl.
1785 1495 1832 1543 p.
1854 1482 1971 1531 270.

282 1561 339 1610 C.
364 1558 489 1610 Xlll.
509 1575 558 1623 p.
582 1558 695 1607 561.
730 1556 809 1616 A.,
847 1555 1118 1603 Clementis
1154 1556 1297 1605 Alex.
1335 1556 1534 1619 (fragm.
1571 1560 1619 1605 7.
1649 1559 1728 1606 12.
1756 1565 1809 1607 et
1843 1557 1971 1623 18.),

278 1639 492 1698 Libanii,
519 1635 786 1685 Themistii
812 1633 902 1694 (cf.
934 1633 1360 1699 Matth.p.40·11.),
1390 1635 1562 1683 lustini
1591 1636 1740 1685 Mart.
1769 1639 1971 1704 (fragm.

282 1722 387 1778 14.)
435 1734 548 1767 cum
591 1715 954 1781 grammaticis,
992 1714 1273 1763 scholiastis
1322 1721 1374 1764 et
1420 1715 1798 1783 lexicographis.
1867 1719 1970 1769 Re-

280 1802 550 1866 spexeruut
581 1797 643 1845 ad
678 1797 811 1843 idem
849 1794 1016 1842 drama
1051 1795 1249 1859 saepius
1283 1796 1475 1855 comici,
1509 1797 1648 1845 velut
1676 1798 1969 1865 Aristopha-

279 1895 371 1928 nes
403 1878 527 1927 Rau.
564 1878 708 1923 1043.
746 1877 875 1923 1052
909 1891 1046 1938 seqq.
1082 1873 1286 1923 Thesm.
1323 1877 1434 1924 547.
1474 1875 1562 1939 Eq.
1598 1879 1774 1941 1290„
1830 1880 1969 1930 Anti-

281 1960 470 2025 phanes
505 1973 584 2021 ap.
620 1955 799 2004 Athen.
834 1955 868 2002 1.
907 1972 954 2018 p.
990 1958 1069 2005 28.
1104 1955 1188 2004 F.:

415 2035 474 2088 ἐν
506 2038 788 2102 πλησμονῇ
823 2034 924 2101 γὰρ
962 2033 1201 2099 Κύπρις,
1238 2031 1296 2084 ἐν
1330 2031 1389 2084 δὲ
1421 2037 1533 2094 τοῖς
1565 2026 1740 2096 κακῶς

415 2116 749 2183 πράσσουσιν
782 2116 883 2168 οὐκ
915 2111 1116 2167 ἔνεστιν
1139 2109 1426 2181 Ἀφροδίτη
1460 2116 1687 2182 βροτοῖς.

1073 2452 1177 2522 II.

287 2560 291 2564 ¹
338 2578 466 2647 De
523 2576 804 2671 prima
862 2577 1335 2672 Euripidis
1382 2576 1900 2654 didascalia.

413 2841 723 2907 Olympiadis
768 2844 958 2908 primae
1003 2849 1054 2893 et
1112 2843 1444 2908 octogesimae
1503 2858 1629 2891 anno
1685 2844 1844 2909 primo
1897 2844 1965 2910 (a.

280 2922 465 2973 Chr.n.
493 2920 660 2986 455.)‚
697 2921 853 2970 Callia
886 2929 1136 2986 praetore,
1168 2924 1375 2989 primam
1410 2922 1728 2973 didascaliam
1764 2925 1826 2975 ab
1860 2925 1967 2975 Eu-

278 3001 439 3067 ripide
471 3002 522 3050 in
557 3017 754 3050 scenam
789 3001 999 3051 delatam
1035 3020 1148 3053 esse
1182 3004 1419 3068 scriptum
1452 3008 1530 3050 est
1563 3004 1612 3052 in
1666 3005 1791 3066 vita,
1838 3020 1966 3070 quae

278 3082 412 3132 inest
445 3082 604 3130 codici
633 3081 994 3131 Mediolanensi
1026 3084 1218 3149 collegii
1241 3083 1567 3147 Ambrosiani,
1605 3085 1744 3133 hisce
1771 3085 1964 3135 verbis:

277 3159 473 3228 ἤρξατο
509 3158 567 3211 δὲ
602 3159 870 3212 διδάσκειν
913 3157 996 3212 ἐπὶ
1032 3162 1273 3215 Καλλίου
1306 3164 1564 3228 ἄρχοντος
1594 3162 1729 3215 κατὰ
1762 3165 1964 3229 Ὀλυμ-

277 3240 442 3293 πιοίδοι
487 3239 854 3309 ὀγδοηκοστὴν
896 3241 1113 3311 πρώτην
1156 3241 1255 3295 ἔτει
1296 3242 1502 3310 πρώτῳ.
1601 3246 1836 3295 Additum
1883 3250 1966 3294 est

279 3323 571 3389 Euripidem
617 3340 678 3373 eo
723 3325 995 3373 certamine
1040 3327 1246 3376 tertium
1290 3326 1560 3374 iudicatum
1607 3341 1751 3385 esse,
1808 3340 1963 3388 quum

279 3403 485 3453 doceret
532 3404 786 3453 Peliadas:
836 3404 1050 3469 πρῶτον
1084 3405 1142 3458 δὲ
1173 3403 1374 3468 ἐδίδαξε
1405 3402 1499 3465 τὰς
1534 3403 1830 3467 Πελιάδας,
1878 3400 1965 3454 ὅτε

277 3480 368 3533 καὶ
399 3481 576 3549 τρίτος
607 3479 830 3548 ἐγένετο.
897 3485 1051 3537 Plena
1094 3487 1354 3555 tetralogia
1397 3492 1482 3536 aut
1530 3486 1724 3551 trilogia
1769 3488 1961 3551 poetas,
