2176 3874
916 289 1038 345 411

141 437 256 486 dem
292 436 437 486 aliter
470 451 614 500 quam
649 435 700 485 in
721 435 1084 484 criminatorem
1110 433 1384 499 regerendo
1406 433 1592 483 crimen
1617 432 1818 496 purgari

141 517 328 581 nequit.
394 516 539 579 Quod
573 516 793 576 faciens,
843 514 961 579 quid
995 514 1128 563 aliud
1174 531 1317 579 quam
1367 530 1456 578 par
1489 514 1594 578 par-i
1627 512 1818 562 referre

140 597 373 646 videtur?
437 596 612 645 Nonne
644 597 773 644 enim
808 593 1126 659 Hippolytae,
1161 609 1223 642 ne
1256 594 1575 644 iureiurando
1599 593 1818 656 quidem,

140 691 238 740 quo
272 691 329 725 se
361 676 707 737 obstrinxerat,
740 679 982 734 retentuS‚
1016 674 1327 737 turpissimas
1353 674 1733 735 criminationeS,
1769 681 1819 725 et

140 755 292 806 falsas
326 756 544 823 quidem,
581 756 739 821 palam
773 755 967 803 iactavit

269 834 454 902 κλήσει
484 851 540 886 τε
570 839 746 886 πᾶσαν
775 836 938 898 γαῖαν
971 830 1254 898 αἰσχίστων
1282 832 1460 898 λόγων
1474 835 1499 882 2

138 913 276 981 Ergo
319 916 449 981 quod
482 916 867 966 criminationem
903 915 1242 963 criminatione
1281 914 1526 978 repellere
1564 914 1820 965 constituit

138 1007 300 1059 neque
314 996 487 1046 mortis
501 997 718 1045 fructum
733 996 962 1044 amittere
986 994 1107 1052 vult,
1122 1009 1223 1043 non
1245 999 1324 1043 est
1337 994 1673 1059 vituperanda.
1708 995 1820 1045 Non

139 1074 309 1126 debuit
342 1077 473 1126 enim
500 1076 802 1140 Hippolytus
831 1075 1015 1123 famam
1050 1075 1320 1124 innocentis
1355 1079 1546 1124 temere
1579 1075 1818 1127 lacerare.

140 1156 346 1220 Optare,
381 1163 436 1206 nt
457 1156 610 1205 divini
628 1156 842 1205 numinis
876 1156 1094 1205 iustitiae
1122 1155 1378 1205 confidens
1403 1154 1631 1205 Phaedra
1657 1154 1821 1209 famae

137 1244 260 1285 suae
290 1235 628 1301 purgationem
663 1236 779 1285 huic
798 1237 1170 1296 commisisset,
1206 1241 1284 1285 est
1314 1235 1600 1302 postulare,
1635 1239 1690 1283 ut
1720 1251 1819 1285 non

137 1330 346 1382 graecos
362 1316 605 1376 homines,
641 1317 731 1365 sed
765 1317 1060 1366 christianos
1088 1316 1358 1382 Euripides
1379 1320 1820 1382 repraesentasset.

266 1396 478 1446 Strenue
512 1398 694 1446 chorus
730 1398 915 1462 duplici
949 1397 1118 1446 officio
1153 1402 1205 1446 et
1236 1396 1440 1462 tegendi
1471 1396 1739 1446 commissa
1771 1402 1822 1446 et

135 1476 332 1526 favendi
362 1477 506 1526 bonis
539 1478 808 1539 satisfacit,
853 1494 1015 1542 neque
1046 1477 1179 1526 idem
1214 1476 1511 1542 quidquam,
1559 1477 1692 1542 quod
1724 1492 1822 1527 non

134 1558 391 1623 proposito
411 1559 674 1618 conducat,
709 1559 897 1609 medios
922 1565 1062 1607 actus
1086 1557 1337 1607 intercinit
1361 1556 1432 1622 *).
1501 1558 1672 1622 ltaque
1703 1558 1822 1607 dum

137 1637 406 1702 suspendio
423 1639 571 1686 vitam
597 1639 775 1687 mulier
800 1639 1215 1703 praestantissima
1231 1638 1358 1698 finit,
1383 1637 1824 1688 vehementissimo

135 1716 350 1767 affectus
395 1717 568 1767 dolore
614 1720 751 1784 cupit
797 1735 854 1768 se
900 1724 984 1767 aut
1029 1723 1160 1768 terra
1206 1719 1391 1767 hauriri
1436 1725 1520 1768 aut
1561 1719 1611 1767 in
1654 1734 1822 1768 aerem

140 1797 386 1859 sublatum
421 1797 484 1846 ad
521 1798 719 1847 ultimos
755 1800 888 1849 orbis
914 1800 1153 1848 terminos
1189 1799 1391 1848 auferri.
1458 1799 1590 1849 Tum
1620 1800 1824 1863 naviga-

137 1877 289 1926 tionis
315 1872 608 1927 'recordatur
630 1878 1033 1940 infaustissimae,
1071 1897 1166 1944 qua
1192 1880 1412 1929 Athenas
1439 1879 1502 1928 ad
1527 1880 1824 1930 connubium

137 1957 532 2007 infelicissimum
567 1959 833 2008 ineundum
866 1966 1009 2008 vecta
1043 1961 1245 2009 intravit
1286 1960 1590 2021 thalamum,
1624 1962 1674 2009 in
1706 1975 1822 2024 quo,

135 2043 348 2087 mortem
397 2038 693 2102 turpitudini
740 2039 1059 2104 praeferens,
1093 2041 1349 2089 interitura
1384 2045 1504 2088 erat.
1572 2040 1684 2089 Hoc
1718 2057 1823 2089 car-

134 2133 249 2166 men
282 2118 525 2182 elegantia
557 2123 708 2183 atque
742 2120 1043 2169 sublimitate
1076 2120 1210 2169 nullo
1242 2121 1446 2169 inferius
1481 2126 1576 2172 est.
1645 2120 1823 2170 Statim

134 2197 316 2248 deinde
347 2198 616 2248 defunctae
648 2215 830 2264 corpus
863 2217 889 2248 a
915 2199 1117 2250 famulis
1151 2217 1181 2250 e
1214 2201 1403 2265 laqueis
1438 2201 1651 2250 solutum
1686 2218 1823 2251 com-

133 2279 350 2344 ponitur.

267 2358 380 2408 Hoc
413 2360 522 2423 ipso
556 2365 806 2409 momento
840 2359 1070 2409 Theseus
1118 2377 1179 2410 ex
1212 2361 1391 2411 itinere
1422 2361 1570 2410 redit.
1638 2362 1691 2412 ln
1725 2363 1821 2412 fin-

136 2431 310 2504 ge‘ndis
345 2437 535 2488 caussis
570 2440 821 2488 absentiae
855 2440 936 2488 vel
968 2441 1280 2504 praesentiae
1313 2457 1665 2507 personarum,
1700 2459 1821 2507 quas

135 2518 213 2567 vel
241 2518 480 2567 adhibere
505 2514 655 2568 rebus
680 2520 883 2584 agendis
906 2520 981 2568 vel
1000 2537 1171 2570 arcere
1190 2521 1359 2582 velint,
1395 2523 1621 2571 scenicos
1646 2528 1821 2586 poetas

136 2615 234 2648 non
266 2599 532 2648 admodum
566 2598 826 2663 religiosos
861 2616 975 2649 esse
998 2606 1208 2661 constat,
1245 2601 1492 2666 facileque
1521 2602 1647 2650 haec
1667 2603 1821 2651 licen-

135 2678 207 2728 tia
239 2679 530 2728 conceditur
561 2679 653 2738 iis,
689 2695 897 2743 quorum
932 2697 1012 2730 ars
1047 2681 1272 2746 plurimis
1308 2687 1443 2731 esset
1474 2682 1821 2745 iniquissimis-

135 2774 232 2823 que
275 2759 470 2825 legibus
516 2760 906 2826 circumscripta.
984 2761 1233 2812 Probabili
1277 2778 1451 2812 caussa
1494 2762 1823 2828 Hippolytum

195 2912 243 2970 ²²)
274 2914 372 2957 Non
392 2913 528 2971 digna
548 2919 649 2957 sunt
672 2929 785 2968 quae
808 2915 1058 2958 refutentur
1071 2917 1187 2959 haec
1202 2916 1375 2959 Monkii
1393 2916 1556 2959 verba:
1587 2916 1823 2969 „Fabulae

274 2989 453 3027 nostrae
484 2986 758 3038 oeconomia,
787 2986 831 3027 in
862 2986 1019 3028 ceteris
1049 2987 1262 3044 egregia,
1292 2989 1380 3029 hoc
1408 2986 1587 3029 nomine
1614 2986 1825 3042 inculpa-

275 3061 367 3109 tur,
400 3058 518 3110 quod
548 3058 710 3099 chorus
741 3057 1037 3112 praesenserit
1065 3058 1300 3101 Phaedrae
1329 3058 1502 3101 facinus
1519 3090 1528 3107 ,
1559 3073 1642 3100 nec
1669 3063 1822 3101 tamen

277 3127 518 3181 prohibere
548 3133 730 3170 conatus
759 3128 826 3169 sit.
884 3128 1011 3170 Idem
1039 3127 1241 3183 profecto
1270 3128 1428 3171 vitium
1457 3129 1503 3171 in
1519 3129 1619 3171 aliis
1636 3129 1819 3184 Euripi—

274 3197 343 3238 dis
371 3198 616 3254 tragoediis
646 3199 938 3253 conspicitur,
981 3203 1023 3241 et
1052 3199 1205 3242 forsan
1234 3201 1291 3241 ob
1323 3204 1473 3255 partes
1504 3200 1642 3241 choro
1673 3199 1817 3241 tribu-

276 3268 427 3320 endas,
457 3282 572 3322 quae
603 3283 706 3310 eum
736 3283 763 3311 a
791 3283 925 3311 scena
956 3270 1114 3312 abesse
1144 3285 1231 3313 non
1259 3271 1486 3322 sinebant,
1515 3284 1655 3326 aegre
1684 3270 1820 3312 vitari

276 3338 432 3391 potuit.
491 3339 542 3380 In
565 3339 643 3381 illo
667 3345 816 3382 autem
838 3339 985 3397 magis
1007 3355 1218 3396 peccasse
1247 3341 1425 3386 videtur
1454 3341 1670 3397 tragicuS,
1701 3341 1818 3395 quod

277 3407 374 3461 ipse
415 3409 536 3451 necis
573 3411 753 3466 modus,
795 3425 926 3465 quem
962 3411 1129 3455 initura
1171 3417 1286 3456 esset
1326 3412 1561 3463 Phaedra,
1605 3425 1634 3454 a
1678 3412 1817 3453 choro

278 3479 528 3532 praedictus
562 3479 660 3523 sit.”
