2176 3874
1149 330 1274 389 454

513 485 696 534 Rerum
735 486 933 543 statum,
970 481 1052 545 qui
1085 481 1244 530 fuisse
1278 480 1552 546 fingebatur
1583 480 1782 530 ineunte
1816 480 2052 544 dramate,

379 567 457 617 his
500 565 663 612 verbis
707 563 904 627 exponit
936 562 1176 626 Hyginus.
1244 561 1514 621 „Athamas
1562 559 1727 623 (Aeoli
1768 560 1955 625 filius),
1999 562 2053 610 in

381 644 638 694 Thessalia
672 658 773 702 rex,
809 659 916 691 cum
953 643 1150 691 Inonem
1186 656 1387 690 uxorem
1425 637 1619 704 (Cadmi
1651 640 1833 703 filiam,
1869 641 2052 691 Bacchi

378 724 658 785 nutricem),
694 739 754 771 ex
789 739 881 786 qua
916 723 1040 770 dnos
1076 721 1204 769 filios
1242 720 1580 785 [susceperat],
1616 721 1806 784 perisse
1838 725 2053 786 putaret,

379 803 519 851 duxit
550 801 795 867 nymphae
830 802 906 865 (et
941 800 1185 865 Hypsaei)
1233 801 1382 849 filiam
1418 799 1795 848 Themistonem
1829 816 2055 860 uxorem,

382 897 444 931 ex
479 899 573 946 qua
606 883 824 948 geminos
858 881 987 929 filios
1022 882 1309 946 procreavit.
1376 879 1558 928 Postea
1584 879 1757 929 resciit
1774 881 1970 930 Inonem
2005 881 2056 930 in

369 961 624 1011 ,Parnasso
660 977 772 1011 esse
822 961 1254 1024 bacchationisque
1287 975 1456 1008 caussa
1492 975 1551 1008 eo
1589 961 1889 1023 pervenisse.
1956 959 2057 1010 Mi-

380 1042 446 1090 sit
481 1042 565 1105 qui
598 1057 707 1090 eam
742 1041 1066 1100 adducerent3
1103 1056 1247 1103 quam
1282 1039 1542 1089 adductam
1577 1038 1804 1089 celavit.”

513 1120 773 1186 Prologum
805 1120 864 1167 ab
894 1120 1042 1168 Inone
1065 1124 1227 1167 actum
1271 1135 1383 1168 esse
1418 1119 1636 1168 coniicio.
1703 1119 1903 1169 Pridem
1930 1120 2058 1169 enim

382 1215 443 1249 ex
477 1201 724 1248 montibus
759 1215 815 1247 ac
850 1198 1141 1258 solitudine,
1177 1199 1226 1247 in
1259 1214 1353 1262 qua
1387 1199 1568 1248 multos
1603 1214 1786 1258 annoS,
1823 1198 2057 1264 spelunca

380 1296 472 1344 pro
509 1284 641 1328 tecto
677 1284 851 1338 utenS‚
885 1284 1094 1326 aetatem
1134 1278 1365 1344 degerat,
1414 1278 1618 1326 reducta
1667 1283 1718 1327 et
1762 1279 1811 1328 in
1857 1278 2058 1329 domum

382 1359 691 1408 Athamantis
710 1357 938 1406 restituta
957 1363 1077 1420 erat,
1103 1357 1193 1405 sed
1214 1357 1517 1404 dissimulato
1542 1373 1658 1406 vero
1676 1358 1889 1419 nomine,
1919 1359 2060 1424 igno-

380 1444 431 1487 ta
462 1438 686 1486 omnibus
707 1476 721 1498 ,
757 1436 1070 1484 matrimonio
1105 1436 1165 1483 ab
1207 1436 1365 1484 aliena
1395 1435 1578 1484 femina
1616 1443 1874 1503 occupato,
1907 1454 2059 1503 quum

381 1518 490 1581 ipsa
524 1517 817 1565 famulorum
855 1531 1058 1564 numero
1082 1515 1364 1574 haberetur,
1399 1516 1657 1578 penatibus
1692 1518 1889 1580 quidem
1924 1534 2059 1567 com-

381 1597 607 1645 munibus
644 1612 754 1645 cum
791 1596 965 1644 marito
990 1595 1238 1655 utebatur,
1275 1600 1494 1643 ceterum
1530 1611 1688 1659 neque
1720 1597 1819 1645 tori
1852 1597 2060 1663 genialis

381 1675 488 1725 iure
523 1675 796 1736 fruebatur,
831 1676 892 1724 ad
926 1675 1119 1740 pellicis
1154 1674 1318 1724 locum
1353 1691 1382 1722 a
1414 1679 1665 1723 matronae
1700 1675 1934 1740 dignitate
1967 1677 2063 1727 de·-

381 1763 542 1817 trusa‚
590 1772 750 1821 neque
783 1755 1051 1804 liberorum
1101 1770 1303 1804 suorum
1349 1770 1565 1803 amorem
1601 1771 1868 1819 curamque
1901 1756 2060 1821 palam

383 1835 649 1884 ostendere
683 1836 729 1884 ei
765 1835 977 1895 licebat,
1013 1841 1062 1883 et
1098 1835 1284 1884 :ervire
1317 1834 1538 1883 aemulae
1573 1835 1869 1898 cogebatur,
1916 1852 2062 1899 quam

381 1914 558 1963 intimo
594 1921 797 1979 pectore
849 1916 1020 1963 oderat
1068 1930 1124 1963 ac
1169 1914 1379 1978 perdere
1426 1913 1557 1963 haud
1602 1915 1778 1964 iniuria
1811 1915 2061 1981 cupiebat.

382 1994 481 2042 Hic
516 1994 658 2044 dolor
690 1996 1068 2060 praeteritorum
1103 1994 1342 2042 malorum
1376 1994 1718 2043 recordatione
1761 1996 2061 2060 augebatur:

384 2074 595 2136 sanitate
631 2076 757 2123 enim
791 2075 968 2122 mentis
1003 2074 1063 2121 ab
1110 2072 1292 2121 Iunone
1336 2073 1524 2137 privata
1571 2078 1860 2136 retentaque
1892 2073 2064 2123 fuerat

382 2153 433 2200 in
469 2153 591 2201 locis
627 2142 822 2202 incultis
859 2153 1188 2215 horridisque,
1222 2152 1380 2200 feram
1416 2152 1564 2200 vitam
1602 2153 1732 2201 inter
1764 2153 1900 2201 feras
1933 2152 2062 2202 tole-

382 2237 603 2293 raverat,
648 2237 993 2296 tempestatum
1028 2232 1214 2281 iniuriis
1250 2232 1505 2297 exposita,
1552 2247 1725 2281 carens
1758 2236 1866 2280 tum
1898 2231 2062 2281 homi-

383 2327 498 2360 num
534 2314 777 2361 consortio
813 2318 916 2361 tum
951 2313 1090 2361 bonis
1126 2312 1370 2372 omnibus,
1405 2327 1529 2375 quae
1559 2311 1835 2361 hominibus
1870 2311 1930 2359 ab
1965 2311 2063 2360 ho-

385 2391 598 2440 minibus
633 2397 878 2456 parantur.
945 2392 1084 2440 Haec
1117 2396 1363 2440 tantorum
1398 2390 1639 2440 malorum
1663 2392 1920 2457 perpessio
1954 2391 2064 2457 ipsa

385 2471 555 2536 specie
589 2471 749 2520 Inonis
784 2471 1155 2521 declarabatur:
1189 2470 1370 2536 pallida
1405 2470 1534 2519 enim
1569 2471 1982 2535 conspiciebatur,

515 2551 814 2616 „Refiegere
849 2553 987 2601 oculi
997 2571 1019 2611 ;
1057 2567 1240 2618 corpus
1272 2551 1440 2600 macie
1476 2551 1730 2612 extabuit,

514 2629 790 2681 Lacrimae
819 2631 1078 2699 peredere
1112 2632 1326 2682 humore
1361 2645 1651 2697 exsangues
1682 2627 1900 2698 genas.’'

383 2710 621 2761 Testatur
657 2713 1012 2777 Aristophanes
1061 2717 1110 2761 et
1154 2713 1204 2761 in
1238 2711 1449 2763 Acharn.
1484 2726 1530 2759 v.
1564 2713 1678 2762 434.
1723 2701 1914 2776 μεταξὺ
1954 2709 2064 2760 τῶν

377 2784 550 2851 Ἰνοῦς
583 2789 767 2856 ῥακῶν
802 2797 852 2841 et
885 2793 935 2841 in
969 2790 1151 2856 Vespis
1186 2807 1232 2842 v,
1267 2793 1425 2839 1413:
1471 2789 1723 2854 ,,γυναικὶ
1766 2788 2061 2858 θαψίνῃ,

379 2865 511 2923 Ἰνοῖ
541 2869 837 2938 κρεμαμένῃ
871 2871 1003 2937 πρὸς
1025 2870 1211 2922 ποδῶν
1234 2869 1592 2936 Εὐριπίδου.”
1658 2873 1736 2922 Ad
1770 2889 1895 2938 quae
1920 2871 2063 2921 scho-

384 2954 558 3003 liastae
590 2955 715 3002 haec
749 2959 1135 3004 annotaveruntz
1182 2951 1406 3019 θαψίνῃ,
1441 2948 1607 3018 ῶχρᾷ·
1641 2951 1859 3016 τοιαύτη
1891 2948 1993 3016 γὰρ
2027 2948 2064 3016 ἦ

382 3032 593 3093 θάψος,
644 3031 770 3096 ὅπερ
803 3033 928 3096 παρ’
961 3031 1088 3098 ἦμῖν
1121 3031 1446 3099 χρυσόξνλον
1476 3028 1692 3097 λέγεται..
1723 3060 1790 3070 -
1822 3028 1970 3096 παρὰ
2003 3029 2063 3080 δὲ

384 3111 653 3179 Εὐριπίδῃ
701 3111 985 3177 γέγραπται
1031 3112 1066 3179 ἦ
1103 3107 1219 3164 Ἰνὼ
1268 3110 1563 3179 κρεμαμένη
1607 3111 1698 3164 καὶ
1742 3109 1884 3179 ὠχρὰ
1932 3108 2062 3162 ὑπὸ

383 3197 506 3262 τῆς
557 3192 1045 3253 κακοπαθείας
1103 3222 1166 3231 ——
1228 3192 1462 3261 εἰςήγαγε
1510 3189 1566 3243 δὲ
1610 3191 1906 3258 Εὐριπίδης
1964 3188 2063 3257 τὴν

377 3270 495 3326 Ἰνὼ
530 3271 705 3341 ὠχρὰν
738 3271 866 3323 ὑπὸ
901 3275 1015 3340 τῆς
1049 3271 1537 3333 κακοπαθείας.
1586 3273 1724 3323 Male
1750 3272 2062 3338 interpretati

387 3360 503 3405 sunt
534 3358 683 3406 verba
716 3350 1012 3420 κρεμαμένῃ
1045 3354 1178 3419 πρὸς
1194 3355 1377 3407 ποδῶν
1398 3351 1717 3417 Εὐριπίδου,
1752 3354 1926 3417 quibus
1950 3352 2061 3402 Ari-

386 3437 654 3501 stophanes
687 3435 837 3483 fidem
872 3437 944 3484 rei
977 3436 1130 3485 totius
1155 3438 1215 3486 ab
1243 3436 1493 3501 Euripidis
1528 3435 1822 3483 auctoritate
1843 3431 2062 3498 pendere

385 3516 573 3580 (neque
622 3517 751 3567 enim
799 3516 1019 3581 priorum
1064 3523 1323 3583 poetarum
1358 3517 1611 3581 quisquam
1654 3514 1772 3564 talia
1814 3513 1879 3564 de
1911 3511 2063 3563 Inone
