2144 3854
1103 264 1226 320 328

343 429 450 466 mus
481 410 659 464 fabulis
691 423 859 460 eorum
893 424 989 458 uno
1022 414 1248 474 tempore
1291 405 1430 478 lectis
1467 407 1852 473 examinatisque
1895 410 1999 461 lau·

344 496 432 544 des
466 492 766 554 singulorum
801 490 1031 554 exposuit
1063 495 1113 538 et
1145 489 1262 553 quid
1297 488 1422 534 inter
1457 500 1512 533 se
1546 485 1803 538 differrent
1835 494 2000 539 osten-

342 574 432 622 dit.
503 571 654 619 Cuius
705 568 768 618 de
814 569 1058 618 sententia
1107 584 1202 631 quo
1237 564 1539 615 commodius
1573 573 1745 631 posset
1775 568 2002 628 iudicari,

341 649 683 714 Aristophanis
718 649 1010 698 sententiam
1046 664 1155 697 cum
1178 648 1260 695 illa
1285 645 1557 710 comparari
1585 645 1709 696 utile
1730 664 1844 698 esse
1867 648 2003 699 duxi.

502 728 601 778 Iam
638 729 699 777 ad
732 744 897 778 rerum
931 728 1232 792 publicarum
1263 730 1439 774 statum
1475 732 1622 791 atque
1657 729 2003 790 conditionem,

341 808 495 873 qualis
528 807 679 857 fuerit
711 823 771 856 eo
804 813 1045 873 tempore,
1082 823 1177 872 quo
1211 807 1330 854 haec
1365 805 1628 854 didascalia
1659 812 1768 856 acta
1791 812 1886 869 est,
1921 824 2004 858 ex·

342 887 619 952 plicandum
654 903 734 936 me
763 894 1008 937 converto.
1078 888 1201 936 Acta
1219 890 1295 933 est
1323 885 1474 950 igitur
1497 885 1574 933 01.
1597 888 1677 945 87,
1701 888 1766 946 1.,
1799 887 1848 936 id
1869 888 2004 952 quod

340 967 707 1032 Aristophanis,
755 967 1058 1030 grammatici
1103 964 1418 1024 nobilissimi,
1469 964 1750 1014 testimonio
1796 971 2002 1027 constat,

341 1047 479 1096 cuius
514 1046 663 1095 verba
696 1047 818 1094 haec
853 1051 988 1095 sunt:
1034 1041 1280 1110 ἐδιδάχθη
1315 1041 1396 1094 ἐπὶ
1433 1042 1777 1106 Πυθοδώρου
1811 1046 2003 1111 ἄρχον-

339 1142 431 1185 τος
461 1122 592 1176 κατὰ
624 1120 722 1191 τὴν
745 1121 1107 1191 ὀγδοηκοστὴν
1135 1121 1364 1190 ἑβδόμην
1389 1118 1735 1188 Ὀλυμπιάδα.
1781 1124 2005 1190 Πρῶτος

338 1202 653 1271 Εὐφορίων,
689 1203 932 1268 δεύτερος
966 1206 1266 1271 Σοφοκλῆς,
1296 1203 1466 1269 τρίτος
1500 1203 1808 1269 Εὐριπίδης.
1877 1205 2002 1272 Μή-

339 1285 470 1347 δεια,
509 1284 843 1351 Φιλοκτήτης,
879 1284 1092 1346 Δίκτυς,
1130 1283 1373 1350 Θερισταὶ
1398 1283 1637 1349 σάτυροι·
1674 1284 1740 1335 οὐ
1771 1283 2001 1347 σώζεται.

340 1365 525 1414 Doctae
558 1366 709 1430 igitur
744 1365 840 1414 hae
873 1373 987 1416 suut
1019 1365 1212 1415 fabulae
1244 1365 1418 1414 eodem
1454 1382 1603 1425 anuo,
1650 1381 1747 1430 quo
1794 1373 2004 1416 exeunte

340 1445 524 1494 exarsit
556 1444 738 1515 bellurn
774 1443 1194 1509 Peloponnesium.
1263 1442 1440 1494 Victus
1484 1450 1645 1493 autem
1693 1449 1771 1493 est
1804 1445 2003 1510 Euripi-

337 1523 430 1576 des
462 1539 557 1572 non
592 1523 652 1571 ab
687 1523 1005 1588 Euphorione
1035 1525 1161 1588 ipso,
1194 1523 1284 1571 sed
1319 1524 1378 1571 ab
1415 1523 1676 1587 Aeschylo,
1710 1531 1852 1588 patre
1878 1525 2002 1587 eius,

337 1601 388 1650 id
423 1602 553 1665 quod
587 1607 727 1651 recte
761 1603 1198 1652 animadverterunt
1233 1602 1496 1650 Elmsleius
1523 1603 1572 1651 in
1596 1608 1756 1654 annot.
1776 1604 1838 1652 ad
1866 1602 2002 1654 Med.

336 1698 388 1746 p.
423 1684 500 1730 ⁵10.
536 1680 665 1744 (55.)
713 1686 860 1746 atque
907 1683 1092 1748 Pflugk.
1127 1683 1178 1731 in
1213 1682 1427 1730 editione
1462 1681 1671 1730 Medeae
1704 1699 1751 1746 p.
1788 1685 1836 1730 5.
1903 1681 2004 1732 Te-

337 1765 495 1810 statur
519 1762 646 1809 enim
665 1761 842 1810 Suidas
870 1762 1007 1811 hisce
1033 1762 1220 1811 verbis:
1256 1759 1567 1825 Εὐφορίων,
1595 1760 1712 1821 υἷὸς
1733 1760 2003 1829 Αἰσχύλου

334 1841 434 1890 τοῦ
467 1843 738 1905 τραγικοῦ,
766 1834 1061 1906 Ἀθηναῖος,
1095 1839 1340 1906 τραγικὸς
1365 1839 1454 1892 καὶ
1481 1840 1655 1902 αὐτός,
1689 1837 1749 1902 ὃς
1782 1840 1870 1893 καὶ
1893 1845 2005 1904 τοῖς

334 1919 602 1985 Αἰσχύλου
637 1924 734 1971 τοῦ
767 1921 992 1985 πατρός,
1037 1914 1113 1981 οἷς
1157 1922 1311 1987 μήπω
1345 1914 1426 1992 «ἦν
1472 1918 1878 1987 ἐπιδειξάμενος,
1923 1940 2003 1974 τε-

334 2000 516 2064 τράκις
549 1997 809 2066 ἐνίκησεν·
859 1999 1054 2067 ἔγραψε
1101 1999 1155 2051 δὲ
1200 1999 1289 2052 καὶ
1342 2000 1522 2053 οἰκεῖα.
1590 2003 1707 2051 Fuit
1753 2005 2003 2053 tamenin

334 2081 431 2129 hoc
463 2082 675 2130 ineundo
712 2084 975 2130 certamine
1010 2083 1152 2130 etiam
1188 2082 1515 2146 Euphorionis
1543 2083 1779 2144 quaedam
1804 2083 2002 2148 propria

334 2158 458 2220 laus,
490 2160 543 2207 id
578 2160 707 2223 quod
743 2176 805 2208 ex
839 2161 1150 2222 Quinctiliani
1182 2161 1344 2208 verbis
1378 2161 1692 2224 intelligitur:
1740 2161 2002 2227 „Aeschy-

333 2237 412 2286 lus
444 2238 791 2303 grandiloquus
827 2245 904 2288 est
937 2257 1087 2304 saepe
1119 2256 1274 2303 usque
1307 2239 1366 2287 ad
1402 2240 1596 2301 vitium,
1642 2239 1729 2288 sed
1777 2240 1914 2290 rudis
1949 2242 2001 2292 in

334 2316 587 2382 plerisque
633 2325 683 2367 et
730 2320 1099 2383 incompositus
1191 2319 1401 2383 Propter
1463 2319 1593 2382 quod
1651 2325 1999 2371 correctas

337 2396 483 2445 eius
528 2397 785 2446 fabulas
830 2399 878 2446 in
927 2405 1173 2447 certamen
1222 2398 1421 2446 deferre
1453 2398 1806 2461 posterioribus
1837 2400 1999 2463 poetis

334 2473 660 2525 Athenienses
693 2478 982 2541 permisere,
1016 2481 1298 2542 suntque
1333 2492 1407 2526 eo
1439 2478 1622 2527 modo
1666 2477 1859 2528 multi
1904 2495 2000 2529 co-

335 2555 598 2606 ronati.”
643 2560 658 2569 ⁷

463 2633 655 2684 Bellum
689 2634 1092 2701 Peloponnesium
1125 2641 1320 2687 constat
1362 2652 1391 2686 a
1437 2637 1702 2686 Corinthiis
1736 2639 1997 2690 conflatum

333 2726 447 2761 esse
478 2713 572 2762 hac
604 2714 667 2762 de
702 2730 892 2764 caussa.
958 2715 1273 2782 Epidamnios
1324 2720 1490 2765 contra
1522 2717 1827 2781 Corcyraeos
1859 2718 1997 2768 adiu-

333 2798 502 2841 vantes
547 2794 607 2842 ab
658 2793 735 2841 his
782 2795 969 2859 proelio
1002 2795 1155 2845 navali
1189 2796 1303 2844 victi
1337 2800 1464 2844 sunt.
1532 2796 1643 2858 Quo
1680 2795 1810 2845 facto
1845 2812 1996 2860 quum

333 2871 600 2920 maioribus
635 2865 808 2936 opibus
844 2874 1025 2924 bellum
1053 2879 1288 2940 pararent
1331 2874 1571 2938 simulque
1624 2875 1997 2927 Atheniensium

334 2950 620 2998 societatem
657 2958 967 3015 quaererent,
1002 2954 1258 3018 Corcyraei
1291 2953 1463 3018 legatis
1498 2953 1562 3002 ad
1595 2955 1797 3003 eosdem
1831 2955 1994 3005 missis

331 3028 675 3093 perfecerunt,
725 3036 781 3079 ut
829 3032 878 3079 hi
911 3032 1084 3082 foedus
1119 3039 1171 3082 et
1205 3034 1489 3090 societatem
1525 3048 1635 3082 cum
1668 3033 1790 3097 ipsis
1825 3034 1993 3096 iunge-

332 3112 444 3157 rent
477 3123 572 3157 non
605 3108 671 3155 ita
706 3110 917 3171 quidem,
952 3118 1009 3160 ut
1039 3112 1239 3160 eosdem
1275 3112 1471 3174 utrique
1494 3111 1663 3160 hostes
1693 3111 1994 3176 eosdemque

331 3187 516 3236 amicos
550 3187 788 3237 haberent
832 3187 966 3250 (nam
1015 3190 1055 3238 si
1087 3191 1322 3241 adversus
1359 3189 1640 3238 Corinthios
1671 3189 1793 3238 iussi
1826 3196 1995 3242 essent

331 3281 443 3316 cum
480 3266 769 3330 Corcyraeis
802 3268 1063 3331 proficisci,
1096 3277 1293 3334 ruptum
1328 3272 1460 3318 esset
1492 3256 1700 3329 foeduS‚
1750 3271 1883 3332 quod
1917 3270 1992 3322 eis

333 3349 437 3395 erat
480 3361 590 3395 cum
606 3345 1016 3410 Peloponnesiis),
1048 3349 1135 3397 sed
1177 3355 1256 3410 ut,
1291 3348 1335 3398 si
1365 3347 1472 3412 quis
1514 3346 1784 3411 Corcyram
1834 3349 1989 3399 Athe-

331 3439 479 3478 uasve
511 3429 598 3476 aut
629 3440 796 3476 eorum
831 3426 992 3478 socios
1022 3427 1287 3492 invaderet,
1318 3425 1462 3479 alteri
1495 3425 1663 3477 alteris
1695 3428 1879 3480 auxilio
1904 3442 1991 3480 es-
