2144 3854
893 311 1015 371 193

242 461 364 527 „Ut
422 478 521 512 me
574 460 959 528 depositum
1007 464 1069 508 et
1118 463 1515 508 moerentem
1558 457 1796 510 nuntio

949 539 1316 605 repentino
1365 539 1662 591 alacrem

245 621 680 683 Reddidisti,
731 637 807 671 ac
839 635 933 668 me
969 619 1310 668 excitasti
1356 635 1436 668 ex
1482 621 1679 671 luctu
1724 623 1796 673 in

950 697 1500 750 laetitudiuem.”

243 784 468 851 Corpore
501 780 683 831 mortui
715 780 766 828 in
801 795 1001 829 scenam
1035 783 1316 844 reportato,
1362 780 1529 844 prodit
1561 782 1798 849 Alphesi-

110 866 252 926 boea,
287 881 415 914 nunc
448 864 647 913 demum
682 860 748 909 de
779 859 870 918 iiS,
907 875 1031 924 quae
1064 862 1208 923 gesta
1242 863 1386 920 sunt,
1434 862 1617 912 certior
1647 864 1796 916 facta.

111 943 254 1007 Quae
287 943 563 1010 planctibus
598 947 650 990 et
682 939 906 988 lamentis
939 955 1037 989 non
1072 939 1231 987 solum
1282 939 1473 1002 mariti,
1520 944 1611 994 sed
1658 960 1797 997 suam

112 1041 309 1090 quoque
342 1028 395 1073 et
426 1023 696 1072 liberorum
732 1035 932 1069 suorum
967 1025 1155 1069 sortem
1192 1018 1450 1085 deplorat:

241 1103 594 1168 „Odiosum
668 1100 1226 1167 hostificumque
1298 1099 1473 1150 diem
1531 1102 1604 1153 ob
1667 1105 1797 1157 vim

317 1183 719 1249 turbamque
756 1179 1285 1247 adspectumque
1317 1180 1797 1238 horribilem-'²’

239 1290 498 1302 .-.-
635 1288 1495 1299 ————.—

176 1363 179 1365 ’
242 1343 432 1407 „Cum
477 1344 627 1411 ipsa
671 1343 909 1392 simitu
942 1341 1349 1392 miseritudo
1382 1359 1664 1397 meorum
1698 1353 1796 1399 est

442 1464 451 1480 x
941 1422 1073 1471 illa
1107 1422 1526 1488 liberum''*).

112 1505 472 1557 Crudelitatem
505 1503 912 1569 impietatemque
945 1502 1075 1567 patri
1110 1503 1398 1567 exprobratt

444 1584 628 1651 „quis
663 1581 869 1631 ducat
907 1598 1063 1643 esse,
1092 1589 1160 1632 te
1200 1599 1335 1633 cum
1369 1599 1671 1636 socerum
1704 1587 1799 1638 vi·-

951 1660 1156 1723 derit,

248 1743 533 1794 Generis
566 1748 766 1791 tanta
799 1741 1234 1807 impietate?”

111 1823 317 1875 Fratres
363 1828 530 1874 autem
573 1822 842 1887 parricidas
890 1822 1106 1887 appellat
1139 1838 1302 1888 neque
1334 1824 1492 1875 minus
1526 1826 1797 1893 improb08‚

20 1900 25 1905 ⁴
114 1921 261 1971 quam
293 1904 448 1953 fuerit
479 1903 777 1953 Alcmaeon:

242 1983 371 2046 „At
426 1999 688 2044 vereor,
745 1998 885 2032 cum
933 1983 1230 2047 fratrem
1286 1983 1685 2035 Alcmaeoni
1727 1989 1798 2034 te

952 2063 1348 2126 essefactis
1382 2062 1711 2116 dedicas.''

17 2175 24 2178 -
112 2143 244 2208 Quin
290 2143 438 2193 etiam
483 2146 696 2191 mortem
742 2158 798 2191 se
845 2141 904 2191 iis
938 2142 1182 2193 illaturam
1217 2158 1331 2194 esse
1362 2143 1578 2196 minatur
1609 2161 1703 2212 per
1734 2144 1796 2194 fl-

111 2224 203 2274 lios
237 2222 551 2274 Alcmaeonis
587 2221 907 2288 superstites:

202 2364 207 2367 ,
242 2303 458 2367 „Duos
493 2301 799 2352 deseruit
834 2301 1090 2351 liberos
1120 2319 1240 2370 sup
1256 2303 1587 2355 erstites.”

111 2383 226 2435 Huc
258 2383 483 2448 respexit
516 2381 804 2447 Propertius
838 2381 878 2442 Ι,
907 2383 971 2430 14
1005 2381 1132 2447 (15),
1160 2385 1239 2431 15.
1275 2383 1414 2434 hisce
1446 2385 1700 2435 versibust

243 2462 635 2530 „Alphesiboea
666 2478 785 2511 suos
817 2462 933 2510 ulta
969 2469 1044 2511 est
1074 2480 1171 2528 pro
1206 2465 1427 2530 coniuge
1447 2466 1666 2529 fratres,

379 2541 680 2611 Sanguinis„
700 2546 758 2590 ‘et
794 2542 907 2591 cari
938 2542 1149 2591 vincula
1182 2545 1326 2610 rupit
1362 2544 1556 2608 amor,''

114 2628 346 2676 conatum
379 2622 602 2672 mulieris
635 2622 788 2670 instar
818 2620 943 2669 facti
971 2621 1164 2670 dicens.

245 2704 396 2754 Pater
439 2718 552 2752 cum
598 2701 777 2750 sedare
824 2706 1123 2750 commotum
1170 2700 1306 2750 filiae
1350 2701 1564 2752 animum
1611 2701 1797 2753 frustra

113 2784 389 2835 studuisset
419 2797 581 2846 neque
615 2780 821 2830 efficere
854 2782 1119 2845 potuisset,
1169 2785 1229 2830 ut
1261 2781 1386 2832 haec
1413 2781 1566 2833 fidem
1591 2781 1798 2847 iuraque

115 2863 410 2929 coniugialia
439 2862 614 2928 pietati
646 2867 972 2928 postponeret
1009 2887 1072 2896 -

250 2941 372 3006 εἴπ’,
407 2941 453 2993 εἰ
485 2940 730 3002 τεκόντος
764 2937 923 2992 οὐδὲν
957 2936 1189 3005 ἐντρέπει
1219 2939 1436 3004 πατρός,

249 3025 340 3085 „si
371 3025 479 3073 tui
511 3030 791 3073 veretur
824 3027 892 3070 te
921 3021 1402 3087 prognatoris‚
1438 3018 1798 3085 cedo'’**)—

173 3150 224 3206 ²⁸²)
253 3151 428 3208 Vulgo.
473 3164 596 3192 cum
632 3149 764 3205 ipsa
799 3147 904 3190 sim
933 3150 1029 3190 eta
1058 3145 1403 3190 miser-itudo
1442 3159 1639 3189 eorum
1672 3146 1800 3188 ulla

257 3226 351 3263 eat
391 3221 664 3264 liberum.
720 3219 932 3261 Ceterum
967 3215 1088 3259 filios
1125 3216 1384 3260 Alcmaeoni
1425 3229 1514 3258 non
1540 3219 1712 3259 tantum
1742 3214 1798 3257 (le

261 3290 532 3345 Callirrhoe,
574 3290 654 3332 sed
683 3289 820 3331 etiam
848 3289 903 3330 de
930 3286 1233 3342 Alphesiboea
1262 3291 1388 3331 natos
1416 3286 1556 3330 fuisse
1583 3283 1799 3341 intelligi-

257 3364 330 3404 tur
357 3375 411 3404 ex
440 3361 631 3404 Pausan.
658 3359 733 3412 VI,
752 3359 819 3413 17,
835 3358 878 3403 4.
936 3357 1090 3413 Neque
1126 3361 1275 3400 tamen
1314 3356 1362 3401 1ιὶ
1401 3360 1586 3412 patruos
1612 3353 1798 3397 interfe-

260 3434 428 3485 cerunt,
459 3432 540 3475 sed
567 3430 932 3474 communitatem
959 3441 1112 3471 eorum
1138 3427 1329 3473 vitantes
1355 3428 1673 3484 demigrarunt.

163 3499 231 3556 “J
259 3500 460 3547 Alterum
507 3502 563 3548 de
612 3503 755 3547 altero
794 3513 978 3544 versum
1017 3511 1276 3555 expressum
1313 3512 1412 3545 esse
1461 3495 1575 3542 vidit
1611 3494 1796 3552 Bergk„
