2144 3854
1074 279 1196 337 2:32

302 427 499 478 landum
533 424 754 474 dolorem
790 425 1188 491 cohibendasque
1222 424 1446 476 lacrimas
1478 426 1802 490 iustissimae,
1835 435 1888 481 et
1913 430 1974 480 fl·

302 509 416 557 dem
448 507 781 568 incorruptam
815 511 978 555 servat
1011 513 1063 556 et
1095 508 1334 556 ultionem
1367 507 1610 556 malorum
1635 512 1836 558 strenue
1857 525 1974 574 pet—

301 586 552 649 sequitur,
601 590 654 632 et
700 590 882 648 quanta
927 586 1030 635 fide
1075 587 1310 636 bonorum
1356 586 1618 636 amicitiam
1652 587 1794 649 colit,
1840 593 1977 639 tanta

299 663 572 714 constantia
604 663 803 729 ignavos
835 666 1150 730 ingratosque
1182 667 1450 732 propellit.

419 736 683 809 Ἀδμήτου
710 743 890 810 λόγον,
927 745 969 796 ὠ
1001 747 1179 813 ’ταῖρε,
1216 744 1423 812 μαθών,
1459 738 1586 807 τοὺς
1612 738 1858 812 ἀγαθοὺς
1888 745 1975 812 φί-

1129 829 1221 887 λει,

428 904 536 954 τῶν
571 903 760 955 δειλῶν
793 903 841 955 δ’
877 903 1092 973 απὲχου,
1127 900 1293 973 γνοὺς
1316 905 1396 957 ὅτι
1422 906 1612 958 δειλῶν
1632 904 1786 973 ‹il-hya
1810 906 1974 973 χάρις.

426 985 580 1034 Forte
613 991 664 1034 et
695 1002 988 1049 generosum
1023 989 1215 1038 facinus
1251 989 1356 1037 edit
1390 988 1616 1049 Alcestis,
1651 989 1863 1037 animam
1898 987 1970 1038 ef-

295 1064 508 1114 fundens
555 1081 646 1131 pro
693 1066 892 1115 Admeti
941 1068 1115 1119 salute.
1185 1068 1359 1131 Neque
1407 1075 1571 1116 tamen
1618 1067 1976 1117 ardore‘auimi

293 1144 543 1205 incitatur,
577 1151 642 1194 ut·
667 1161 813 1209 parva
847 1146 995 1196 ducat
1028 1163 1141 1196 esse
1174 1163 1299 1212 quae
1333 1148 1526 1196 amittat
1559 1164 1680 1213 prae
1710 1149 1817 1207 iis,
1846 1164 1974 1214 quae

296 1224 484 1291 efficiat
517 1230 665 1288 atque
699 1231 1044 1290 consequatur,
1079 1232 1152 1285 ut,
1187 1228 1465 1291 exemplum
1491 1243 1546 1275 se
1566 1226 1846 1292 proponere
1865 1244 1973 1278 mu-

291 1303 497 1353 lieribus
532 1309 733 1353 aeterna
775 1304 921 1353 laude
967 1307 1168 1372 dignum
1211 1307 1522 1370 intelligens,
1569 1307 1753 1356 doloris
1801 1309 1974 1358 oblivi-

295 1390 463 1434 scatur
497 1389 550 1433 et
583 1383 713 1432 bono
746 1383 909 1434 animo
942 1386 1092 1435 etiam
1126 1387 1355 1435 maritum
1389 1401 1504 1435 esse
1537 1387 1719 1447 iubeat,
1754 1393 1811 1438 ut
1834 1403 1974 1437 more

293 1460 575 1527 Iphigeniae
608 1468 757 1526 atque
792 1463 1071 1529 Polyxenae
1111 1470 1322 1514 mortem
1361 1467 1530 1514 obiens
1563 1467 1850 1532 triumphet.
1917 1466 1974 1516 In

293 1541 484 1605 pietate
518 1542 752 1603 colenda,
803 1544 855 1592 in
901 1545 1003 1595 fide
1050 1546 1376 1611 praestanda,
1423 1546 1476 1594 in
1520 1545 1678 1608 gratia
1709 1543 1974 1596 referenda

292 1620 448 1670 virtus
484 1622 588 1670 eius
623 1628 727 1671 tota
762 1625 998 1687 cernitur,
1032 1642 1125 1676 nec
1159 1625 1410 1675 dissimilis
1445 1631 1526 1674 est
1563 1624 1794 1688 Admeto,
1827 1636 1973 1691 quem

293 1701 456 1751 anima
490 1717 579 1752 sua
611 1704 854 1754 cariorem
888 1706 1057 1758 habet.

423 1781 506 1832 Sic
538 1785 586 1833 in
620 1784 899 1834 mitioribus
932 1787 1336 1850 mollioribusque
1369 1786 1518 1836 animi
1554 1785 1815 1836 affectibus
1841 1784 1974 1835 cele·

292 1861 492 1911 brandis
526 1863 807 1913 universum
840 1865 938 1914 hoc
972 1866 1141 1915 drama
1174 1872 1412 1915 versatur.
1481 1865 1722 1926 Accedit,
1775 1870 1831 1914 ut
1862 1880 1973 1914 sae-

291 1940 417 1989 vitas
451 1941 780 2007 atrocitasque
814 1946 944 1994 absit
977 1946 1134 2006 malo,
1189 1962 1285 2010 quo
1320 1947 1496 1995 domus
1531 1945 1732 1995 Admeti
1763 1944 1970 1995 laborat.

290 2018 660 2069 Materfamilias
693 2023 823 2070 enim
858 2030 1018 2072 morte
1050 2024 1188 2072 fatali
1222 2024 1421 2073 decedit
1466 2030 1545 2086 et,
1597 2040 1626 2073 e
1668 2023 1831 2072 mariti
1861 2038 1970 2072 am-

289 2104 534 2169 plexibus,
568 2121 629 2153 ex
662 2103 931 2151 liberorum
966 2104 1320 2152 consuetudine
1345 2110 1533 2168 erepta,
1571 2105 1641 2153 ad·
1657 2119 1848 2169 rogum,
1885 2118 1969 2151 co-

288 2184 577 2233 mitantibus
611 2183 870 2247 exsequias
903 2182 1099 2231 famulis
1127 2183 1427 2247 civibusque,
1463 2184 1686 2245 effertur,
1723 2199 1848 2248 quae
1865 2198 1969 2232 ma-

287 2263 366 2328 gis
399 2263 598 2327 idyllica
632 2279 775 2327 quam
810 2263 995 2324 tragica
1028 2270 1106 2311 est
1138 2278 1302 2311 rerum
1352 2264 1584 2312 conditio.
1662 2263 1839 2328 Neque
1881 2262 1969 2311 de·-

289 2348 406 2393 sunt
438 2343 629 2403 hilaria,
662 2343 838 2406 quibus
871 2358 954 2391 res
989 2343 1202 2391 miserae
1235 2347 1286 2390 et
1311 2342 1692 2408 interpellentur
1717 2343 1845 2391 etin
1870 2342 1971 2392 fine

287 2423 538 2472 tollantur.
605 2423 793 2472 Contra
836 2423 1020 2470 omissa
1053 2426 1130 2470 est
1163 2423 1442 2470 certaminis
1475 2422 1769 2473 atrocissimi
1801 2437 1968 2472 narra-

290 2502 379 2565 tio,
414 2509 471 2552 ut
503 2509 708 2552 naturae
741 2503 975 2551 dramatis
1008 2518 1181 2567 parum
1217 2503 1530 2552 conveniens.

419 2582 762 2648 Reprehensio
792 2583 851 2632 ab
890 2582 1099 2645 antiquis
1125 2583 1322 2646 quidem
1348 2583 1669 2648 scriptoribus
1703 2582 1822 2632 huic
1855 2582 1968 2631 dra-

283 2665 405 2712 mati
437 2662 571 2713 facta
604 2668 683 2712 est
717 2662 876 2723 nulla,
923 2668 1095 2711 contra
1130 2662 1289 2710 laudis
1325 2667 1473 2726 atque
1507 2662 1843 2712 admirationis
1877 2662 1967 2710 do-

287 2750 516 2793 cumenta
563 2747 761 2792 exstant
807 2742 1033 2807 plurima.
1103 2741 1459 2790 Recentiorum
1503 2758 1598 2806 quo
1632 2743 1741 2806 quis
1774 2740 1967 2805 longius

286 2822 446 2872 abfuit
480 2841 508 2871 a
541 2831 681 2872 recta
715 2822 1046 2888 cognoscendi
1079 2820 1466 2884 aestimandique
1498 2822 1573 2869 via
1605 2818 1681 2885 (et
1703 2820 1966 2870 abfuerunt

283 2902 409 2950 alius
444 2903 540 2951 alio
576 2904 746 2952 errore
783 2902 963 2951 ductus
998 2900 1263 2966 plerique),
1297 2900 1394 2948 hoc
1427 2901 1537 2964 plus
1563 2900 1762 2960 invenit,
1795 2900 1847 2949 in
1868 2911 1965 2963 quo

283 2981 653 3040 offenderetur,
704 2999 827 3046 quos
875 2983 1077 3040 omitto,
1115 2982 1292 3046 partim
1339 2981 1434 3028 iam
1470 2981 1530 3029 ab
1563 2980 1671 3028 aliis
1706 2978 1966 3039 refutatos,

284 3062 463 3126 partim
495 3062 592 3110 iam
627 3062 767 3111 dictis
802 3064 893 3125 iis,
942 3078 1066 3126 quae
1100 3062 1164 3110 ad
1198 3060 1437 3110 arcendos
1473 3075 1669 3108 errores
1702 3064 1816 3124 apta
1848 3058 1963 3108 sint.

179 3128 190 3138 ⁶
282 3140 617 3189 Vehementer
663 3142 911 3191 theatrum
954 3141 1330 3191 Atheniensium
1374 3146 1563 3188 motum
1610 3155 1723 3188 esse
1754 3138 1966 3187 veritate

283 3220 549 3269 affectuum
586 3226 636 3269 et
669 3223 928 3271 verborum
965 3223 1179 3270 omnium
1213 3235 1477 3282 rerumque
1529 3217 1885 3275 concinnitate,
1936 3233 1966 3266 a

282 3299 400 3348 fuco
434 3306 583 3364 atque
618 3301 747 3348 inani
781 3317 963 3365 pompa
996 3302 1285 3360 alienorum,
1330 3304 1542 3348 testatur
1588 3298 1965 3362 Aristophanes,

282 3379 503 3443 pluribus
533 3380 657 3428 locis
680 3382 1117 3445 praestantissimis
1151 3379 1404 3444 Euripidis
1432 3379 1580 3428 dictis
1608 3381 1830 3437 abutens,
1860 3374 1962 3424 vel-

283 3464 339 3508 ut
383 3459 548 3522 Equit.
568 3462 729 3519 1251„
763 3460 1246 3517 Acharn.639.893.,
1285 3458 1570 3516 Avib.539.‚
1606 3457 1809 3508 Thesm.
1830 3456 1963 3511 194„
