2144 3854
930 289 1048 345 181

146 432 260 483 Hoc
290 432 470 483 deinde
503 438 676 483 conata
708 448 798 483 sua
829 437 1132 498 exsequente
1147 471 1162 494 .‚
1211 434 1342 482 inter
1372 432 1534 498 ipsam
1566 444 1831 495 puerorum

147 512 352 562 caedem
385 513 572 562 tonitru
605 513 701 563 sibi
735 513 907 563 audire
940 512 1135 562 videtur
1169 513 1350 562 chorus
1366 548 1382 571 ,
1429 511 1638 561 horrore
1682 514 1830 575 atque

148 590 415 644 formidine
447 597 811 642 consternatus:
1128 645 1131 649 ,

279 671 455 735 „Sed
488 671 653 739 quid
684 671 957 721 tonitru
989 670 1269 720 turbida
1301 677 1492 720 torvo

281 750 613 802 Gonoussa
645 755 887 817 repent
906 767 936 799 e
971 767 1278 818 aequora
1312 752 1493 801 coeli

275 830 600 882 Sensimu'
633 847 832 880 soner
849 827 1013 894 e''.2*)

142 912 282 962 Intus
332 913 465 962 enim
509 915 717 977 aguntur
761 926 1084 975 quaecunque
1131 910 1194 960 ad
1242 908 1457 960 nefarias
1502 908 1611 958 illas
1660 909 1831 974 epulas

142 992 392 1058 pertinent
415 988 508 1056 Μ.)
574 990 883 1041 Narrationis
932 1007 1103 1041 earum
1150 991 1391 1056 quaedam
1435 990 1554 1038 satis
1586 988 1833 1039 luculenta

141 1072 418 1137 fragmenta
450 1074 647 1120 exstant
661 1107 675 1133 ‚
709 1072 922 1136 primum
955 1071 1111 1121 Attii:

273 1151 459 1217 „Epa
478 1151 692 1201 larum
723 1153 981 1216 fictor,
1033 1167 1059 1200 s
1077 1151 1371 1201 celerum
1407 1149 1679 1215 fratris
1728 1147 1830 1197 de-

1004 1233 1024 1281 l
1041 1233 1064 1281 i
1071 1238 1093 1282 t
1108 1249 1137 1281 o
1149 1229 1229 1284 r.”

269 1338 337 1348 --
467 1337 535 1348 --
665 1313 1073 1380 „concoquit
1097 1316 1366 1379 partem
1397 1325 1602 1377 vapor

274 1390 637 1452 Flammae,
699 1392 930 1442 lae-ert
947 1409 1023 1442 ae
1073 1392 1383 1498 “rs-dunt
1433 1407 1463 1440 v
1480 1389 1714 1440 erubus
1764 1388 1832 1437 in

984 1473 1061 1537 so
1074 1489 1101 1522 c
1115 1473 1178 1522 o''
1212 1470 1303 1533 ³⁵²²)
1349 1499 1415 1508 -—-

140 1556 246 1602 tum
279 1549 538 1611 Euripidis
571 1550 732 1612 ipsius
751 1568 765 1598 ε

274 1627 362 1695 [αἱ
391 1627 633 1693 δεύτεραί
663 1644 779 1688 πως
811 1627 1093 1694 φροντίδες
1125 1628 1449 1696 σοφώτεραι]
1470 1627 1624 1692 ²²²*²¹²²²²).

271 1707 323 1759 τί
353 1706 456 1773 γὰρ
490 1710 653 1760 ποθεῖ
681 1708 937 1772 τράπεζα;
971 1714 1045 1775 τῷ
1079 1709 1128 1761 δ’
1164 1709 1232 1761 οὐ
1264 1708 1531 1776 βρίθεταις

272 1788 476 1855 πλήρης
505 1787 603 1855 μὲν
632 1790 786 1850 ὄψων
818 1788 1069 1850 ποντίων,
1105 1789 1314 1856 πάρεισι
1347 1787 1407 1841 δὲ

270 1869 485 1936 μόσχων
515 1868 718 1937 τερείνῃ
750 1868 906 1935 σαρκὶ
937 1869 1117 1936 χηνεία
1148 1887 1204 1922 τε
1237 1869 1355 1930 δαὶς
1378 1869 1438 1934 †)

270 1948 362 2002 καὶ
392 1947 560 2001 πεπτὰ
592 1947 682 2002 καὶ
713 1951 959 2016 κροτητοί,
992 1953 1087 2019 τῆς
1121 1948 1490 2016 ξουθοπτέρου

269 2029 478 2098 πελάνῳ
510 2029 752 2098 μελίσσης
783 2030 1042 2098 ἀφθόνως
1073 2030 1375 2098 δεδευμένα.

268 2190 336 2243 τὰ
368 2191 417 2243 δ’
453 2193 585 2243 ἄλλα
617 2195 780 2259 χαῖρε,
813 2192 1030 2253 κύλικος
1063 2189 1330 2260 ἑρπούσης
1361 2191 1555 2261 κύκλῳ.

138 2274 278 2323 Atrei
309 2273 435 2324 haec
469 2282 582 2324 sunt
627 2275 780 2324 verba
794 2311 809 2334 ‚
852 2275 915 2323 ad
962 2276 1099 2324 cibos
1145 2275 1411 2326 sumendos
1455 2274 1664 2324 fratrem
1712 2272 1831 2323 invi-

138 2353 308 2406 tantis.
376 2354 557 2404 Eidem
589 2356 750 2405 tribuo
783 2356 994 2404 haecce:

269 2460 337 2471 ·—
401 2433 568 2498 νόμος
602 2433 660 2484 δὲ
693 2433 896 2495 λείψαν’
935 2432 1207 2499 ἐκβάλλειν
1239 2434 1413 2494 κυσίν,

141 2529 269 2578 quae
314 2513 487 2562 dicens
534 2521 726 2578 partem
772 2516 928 2563 carnis
972 2517 1215 2566 humanae
1258 2518 1404 2566 etiam
1440 2515 1643 2564 canibus
1677 2511 1831 2578 proii-

139 2594 319 2644 ciebat.
388 2593 485 2642 Pro
535 2593 752 2642 clausula
795 2595 995 2643 nuntius
1042 2595 1135 2644 hac
1181 2596 1424 2645 sententia
1457 2608 1577 2644 usus
1613 2607 1726 2642 esse
1758 2591 1828 2639 vi-

142 2673 314 2722 detur:

197 2787 250 2842 ³⁸²)
280 2787 388 2830 Attii
416 2786 582 2844 fragm.
606 2802 647 2828 n.
669 2786 711 2830 6.

170 2857 252 2913 *ἢ
279 2858 438 2900 Horat.
461 2859 511 2900 A.
531 2858 582 2905 P.
611 2856 719 2900 185·
754 2857 849 2911 „Ne
879 2871 1042 2913 pueros
1074 2871 1228 2900 coram
1261 2859 1428 2914 populo
1455 2857 1619 2900 Medea
1641 2852 1832 2925 trucidet

278 2928 367 2971 Aut
393 2906 594 2970 humana
618 2930 774 2983 palam
802 2933 963 2984 coquat
982 2933 1083 2971 exta
1105 2928 1302 2971 nefarius
1318 2927 1520 2971 Atreusss’

142 2996 251 3053 ***)
282 2998 352 3040 Cf.
377 2999 532 3042 Senec.
557 2999 627 3051 IV,
657 2997 741 3040 765
758 3013 878 3054 seqq.
936 3000 1167 3042 Scelerum
1194 2999 1346 3042 fratris
1381 2997 1540 3041 delitor
1570 2999 1638 3039 est
1668 2994 1722 3049 is,
1753 2994 1831 3050 qui

280 3066 432 3111 fratris
466 3070 640 3111 scelera
671 3069 915 3112 maioribus
948 3069 1218 3121 sceleribus,
1260 3083 1374 3125 quae
1403 3069 1501 3124 ipse
1538 3065 1829 3122 perpetravit,

286 3137 502 3181 oblivioni
519 3138 652 3180 dedit.

143 3208 257 3264 ***‘)
284 3208 376 3251 Hic
408 3222 564 3251 versus
592 3223 647 3251 ex
681 3208 928 3265 Hippolyto
961 3210 1027 3264 (v.
1054 3208 1177 3264 435.)
1221 3210 1476 3265 depromtus
1512 3209 1631 3264 apud
1666 3208 1828 3250 Athen.

282 3278 398 3321 XIV.
421 3293 464 3333 p.
484 3276 583 3320 640.
618 3279 936 3334 praemittitur,
967 3294 1109 3335 neque
1131 3284 1281 3324 tamen
1305 3280 1349 3323 in
1371 3281 1460 3323 hac
1483 3279 1607 3323 Atrei
1630 3278 1830 3321 oratione
1879 3299 1887 3303 -

284 3350 377 3391 ullo
417 3348 552 3390 modo
592 3348 767 3393 videtur
813 3352 957 3393 locum
997 3351 1167 3394 habere
1205 3351 1399 3407 potuisse
1410 3366 1421 3401 ;
1482 3350 1539 3392 cf.
1579 3349 1753 3392 Welck.
1782 3363 1830 3404 p.

287 3416 385 3461 684.
412 3423 502 3461 not.

201 3486 257 3541 †)
284 3486 432 3544 Vulgo
454 3502 556 3531 cum
573 3487 683 3532 vitio
703 3489 853 3534 metri=
875 3487 1056 3547 μόσχων
1068 3490 1264 3549 τέρειναι
1284 3489 1445 3550 σάρκες
1464 3489 1622 3547 χηνεία
1640 3503 1690 3534 τε
1709 3489 1828 3541 δαίς.
