2144 3854
1098 248 1219 306 122

455 395 581 445 Dum
608 395 840 458 parantur
867 407 992 456 quae
1009 391 1147 443 iubet
1170 411 1277 456 rex,
1311 400 1539 459 quartum
1559 412 1812 448 carmena
1840 401 1991 450 choro

326 480 564 531 cantatur,
599 473 736 522 cuius
768 487 884 537 pars
917 472 1111 524 videtur
1143 474 1268 524 haec
1300 475 1488 525 fuisse:

647 549 989 618 δικαιοσύνης

645 628 898 697 τηλαυγὲς
927 635 1166 697 χρυσοῦν
1197 632 1479 699 πρόςωπον
1498 631 1570 700 *).

319 716 472 765 Actus
501 717 780 778 postremus
806 714 1158 764 conficiebatur
1188 716 1364 779 partim
1390 714 1614 763 lamentis
1633 715 1847 779 virginis,
1881 732 1993 767 cum

320 795 382 845 ad
416 792 713 859 supplicium
747 793 1030 854 duceretur,
1063 795 1315 844 accinente
1349 795 1530 854 choro,
1564 796 1742 859 partim
1772 797 1996 847 oratione

319 874 590 940 Hipponis,
643 888 794 936 quae,
849 873 913 921 de
960 874 1098 922 coelo
1145 874 1479 932 descendenS,
1535 874 1751 924 infantes
1797 875 1995 939 quidem

318 955 525 1005 deorum
557 952 861 1018 providentia
894 958 1135 1002 servatum
1172 955 1234 1003 iri
1267 955 1530 1020 praedixit,
1564 955 1799 1020 virginem
1829 962 1993 1005 autem

318 1034 485 1084 stetim
517 1049 548 1082 e
593 1032 798 1081 vinculis
833 1033 1070 1082 liberasse
1103 1033 1313 1083 videtur.
1382 1035 1557 1099 Capite
1589 1035 1767 1098 equino
1799 1035 1996 1100 praedi-

315 1120 418 1165 tam
462 1114 745 1178 Hipponem
778 1113 830 1161 in
875 1128 1072 1162 scenam
1120 1113 1344 1177 prodisse
1406 1114 1608 1174 Pollux,
1659 1113 1724 1164 de
1768 1115 1996 1180 personis

315 1195 512 1258 tragicis
546 1193 811 1254 disserenS,
845 1193 1064 1242 ostendit
1095 1192 1204 1254 (Ν,
1241 1197 1318 1244 19.
1352 1211 1402 1260 p.
1437 1196 1552 1254 207,
1587 1196 1665 1245 2⁷.
1701 1192 1862 1255 Seb.).
1928 1195 1997 1245 Et

313 1275 527 1341 primum
574 1273 800 1337 quidem,
853 1289 980 1337 quae
1026 1277 1160 1322 esset
1192 1278 1245 1322 et
1277 1273 1522 1338 quomodo
1555 1278 1742 1323 mutatu
1774 1274 1935 1323 forma
1965 1292 1997 1324 a

313 1360 452 1405 terra
484 1354 669 1403 abisset
701 1359 751 1402 et
782 1354 833 1402 in
867 1352 1056 1402 coelum
1091 1354 1279 1403 sublata
1312 1358 1477 1413 esset,
1522 1353 1753 1403 docuisse
1785 1354 1996 1416 videtur,

314 1440 422 1484 tum
456 1450 513 1483 ea
546 1434 833 1499 aperuisse,
866 1448 1073 1497 quorum
1108 1449 1282 1483 caussa
1314 1438 1531 1483 venerat.
1595 1433 1835 1483 Boeotum
1870 1434 1994 1483 alte-

315 1530 424 1563 rum
471 1529 535 1562 ex
578 1513 692 1561 filiis
742 1514 979 1561 nominari
1028 1513 1176 1562 iussit
1229 1519 1282 1562 et
1314 1513 1570 1562 Boeotiam
1604 1514 1664 1563 ab
1698 1514 1782 1563 illo
1817 1529 1994 1563 nomen

313 1598 625 1658 accepturam
663 1608 775 1641 esse
808 1591 1078 1656 praedixit:

441 1670 539 1723 τὸν
570 1669 708 1738 ἀμφὶ
740 1671 880 1736 βοῦν
914 1667 1136 1735 ῥιφέντα
1168 1668 1407 1722 Βοιωτὸν
1437 1671 1634 1734 καλεῖν,

314 1755 490 1818 quibus
535 1753 663 1802 adde
707 1769 833 1816 quae
879 1752 1036 1804 schol.
1083 1752 1146 1801 ad
1179 1752 1368 1804 Phoen.
1405 1768 1452 1801 v.
1490 1755 1632 1801 1134.
1665 1753 1879 1802 notavit:
1922 1767 1996 1802 τι-

311 1829 400 1893 νὲς
445 1830 503 1883 δέ
535 1842 668 1897 φασι
707 1830 800 1891 τὰς
833 1827 1063 1898 ἑβδόμας
1095 1830 1266 1892 πύλας
1299 1829 1558 1891 Βοιωτίας
1590 1833 1865 1884 καλεῖσθαι
1891 1829 1996 1883 α’πὸ

312 1915 559 1965 Βοιωτοῦ
589 1915 689 1964 τοῦ
723 1911 1066 1972 Ποσειδῶνος
1098 1910 1189 1963 καὶ
1236 1914 1350 1979 τῆς
1384 1915 1608 1979 σοφῆς
1653 1911 1995 1963 Μεναλίπ-

311 2010 463 2060 πης,
499 1993 592 2059 ἀφ’
629 1984 696 2044 οὗ
729 1997 872 2044 πᾶσα
904 1992 941 2060 ἦ
975 1992 1204 2043 Βοιωτία
1237 1989 1452 2059 ἐκλήθη.

445 2075 662 2141 Virginis
697 2076 876 2125 deinde
910 2075 1144 2124 delictum
1172 2089 1428 2134 excusam,
1461 2074 1586 2123 haec
1611 2074 1676 2124 de
1698 2073 1995 2124 feminarum

310 2156 591 2208 conditione
623 2155 789 2204 dicere
822 2156 1009 2220 potuit:

440 2234 689 2302 ἄλγιστόν
722 2234 828 2286 ἐστι
860 2237 1005 2302 θῆλυ
1038 2231 1265 2300 μισηθὲν
1295 2229 1477 2298 γένος·

443 2315 502 2368 αἱ
531 2314 633 2382 γὰρ
668 2318 948 2381 σφαλεῖσαι
980 2317 1153 2366 ταῖσιν
1186 2314 1287 2366 οὐκ
1321 2308 1671 2378 ἐσφαλμέναις

442 2391 624 2463 αἶσχος
656 2394 881 2462 γυναιξί,
915 2392 1005 2447 καὶ
1035 2393 1378 2446 κεκοίνωνται
1413 2392 1589 2458 ψόγον

440 2480 556 2537 ταῖς
589 2476 934 2528 οὐκακαῖσιν
969 2475 1027 2526 αἱ
1056 2475 1240 2527 κακαί·
1276 2473 1340 2526 τὰ
1373 2473 1421 2525 δ’
1459 2472 1532 2534 εἰς
1564 2472 1772 2538 γάμους

442 2555 602 2609 οὐδὲν
638 2557 895 2609 δοκοῦσιν
925 2554 1069 2623 ’ὑγιὲς
1102 2555 1363 2623 ἀνδράσιν
1392 2556 1632 2622 φρονεῖν.

438 2720 534 2786 τῆς
565 2716 662 2784 μὲν
694 2720 862 2786 κακῆς
893 2717 1082 2769 κάκιον
1115 2714 1273 2769 οὐδὲν
1304 2715 1538 2782 γίγνεται

437 2799 708 2864 γυναικός,
745 2797 938 2868 ἐσθλῆς
972 2798 1020 2850 δ’
1056 2796 1216 2866 οὐδὲν
1249 2796 1322 2857 εἰς
1353 2791 1656 2861 ὑπερβολὴν

436 2877 632 2946 πέφυκ’
666 2882 912 2946 ἄμεινον·
948 2878 1267 2945 διαφέρουσι
1301 2875 1349 2927 δ’
1386 2875 1443 2927 αἱ
1475 2874 1664 2941 φύσεις

305 2959 518 3024 Dignum
555 2965 662 3022 est,
697 2964 831 3025 quod
866 2962 915 3011 in
947 2962 1165 3010 medium
1198 2958 1512 3025 proferatur,
1559 2955 1691 3020 quod
1725 2953 1790 3001 de
1822 2950 1995 3001 Mena·

307 3039 474 3106 lippae
498 3039 832 3105 disputatione
862 3041 1095 3090 iudicium
1113 3040 1236 3090 fecit
1265 3038 1548 3102 Dionysiu8‚
1579 3035 1663 3099 qui
1682 3049 1782 3098 quo
1797 3032 1907 3081 loco
1933 3030 1996 3078 de

1676 2870 1775 2938 **>.

372 3235 419 3291 *)
450 3202 622 3279 welck.
652 3251 698 3291 p.
729 3234 826 3279 848.

364 3306 428 3362 ’*)
457 3307 587 3350 Haec
612 3305 810 3349 imitatus
839 3319 936 3349 esse
963 3306 1141 3350 videtur
1167 3303 1485 3359 Aristophanes
1512 3301 1698 3345 Theem.
1721 3281 1829 3339 5313

555 3371 649 3420 ἀλλ’
679 3375 736 3421 ov'
764 3374 852 3435 γάρ
880 3376 977 3421 ἐστι
1003 3394 1098 3422 των
1127 3371 1441 3430 α’ναισχυντων
1469 3370 1610 3428 φύσει
1635 3365 1869 3424 γυναικῶν

556 3442 694 3492 ου’δὲν
721 3445 885 3493 κάκιον
918 3448 983 3499 εἰς
1012 3443 1211 3499 ἅπαντα,
1238 3443 1359 3501 πλὴν
1390 3438 1462 3500 lx'g’
1490 3437 1523 3498 ἢ
1551 3443 1777 3497 γυναῖκες.
