2144 3854
1104 295 1226 352 3⁰0

332 443 529 509 opibus,
578 438 827 490 nobiiitate
859 437 1058 501 generis
1093 455 1263 490 carens
1297 439 1476 490 virtute
1507 441 1730 491 iniuriam
1766 441 1993 495 fortunae

331 520 739 586 compensandam
771 533 885 568 esse
919 525 1133 580 censeat,
1165 519 1446 586 videndum,
1478 536 1542 570 ne
1573 537 1696 572 vana
1719 522 1882 575 laudis
1905 539 1991 574 cu·

327 601 534 664 piditate
565 599 903 648 vehementius
933 599 1194 649 incitetur:

449 676 651 744 πτηνὰς
684 676 903 738 διώκεις,
941 669 983 728 ὦ
1016 677 1217 740 τέκνον,
1250 677 1342 739 τὰς
1375 676 1603 741 ἐλπίδας,

454 758 551 825 οὐχ
583 758 619 826 ἦ
650 757 778 824 τύχη
813 769 898 808 σε·
931 761 1024 827 τῆς
1054 759 1212 826 τύχης
1246 753 1295 811 δ’
1326 760 1422 826 οὐχ
1456 754 1530 822 εἷς
1559 759 1767 827 τρόπος.

324 837 561 890 Ceterum
595 841 752 889 laetus
785 839 1057 904 lubensque
1090 843 1305 906 optimae
1347 843 1456 907 spei
1499 843 1864 892 adolescentem
1907 856 1991 890 re-

322 918 447 984 cipit
480 936 630 969 senex
648 920 947 984 decrepitus,
982 921 1122 970 cuius
1157 938 1308 985 regno
1331 923 1530 983 inimici,
1565 924 1695 988 quod
1731 922 1872 988 prole
1902 935 1989 987 ge-

321 999 469 1048 nuina
500 1000 789 1049 destitutum
822 1000 987 1048 vident
1031 999 1164 1063 (nam
1210 1001 1391 1051 Medus
1424 1009 1581 1052 matre
1614 1002 1874 1068 peregrina
1903 1018 1990 1051 na-

321 1083 403 1129 tus
430 1096 520 1144 pro
547 1080 714 1145 spurio
748 1078 995 1141 habetur),
1021 1079 1205 1129 dudum
1234 1082 1540 1132 insidientur.
1608 1083 1844 1132 Testatur
1867 1081 1988 1131 Plu-

319 1160 521 1209 tarchus
557 1176 600 1208 c.
635 1162 693 1207 3:
730 1156 955 1224 ἰσχυρῶς
999 1155 1102 1224 γὰρ
1148 1157 1395 1212 ἐδεδοίκει
1445 1155 1572 1222 τοὺς
1618 1159 1990 1221 Παλλαντίδας

316 1233 760 1304 ἐπιβουλεύοντας
810 1237 951 1303 αὐτῷ
984 1236 1074 1288 καὶ
1123 1239 1211 1291 διὰ
1262 1240 1360 1308 τὴν
1403 1242 1656 1294 ἀπαιδίαν
1711 1258 1988 1307 καταφρο-

317 1323 573 1379 νοῦντας·
621 1312 756 1385 ἦσαν
803 1316 860 1370 δὲ
891 1318 1215 1384 πεντήκοντα
1246 1322 1429 1383 παῖδες
1463 1322 1519 1376 ἐκ
1553 1323 1864 1384 Πάλλαντος
1894 1338 1986 1388 γε-

317 1399 547 1465 γονότες,
593 1406 643 1449 et
676 1400 996 1449 confirmatur
1029 1402 1193 1449 verbis
1227 1402 1506 1468 Euripidis:

445 1482 692 1544 κρεῖσσον
725 1477 782 1530 δὲ
812 1478 1050 1530 πλούτου
1084 1479 1170 1530 καὶ
1205 1481 1564 1547 βαθυσπόρου
1595 1482 1796 1550 χθονὸς

446 1559 663 1624 ἀνδρῶν
697 1558 918 1612 δικαίων
951 1558 1210 1626 κάγαθῶν
1243 1560 1439 1626 ὁμιλίαι
1461 1563 1526 1630 *).
1809 1609 1818 1619 .

445 1641 600 1692 Chori
637 1657 864 1702 carmen,
910 1643 1040 1706 quod
1082 1643 1202 1692 huic
1237 1650 1342 1694 erat
1376 1644 1619 1710 colloquio
1651 1643 1980 1707 summotum,

312 1718 491 1771 iisdem
525 1722 780 1771 sententiis
814 1722 1194 1774 immorabatur:

439 1792 474 1867 ἦ
506 1817 615 1851 που
647 1803 895 1866 κρεῖσσον
927 1802 1020 1866 τῆς
1051 1800 1289 1868 εὐγενίας

440 1879 502 1932 τὸ
533 1882 709 1941 καλῶς
740 1881 1009 1946 πράσσειν.

437 2038 583 2094 ἔσται
616 2039 705 2094 καὶ
735 2041 1006 2094 πταίσαντ’
1040 2041 1233 2108 ἀρετὰν

438 2121 818 2185 ἀποδείξασθαι
847 2123 1081 2189 θανάτῳ.

447 2206 621 2255 Prodit
652 2205 858 2266 Medea,
905 2206 968 2254 de
1014 2208 1214 2269 recepto
1259 2203 1457 2267 hospite
1488 2202 1806 2252 vehementer
1837 2201 1974 2252 solli-

307 2287 418 2336 cita.
483 2285 659 2349 Neque
701 2285 831 2334 enim
874 2285 1004 2348 fugit
1048 2300 1186 2344 eam,
1232 2284 1337 2332 sive
1380 2283 1677 2332 divinatione
1711 2287 1975 2332 consecuta

305 2371 386 2416 est
433 2367 536 2414 sive
585 2379 676 2428 per
717 2364 1075 2413 clandestinum
1109 2364 1331 2413 nuntium
1366 2362 1557 2423 edocta,
1591 2361 1840 2412 Theseum
1875 2362 1973 2411 Ae-

302 2447 383 2510 gei
416 2446 568 2494 filium
615 2460 727 2493 esse
751 2444 848 2508 ²³²²²²).
916 2443 1082 2494 Timet
1133 2450 1184 2493 et
1227 2444 1320 2492 sibi
1363 2448 1416 2491 et
1461 2443 1593 2490 filio:
1639 2457 1791 2507 regno
1840 2440 1975 2490 hunc

303 2525 581 2576 certissime
615 2524 855 2588 privatum
890 2524 976 2587 iri,
1026 2525 1069 2573 si
1103 2523 1332 2572 Theseus
1363 2526 1683 2586 agnoscatur,
1728 2520 1975 2587 inteiligit,

301 2611 450 2670 atque
497 2604 691 2654 etiamsi
734 2619 911 2653 nomen
954 2620 1209 2670 genusque
1258 2604 1364 2652 eius
1410 2608 1655 2667 perpetuo
1698 2602 1972 2667 ignoretur,

299 2686 408 2752 ipsa
443 2684 802 2733 consuetudine
844 2685 1070 2733 iuvenem
1115 2684 1376 2734 virtutibus
1419 2686 1751 2745 praestantem
1780 2687 1972 2732 tantum

299 2766 395 2815 sibi
427 2765 580 2830 Aegei
613 2779 828 2812 amorem
859 2764 1232 2813 conciliaturum
1267 2778 1402 2821 esse,
1447 2766 1505 2810 ut
1540 2777 1693 2826 paene
1723 2762 1810 2811 filii
1841 2761 1970 2826 legi-

299 2845 405 2896 timi
438 2846 547 2893 iura
580 2845 936 2908 caritatemque
968 2844 1286 2910 adipiscatur,
1319 2842 1602 2908 praevidet:

427 2950 493 2961 --
559 2920 619 2973 τὸ
651 2920 852 2986 θρέψαι
884 2922 931 2974 δ’
967 2919 1025 2974 ἐν
1058 2923 1299 2988 βροτοῖσι
1331 2919 1577 2980 πολλάκις

426 3000 585 3053 πλείω
617 3002 817 3067 πορίζει
844 3003 1035 3071 φίλτρα
1068 3007 1166 3056 τοῦ
1201 3006 1371 3067 φῦσαι
1400 2997 1574 3053 τέκνα.

296 3084 467 3148 Itaque
501 3083 713 3148 primum
747 3086 947 3151 proprio
975 3085 1141 3134 Marte
1174 3084 1420 3149 hospitem
1456 3081 1718 3130 molestum
1742 3079 1890 3128 domo
1913 3083 1968 3129 et

294 3165 554 3232 penatibus
587 3164 776 3230 pellere
810 3170 1014 3214 conatur
1047 3165 1312 3228 statimque
1343 3162 1534 3212 obviam
1569 3161 1846 3210 venientem
1879 3173 1964 3222 ag-

362 3331 405 3385 *)
437 3328 574 3374 Orion
601 3341 673 3382 ap·
707 3327 988 3373 Schneidew.
1018 3329 1131 3373 coni.
1163 3329 1274 3373 critt.
1302 3344 1344 3384 p.
1372 3325 1442 3369 48.
1500 3325 1673 3370 Welck.
1709 3341 1753 3382 p.
1783 3323 1909 3368 1598.

337 3402 403 3458 **)
430 3399 698 3444 Plutarchus
727 3414 765 3440 c.
796 3399 873 3441 12:
905 3399 1250 3458 προαισθομένη
1278 3397 1490 3456 περὶτοῦ
1511 3394 1694 3455 Θησέως
1716 3391 1850 3452 αὕτη,
1879 3392 1964 3439 τοῦ

435 3470 518 3527 μὲν
545 3466 711 3525 Αἰγέως
739 3464 1027 3526 ἀγνοοῦντος.
