<?xml version="1.0" encoding="UTF-8"?>
<!DOCTYPE html PUBLIC "-//W3C//DTD XHTML 1.0 Transitional//EN"
    "http://www.w3.org/TR/xhtml1/DTD/xhtml1-transitional.dtd">
<html xmlns="http://www.w3.org/1999/xhtml" xml:lang="en" lang="en">
 <head>
  <title>
</title>
<meta http-equiv="Content-Type" content="text/html;charset=utf-8" />
  <meta name='ocr-system' content='tesseract 3.04.00' />
  <meta name='ocr-capabilities' content='ocr_page ocr_carea ocr_par ocr_line ocrx_word'/>
</head>
<body>
  <div class='ocr_page' id='page_1' title='image "./euripidesrestitu01hartuoft_0486.png"; bbox 0 0 2176 3874; ppageno 0'>
   <div class='ocr_carea' id='block_1_1' title="bbox 1061 241 1188 299">
    <p class='ocr_par' dir='ltr' id='par_1_1' title="bbox 1061 241 1188 299">
     <span class='ocr_line' id='line_1_1' title="bbox 1061 241 1188 299; baseline 0 0"><span class='ocrx_word' id='word_1_1' title='bbox 1061 241 1188 299; x_wconf 83' lang='lat'><strong>468</strong></span> 
     </span>
    </p>
   </div>
   <div class='ocr_carea' id='block_1_2' title="bbox 290 379 1985 3022">
    <p class='ocr_par' dir='ltr' id='par_1_2' title="bbox 418 379 1469 455">
     <span class='ocr_line' id='line_1_2' title="bbox 418 379 1469 455; baseline -0.004 -14"><span class='ocrx_word' id='word_1_2' title='bbox 418 419 483 429; x_wconf 88' lang='lat'><strong>--</strong></span> <span class='ocrx_word' id='word_1_3' title='bbox 548 387 651 455; x_wconf 79' lang='grc' dir='ltr'><strong>ἐγὼ</strong></span> <span class='ocrx_word' id='word_1_4' title='bbox 686 387 743 440; x_wconf 80' lang='grc' dir='ltr'><strong>δὲ</strong></span> <span class='ocrx_word' id='word_1_5' title='bbox 777 379 906 448; x_wconf 83' lang='grc' dir='ltr'><strong><em>τοὺς</em></strong></span> <span class='ocrx_word' id='word_1_6' title='bbox 938 387 1113 449; x_wconf 80' lang='grc' dir='ltr'><strong><em>καλῶς</em></strong></span> <span class='ocrx_word' id='word_1_7' title='bbox 1144 385 1469 454; x_wconf 80' lang='grc' dir='ltr'><strong><em>τεθνηκότας</em></strong></span> 
     </span>
    </p>

    <p class='ocr_par' dir='ltr' id='par_1_3' title="bbox 422 461 1793 538">
     <span class='ocr_line' id='line_1_3' title="bbox 422 461 1793 538; baseline 0 -18"><span class='ocrx_word' id='word_1_8' title='bbox 422 472 519 538; x_wconf 82' lang='grc' dir='ltr'><strong>ζῆν</strong></span> <span class='ocrx_word' id='word_1_9' title='bbox 554 487 692 536; x_wconf 86' lang='grc' dir='ltr'><strong><em>φημι</em></strong></span> <span class='ocrx_word' id='word_1_10' title='bbox 726 469 930 533; x_wconf 80' lang='grc' dir='ltr'><strong><em>μᾶλλον</em></strong></span> <span class='ocrx_word' id='word_1_11' title='bbox 964 474 1063 521; x_wconf 82' lang='grc' dir='ltr'><strong>τοῦ</strong></span> <span class='ocrx_word' id='word_1_12' title='bbox 1099 467 1306 535; x_wconf 83' lang='grc' dir='ltr'><strong><em>βλέπειν</em></strong></span> <span class='ocrx_word' id='word_1_13' title='bbox 1340 461 1467 529; x_wconf 86' lang='grc' dir='ltr'><strong><em>τοὺς</em></strong></span> <span class='ocrx_word' id='word_1_14' title='bbox 1499 464 1570 534; x_wconf 80' lang='grc' dir='ltr'><strong>μὴ</strong></span> <span class='ocrx_word' id='word_1_15' title='bbox 1605 468 1793 529; x_wconf 82' lang='grc' dir='ltr'><strong><em>καλῶς.</em></strong></span> 
     </span>
    </p>

    <p class='ocr_par' dir='ltr' id='par_1_4' title="bbox 420 551 1979 614">
     <span class='ocr_line' id='line_1_4' title="bbox 420 551 1979 614; baseline -0.001 -13"><span class='ocrx_word' id='word_1_16' title='bbox 420 551 699 614; x_wconf 82' lang='lat' dir='ltr'><strong>„Vivam</strong></span> <span class='ocrx_word' id='word_1_17' title='bbox 749 566 831 598; x_wconf 79' lang='lat' dir='ltr'><strong>an</strong></span> <span class='ocrx_word' id='word_1_18' title='bbox 874 552 1161 610; x_wconf 83' lang='lat' dir='ltr'><strong>moriar,</strong></span> <span class='ocrx_word' id='word_1_19' title='bbox 1206 551 1398 599; x_wconf 79' lang='lat' dir='ltr'><strong>nulla</strong></span> <span class='ocrx_word' id='word_1_20' title='bbox 1445 551 1514 598; x_wconf 79' lang='lat' dir='ltr'><strong>in</strong></span> <span class='ocrx_word' id='word_1_21' title='bbox 1559 566 1654 599; x_wconf 83' lang='lat' dir='ltr'><strong>me</strong></span> <span class='ocrx_word' id='word_1_22' title='bbox 1701 555 1802 599; x_wconf 84' lang='lat' dir='ltr'><strong>est</strong></span> <span class='ocrx_word' id='word_1_23' title='bbox 1846 566 1979 600; x_wconf 84' lang='lat' dir='ltr'><strong>me-</strong></span> 
     </span>
    </p>

    <p class='ocr_par' dir='ltr' id='par_1_5' title="bbox 290 629 1980 1018">
     <span class='ocr_line' id='line_1_5' title="bbox 1312 629 1544 695; baseline 0.004 -16"><span class='ocrx_word' id='word_1_24' title='bbox 1312 629 1544 695; x_wconf 51' lang='lat' dir='ltr'><strong>tus*}”</strong></span> 
     </span>
     <span class='ocr_line' id='line_1_6' title="bbox 290 708 1980 776; baseline 0.001 -16"><span class='ocrx_word' id='word_1_25' title='bbox 290 710 384 760; x_wconf 91' lang='lat' dir='ltr'><strong>His</strong></span> <span class='ocrx_word' id='word_1_26' title='bbox 419 709 565 758; x_wconf 87' lang='lat' dir='ltr'><strong>dictis</strong></span> <span class='ocrx_word' id='word_1_27' title='bbox 598 708 660 758; x_wconf 89' lang='lat' dir='ltr'><strong>ad</strong></span> <span class='ocrx_word' id='word_1_28' title='bbox 695 710 877 758; x_wconf 78' lang='lat' dir='ltr'><strong>milites</strong></span> <span class='ocrx_word' id='word_1_29' title='bbox 910 710 1021 776; x_wconf 87' lang='lat' dir='ltr'><strong>ipse</strong></span> <span class='ocrx_word' id='word_1_30' title='bbox 1055 726 1112 760; x_wconf 87' lang='lat' dir='ltr'><strong>se</strong></span> <span class='ocrx_word' id='word_1_31' title='bbox 1146 710 1363 771; x_wconf 76' lang='lat' dir='ltr'><strong>confert,</strong></span> <span class='ocrx_word' id='word_1_32' title='bbox 1411 712 1755 776; x_wconf 84' lang='lat' dir='ltr'><strong>adhortando,</strong></span> <span class='ocrx_word' id='word_1_33' title='bbox 1800 711 1980 762; x_wconf 83' lang='lat' dir='ltr'><strong>blande</strong></span> 
     </span>
     <span class='ocr_line' id='line_1_7' title="bbox 290 789 1980 854; baseline 0.002 -16"><span class='ocrx_word' id='word_1_34' title='bbox 290 790 619 853; x_wconf 81' lang='lat' dir='ltr'><strong>alloquendo,</strong></span> <span class='ocrx_word' id='word_1_35' title='bbox 655 789 917 854; x_wconf 80' lang='lat' dir='ltr'><strong>diligenter</strong></span> <span class='ocrx_word' id='word_1_36' title='bbox 951 791 1210 852; x_wconf 77' lang='lat' dir='ltr'><strong>obeundo,</strong></span> <span class='ocrx_word' id='word_1_37' title='bbox 1251 791 1467 840; x_wconf 88' lang='lat' dir='ltr'><strong>fideliter</strong></span> <span class='ocrx_word' id='word_1_38' title='bbox 1504 793 1891 842; x_wconf 87' lang='lat' dir='ltr'><strong>administrando</strong></span> <span class='ocrx_word' id='word_1_39' title='bbox 1927 797 1980 841; x_wconf 88' lang='lat' dir='ltr'><strong>et</strong></span> 
     </span>
     <span class='ocr_line' id='line_1_8' title="bbox 291 869 1862 937; baseline 0.002 -18"><span class='ocrx_word' id='word_1_40' title='bbox 291 872 475 919; x_wconf 89' lang='lat' dir='ltr'><strong>animos</strong></span> <span class='ocrx_word' id='word_1_41' title='bbox 510 869 887 919; x_wconf 87' lang='lat' dir='ltr'><strong>confirmaturus</strong></span> <span class='ocrx_word' id='word_1_42' title='bbox 925 876 976 919; x_wconf 84' lang='lat' dir='ltr'><strong>et</strong></span> <span class='ocrx_word' id='word_1_43' title='bbox 1011 874 1215 919; x_wconf 85' lang='lat' dir='ltr'><strong>conatus</strong></span> <span class='ocrx_word' id='word_1_44' title='bbox 1252 871 1468 921; x_wconf 83' lang='lat' dir='ltr'><strong>hostium</strong></span> <span class='ocrx_word' id='word_1_45' title='bbox 1503 880 1862 937; x_wconf 81' lang='lat' dir='ltr'><strong>occupaturus:</strong></span> 
     </span>
     <span class='ocr_line' id='line_1_9' title="bbox 425 947 1687 1018; baseline 0.003 -19"><span class='ocrx_word' id='word_1_46' title='bbox 425 949 561 1015; x_wconf 79' lang='grc' dir='ltr'><strong><em>μισῶ</em></strong></span> <span class='ocrx_word' id='word_1_47' title='bbox 598 947 665 1012; x_wconf 83' lang='grc' dir='ltr'><strong>δ’,</strong></span> <span class='ocrx_word' id='word_1_48' title='bbox 701 947 831 1000; x_wconf 84' lang='grc' dir='ltr'><strong><em>ὅταν</em></strong></span> <span class='ocrx_word' id='word_1_49' title='bbox 865 966 942 1009; x_wconf 88' lang='grc' dir='ltr'><strong><em>τις</em></strong></span> <span class='ocrx_word' id='word_1_50' title='bbox 975 947 1066 1000; x_wconf 87' lang='grc' dir='ltr'><strong>καὶ</strong></span> <span class='ocrx_word' id='word_1_51' title='bbox 1097 947 1295 1013; x_wconf 88' lang='grc' dir='ltr'><strong><em>χθονὸς</em></strong></span> <span class='ocrx_word' id='word_1_52' title='bbox 1331 951 1687 1018; x_wconf 76' lang='grc' dir='ltr'><strong><em>στρατηλάτης</em></strong></span> 
     </span>
    </p>

    <p class='ocr_par' dir='ltr' id='par_1_6' title="bbox 423 1028 1569 1098">
     <span class='ocr_line' id='line_1_10' title="bbox 423 1028 1569 1098; baseline 0.003 -18"><span class='ocrx_word' id='word_1_53' title='bbox 423 1028 495 1098; x_wconf 81' lang='grc' dir='ltr'><strong>μὴ</strong></span> <span class='ocrx_word' id='word_1_54' title='bbox 529 1033 657 1081; x_wconf 79' lang='grc' dir='ltr'><strong><em>πᾶσι</em></strong></span> <span class='ocrx_word' id='word_1_55' title='bbox 689 1029 905 1080; x_wconf 84' lang='grc' dir='ltr'><strong><em>πάντων</em></strong></span> <span class='ocrx_word' id='word_1_56' title='bbox 938 1028 1211 1096; x_wconf 84' lang='grc' dir='ltr'><strong><em>προςφέρῃ</em></strong></span> <span class='ocrx_word' id='word_1_57' title='bbox 1245 1031 1569 1098; x_wconf 83' lang='grc' dir='ltr'><strong><em>μειλίγματα.</em></strong></span> 
     </span>
    </p>

    <p class='ocr_par' dir='ltr' id='par_1_7' title="bbox 292 1110 1979 1258">
     <span class='ocr_line' id='line_1_11' title="bbox 424 1110 1979 1178; baseline -0.001 -18"><span class='ocrx_word' id='word_1_58' title='bbox 424 1112 591 1160; x_wconf 86' lang='lat' dir='ltr'><strong>Locus</strong></span> <span class='ocrx_word' id='word_1_59' title='bbox 626 1111 685 1159; x_wconf 84' lang='lat' dir='ltr'><strong>fit</strong></span> <span class='ocrx_word' id='word_1_60' title='bbox 719 1112 860 1159; x_wconf 84' lang='lat' dir='ltr'><strong>alteri</strong></span> <span class='ocrx_word' id='word_1_61' title='bbox 896 1110 1032 1158; x_wconf 84' lang='lat' dir='ltr'><strong>chori</strong></span> <span class='ocrx_word' id='word_1_62' title='bbox 1068 1111 1300 1175; x_wconf 74' lang='lat' dir='ltr'><strong>carmini,</strong></span> <span class='ocrx_word' id='word_1_63' title='bbox 1350 1130 1446 1178; x_wconf 90' lang='lat' dir='ltr'><strong>quo</strong></span> <span class='ocrx_word' id='word_1_64' title='bbox 1491 1114 1796 1164; x_wconf 88' lang='lat' dir='ltr'><strong>desiderium</strong></span> <span class='ocrx_word' id='word_1_65' title='bbox 1842 1111 1979 1178; x_wconf 81' lang='lat' dir='ltr'><strong>pacis</strong></span> 
     </span>
     <span class='ocr_line' id='line_1_12' title="bbox 292 1190 1205 1258; baseline -0.003 -17"><span class='ocrx_word' id='word_1_66' title='bbox 292 1191 447 1258; x_wconf 84' lang='lat' dir='ltr'><strong>pulsis</strong></span> <span class='ocrx_word' id='word_1_67' title='bbox 481 1190 709 1239; x_wconf 85' lang='lat' dir='ltr'><strong>hostibus</strong></span> <span class='ocrx_word' id='word_1_68' title='bbox 746 1205 889 1238; x_wconf 89' lang='lat' dir='ltr'><strong>senes</strong></span> <span class='ocrx_word' id='word_1_69' title='bbox 926 1190 1205 1239; x_wconf 87' lang='lat' dir='ltr'><strong>declarant:</strong></span> 
     </span>
    </p>

    <p class='ocr_par' dir='ltr' id='par_1_8' title="bbox 426 1268 1488 1335">
     <span class='ocr_line' id='line_1_13' title="bbox 426 1268 1488 1335; baseline 0.002 -14"><span class='ocrx_word' id='word_1_70' title='bbox 426 1269 623 1322; x_wconf 81' lang='grc' dir='ltr'><strong><em>κείσθω</em></strong></span> <span class='ocrx_word' id='word_1_71' title='bbox 660 1268 794 1333; x_wconf 86' lang='grc' dir='ltr'><strong><em>δόρυ</em></strong></span> <span class='ocrx_word' id='word_1_72' title='bbox 828 1286 920 1334; x_wconf 91' lang='grc' dir='ltr'><strong><em>μοι</em></strong></span> <span class='ocrx_word' id='word_1_73' title='bbox 954 1268 1110 1334; x_wconf 88' lang='grc' dir='ltr'><strong><em>μίτον</em></strong></span> <span class='ocrx_word' id='word_1_74' title='bbox 1144 1268 1488 1335; x_wconf 73' lang='grc' dir='ltr'><strong><em>ἀμφιπλέκειν</em></strong></span> 
     </span>
    </p>

    <p class='ocr_par' dir='ltr' id='par_1_9' title="bbox 424 1347 1415 1420">
     <span class='ocr_line' id='line_1_14' title="bbox 424 1347 1415 1420; baseline 0.001 -19"><span class='ocrx_word' id='word_1_75' title='bbox 424 1349 711 1416; x_wconf 76' lang='grc' dir='ltr'><strong><em>ἀράχναις,</em></strong></span> <span class='ocrx_word' id='word_1_76' title='bbox 746 1347 874 1415; x_wconf 83' lang='grc' dir='ltr'><strong><em>μετὰ</em></strong></span> <span class='ocrx_word' id='word_1_77' title='bbox 909 1347 958 1400; x_wconf 88' lang='grc' dir='ltr'><strong>δ’</strong></span> <span class='ocrx_word' id='word_1_78' title='bbox 991 1348 1213 1417; x_wconf 80' lang='grc' dir='ltr'><strong><em>ἡσυχίας</em></strong></span> <span class='ocrx_word' id='word_1_79' title='bbox 1245 1352 1415 1420; x_wconf 82' lang='grc' dir='ltr'><strong><em>πολιῷ</em></strong></span> 
     </span>
    </p>

    <p class='ocr_par' dir='ltr' id='par_1_10' title="bbox 422 1429 935 1498">
     <span class='ocr_line' id='line_1_15' title="bbox 422 1429 935 1498; baseline -0.002 -17"><span class='ocrx_word' id='word_1_80' title='bbox 422 1430 563 1498; x_wconf 76' lang='grc' dir='ltr'><strong><em>γήρᾳ</em></strong></span> <span class='ocrx_word' id='word_1_81' title='bbox 596 1429 935 1497; x_wconf 88' lang='grc' dir='ltr'><strong><em>συνοικοίην·</em></strong></span> 
     </span>
    </p>

    <p class='ocr_par' dir='ltr' id='par_1_11' title="bbox 425 1509 1236 1578">
     <span class='ocr_line' id='line_1_16' title="bbox 425 1509 1236 1578; baseline 0.001 -16"><span class='ocrx_word' id='word_1_82' title='bbox 425 1510 653 1576; x_wconf 82' lang='grc' dir='ltr'><strong><em>άείδοιμι</em></strong></span> <span class='ocrx_word' id='word_1_83' title='bbox 687 1509 745 1562; x_wconf 77' lang='grc' dir='ltr'><strong>δὲ</strong></span> <span class='ocrx_word' id='word_1_84' title='bbox 780 1510 1064 1578; x_wconf 86' lang='grc' dir='ltr'><strong><em>στεφάνοις</em></strong></span> <span class='ocrx_word' id='word_1_85' title='bbox 1096 1511 1236 1577; x_wconf 88' lang='grc' dir='ltr'><strong><em>κάρα</em></strong></span> 
     </span>
    </p>

    <p class='ocr_par' dir='ltr' id='par_1_12' title="bbox 422 1591 1007 1658">
     <span class='ocr_line' id='line_1_17' title="bbox 422 1591 1007 1658; baseline 0 -14"><span class='ocrx_word' id='word_1_86' title='bbox 422 1592 614 1644; x_wconf 89' lang='grc' dir='ltr'><strong><em>πολιὸν</em></strong></span> <span class='ocrx_word' id='word_1_87' title='bbox 648 1591 1007 1658; x_wconf 81' lang='grc' dir='ltr'><strong><em>στεφανώσας,</em></strong></span> 
     </span>
    </p>

    <p class='ocr_par' dir='ltr' id='par_1_13' title="bbox 428 1666 1338 1741">
     <span class='ocr_line' id='line_1_18' title="bbox 428 1666 1338 1741; baseline -0.001 -16"><span class='ocrx_word' id='word_1_88' title='bbox 428 1673 687 1741; x_wconf 79' lang='grc' dir='ltr'><strong><em>Θρηΐκιον</em></strong></span> <span class='ocrx_word' id='word_1_89' title='bbox 719 1671 914 1724; x_wconf 90' lang='grc' dir='ltr'><strong><em>πέλταν</em></strong></span> <span class='ocrx_word' id='word_1_90' title='bbox 946 1672 1081 1737; x_wconf 88' lang='grc' dir='ltr'><strong><em>πρὸς</em></strong></span> <span class='ocrx_word' id='word_1_91' title='bbox 1107 1666 1338 1735; x_wconf 81' lang='grc' dir='ltr'><strong><em>Ἀθανᾶς</em></strong></span> 
     </span>
    </p>

    <p class='ocr_par' dir='ltr' id='par_1_14' title="bbox 425 1753 1404 1820">
     <span class='ocr_line' id='line_1_19' title="bbox 425 1753 1404 1820; baseline -0.001 -14"><span class='ocrx_word' id='word_1_92' title='bbox 425 1753 722 1820; x_wconf 85' lang='grc' dir='ltr'><strong><em>περικίοσιν</em></strong></span> <span class='ocrx_word' id='word_1_93' title='bbox 754 1753 1091 1820; x_wconf 79' lang='grc' dir='ltr'><strong><em>άγκρεμάσας</em></strong></span> <span class='ocrx_word' id='word_1_94' title='bbox 1122 1754 1404 1819; x_wconf 78' lang='grc' dir='ltr'><strong><em>θαλάμοις,</em></strong></span> 
     </span>
    </p>

    <p class='ocr_par' dir='ltr' id='par_1_15' title="bbox 428 1833 1360 1903">
     <span class='ocr_line' id='line_1_20' title="bbox 428 1833 1360 1903; baseline 0.001 -17"><span class='ocrx_word' id='word_1_95' title='bbox 428 1833 626 1886; x_wconf 84' lang='grc' dir='ltr'><strong><em>δέλτων</em></strong></span> <span class='ocrx_word' id='word_1_96' title='bbox 660 1836 705 1885; x_wconf 85' lang='grc' dir='ltr'><strong>τ’</strong></span> <span class='ocrx_word' id='word_1_97' title='bbox 742 1833 1134 1903; x_wconf 81' lang='grc' dir='ltr'><strong><em>άναπτύσσοιμι</em></strong></span> <span class='ocrx_word' id='word_1_98' title='bbox 1166 1838 1360 1903; x_wconf 77' lang='grc' dir='ltr'><strong><em>γῆρυν,</em></strong></span> 
     </span>
    </p>

    <p class='ocr_par' dir='ltr' id='par_1_16' title="bbox 426 1905 968 1983">
     <span class='ocr_line' id='line_1_21' title="bbox 426 1905 968 1983; baseline 0.002 -17"><span class='ocrx_word' id='word_1_99' title='bbox 426 1915 496 1967; x_wconf 80' lang='grc' dir='ltr'><strong>ἃν</strong></span> <span class='ocrx_word' id='word_1_100' title='bbox 530 1913 695 1983; x_wconf 81' lang='grc' dir='ltr'><strong><em>σοφοὶ</em></strong></span> <span class='ocrx_word' id='word_1_101' title='bbox 726 1905 968 1968; x_wconf 84' lang='grc' dir='ltr'><strong><em>κλέονται</em></strong></span> 
     </span>
    </p>

    <p class='ocr_par' dir='ltr' id='par_1_17' title="bbox 426 2072 1358 2142">
     <span class='ocr_line' id='line_1_22' title="bbox 426 2072 1358 2142; baseline 0 -14"><span class='ocrx_word' id='word_1_102' title='bbox 426 2072 671 2136; x_wconf 80' lang='grc' dir='ltr'><strong><em>Ἀσιάδος</em></strong></span> <span class='ocrx_word' id='word_1_103' title='bbox 703 2074 933 2142; x_wconf 76' lang='grc' dir='ltr'><strong><em>κιθάρας</em></strong></span> <span class='ocrx_word' id='word_1_104' title='bbox 964 2075 1242 2142; x_wconf 84' lang='grc' dir='ltr'><strong><em>κρούματα</em></strong></span> <span class='ocrx_word' id='word_1_105' title='bbox 1257 2075 1358 2141; x_wconf 85' lang='grc'>**).</span> 
     </span>
    </p>

    <p class='ocr_par' dir='ltr' id='par_1_18' title="bbox 294 2154 1985 3022">
     <span class='ocr_line' id='line_1_23' title="bbox 426 2154 1981 2222; baseline -0.004 -15"><span class='ocrx_word' id='word_1_106' title='bbox 426 2157 683 2222; x_wconf 87' lang='lat' dir='ltr'><strong>Disposito</strong></span> <span class='ocrx_word' id='word_1_107' title='bbox 717 2157 768 2205; x_wconf 89' lang='lat' dir='ltr'><strong>in</strong></span> <span class='ocrx_word' id='word_1_108' title='bbox 805 2158 1064 2207; x_wconf 88' lang='lat' dir='ltr'><strong>moenibus</strong></span> <span class='ocrx_word' id='word_1_109' title='bbox 1099 2164 1151 2207; x_wconf 89' lang='lat' dir='ltr'><strong>et</strong></span> <span class='ocrx_word' id='word_1_110' title='bbox 1194 2159 1255 2207; x_wconf 86' lang='lat' dir='ltr'><strong>ad</strong></span> <span class='ocrx_word' id='word_1_111' title='bbox 1302 2159 1471 2220; x_wconf 87' lang='lat' dir='ltr'><strong>portas</strong></span> <span class='ocrx_word' id='word_1_112' title='bbox 1516 2154 1764 2215; x_wconf 76' lang='lat' dir='ltr'><strong>exercitu,</strong></span> <span class='ocrx_word' id='word_1_113' title='bbox 1815 2168 1981 2218; x_wconf 88' lang='lat' dir='ltr'><strong>quum,</strong></span> 
     </span>
     <span class='ocr_line' id='line_1_24' title="bbox 294 2234 1983 2303; baseline -0.003 -16"><span class='ocrx_word' id='word_1_114' title='bbox 294 2237 583 2303; x_wconf 85' lang='lat' dir='ltr'><strong>priusquam</strong></span> <span class='ocrx_word' id='word_1_115' title='bbox 631 2253 794 2302; x_wconf 85' lang='lat' dir='ltr'><strong>pugna</strong></span> <span class='ocrx_word' id='word_1_116' title='bbox 847 2239 1244 2286; x_wconf 82' lang='lat' dir='ltr'><strong>committeretur</strong></span> <span class='ocrx_word' id='word_1_117' title='bbox 1260 2234 1399 2299; x_wconf 83' lang='grc'><strong><em>***),</em></strong></span> <span class='ocrx_word' id='word_1_118' title='bbox 1454 2235 1651 2284; x_wconf 89' lang='lat' dir='ltr'><strong>victima</strong></span> <span class='ocrx_word' id='word_1_119' title='bbox 1697 2251 1784 2294; x_wconf 83' lang='lat' dir='ltr'><strong>ea,</strong></span> <span class='ocrx_word' id='word_1_120' title='bbox 1836 2249 1983 2296; x_wconf 87' lang='lat' dir='ltr'><strong>quam</strong></span> 
     </span>
     <span class='ocr_line' id='line_1_25' title="bbox 296 2315 1985 2377; baseline -0.003 -11"><span class='ocrx_word' id='word_1_121' title='bbox 296 2319 515 2366; x_wconf 87' lang='lat' dir='ltr'><strong>iusserat</strong></span> <span class='ocrx_word' id='word_1_122' title='bbox 550 2317 830 2377; x_wconf 90' lang='lat' dir='ltr'><strong>oraculum,</strong></span> <span class='ocrx_word' id='word_1_123' title='bbox 868 2316 1116 2366; x_wconf 81' lang='lat' dir='ltr'><strong>caedenda</strong></span> <span class='ocrx_word' id='word_1_124' title='bbox 1152 2322 1312 2377; x_wconf 78' lang='lat' dir='ltr'><strong>esset,</strong></span> <span class='ocrx_word' id='word_1_125' title='bbox 1348 2331 1438 2365; x_wconf 86' lang='lat' dir='ltr'><strong>rex</strong></span> <span class='ocrx_word' id='word_1_126' title='bbox 1472 2315 1533 2363; x_wconf 89' lang='lat' dir='ltr'><strong>ad</strong></span> <span class='ocrx_word' id='word_1_127' title='bbox 1569 2315 1720 2362; x_wconf 85' lang='lat' dir='ltr'><strong>aedes</strong></span> <span class='ocrx_word' id='word_1_128' title='bbox 1752 2328 1985 2362; x_wconf 86' lang='lat' dir='ltr'><strong>reversus</strong></span> 
     </span>
     <span class='ocr_line' id='line_1_26' title="bbox 297 2393 1985 2462; baseline -0.002 -18"><span class='ocrx_word' id='word_1_129' title='bbox 297 2397 450 2445; x_wconf 87' lang='lat' dir='ltr'><strong>filiam</strong></span> <span class='ocrx_word' id='word_1_130' title='bbox 507 2396 597 2445; x_wconf 89' lang='lat' dir='ltr'><strong>sub</strong></span> <span class='ocrx_word' id='word_1_131' title='bbox 659 2397 779 2444; x_wconf 90' lang='lat' dir='ltr'><strong>ficto</strong></span> <span class='ocrx_word' id='word_1_132' title='bbox 827 2397 1038 2461; x_wconf 86' lang='lat' dir='ltr'><strong>quodam</strong></span> <span class='ocrx_word' id='word_1_133' title='bbox 1094 2402 1357 2462; x_wconf 83' lang='lat' dir='ltr'><strong>praetextu</strong></span> <span class='ocrx_word' id='word_1_134' title='bbox 1416 2394 1629 2444; x_wconf 82' lang='lat' dir='ltr'><strong>arcessit</strong></span> <span class='ocrx_word' id='word_1_135' title='bbox 1675 2397 1727 2442; x_wconf 88' lang='lat' dir='ltr'><strong>et</strong></span> <span class='ocrx_word' id='word_1_136' title='bbox 1779 2393 1985 2458; x_wconf 86' lang='lat' dir='ltr'><strong>reliqua,</strong></span> 
     </span>
     <span class='ocr_line' id='line_1_27' title="bbox 300 2472 1984 2541; baseline -0.003 -16"><span class='ocrx_word' id='word_1_137' title='bbox 300 2476 478 2541; x_wconf 88' lang='lat' dir='ltr'><strong>quibus</strong></span> <span class='ocrx_word' id='word_1_138' title='bbox 513 2475 575 2523; x_wconf 89' lang='lat' dir='ltr'><strong>ad</strong></span> <span class='ocrx_word' id='word_1_139' title='bbox 612 2491 754 2524; x_wconf 85' lang='lat' dir='ltr'><strong>sacra</strong></span> <span class='ocrx_word' id='word_1_140' title='bbox 787 2475 1012 2524; x_wconf 88' lang='lat' dir='ltr'><strong>facienda</strong></span> <span class='ocrx_word' id='word_1_141' title='bbox 1045 2491 1170 2541; x_wconf 89' lang='lat' dir='ltr'><strong>opus</strong></span> <span class='ocrx_word' id='word_1_142' title='bbox 1204 2481 1309 2536; x_wconf 83' lang='lat' dir='ltr'><strong>est,</strong></span> <span class='ocrx_word' id='word_1_143' title='bbox 1338 2477 1508 2541; x_wconf 84' lang='lat' dir='ltr'><strong>ignara</strong></span> <span class='ocrx_word' id='word_1_144' title='bbox 1542 2474 1750 2539; x_wconf 80' lang='lat' dir='ltr'><strong>coniuge</strong></span> <span class='ocrx_word' id='word_1_145' title='bbox 1782 2489 1875 2537; x_wconf 87' lang='lat' dir='ltr'><strong>per</strong></span> <span class='ocrx_word' id='word_1_146' title='bbox 1907 2472 1984 2521; x_wconf 76' lang='lat' dir='ltr'><strong>fa-</strong></span> 
     </span>
     <span class='ocr_line' id='line_1_28' title="bbox 297 2552 1982 2620; baseline -0.002 -16"><span class='ocrx_word' id='word_1_147' title='bbox 297 2556 459 2604; x_wconf 89' lang='lat' dir='ltr'><strong>mulos</strong></span> <span class='ocrx_word' id='word_1_148' title='bbox 496 2562 715 2620; x_wconf 86' lang='lat' dir='ltr'><strong>apparat.</strong></span> <span class='ocrx_word' id='word_1_149' title='bbox 797 2556 1010 2605; x_wconf 87' lang='lat' dir='ltr'><strong>Miratur</strong></span> <span class='ocrx_word' id='word_1_150' title='bbox 1044 2557 1182 2620; x_wconf 83' lang='lat' dir='ltr'><strong>virgo</strong></span> <span class='ocrx_word' id='word_1_151' title='bbox 1235 2572 1291 2604; x_wconf 88' lang='lat' dir='ltr'><strong>se</strong></span> <span class='ocrx_word' id='word_1_152' title='bbox 1334 2557 1384 2603; x_wconf 92' lang='lat' dir='ltr'><strong>in</strong></span> <span class='ocrx_word' id='word_1_153' title='bbox 1427 2558 1616 2614; x_wconf 81' lang='lat' dir='ltr'><strong>castra,</strong></span> <span class='ocrx_word' id='word_1_154' title='bbox 1667 2554 1717 2602; x_wconf 91' lang='lat' dir='ltr'><strong>in</strong></span> <span class='ocrx_word' id='word_1_155' title='bbox 1762 2552 1982 2602; x_wconf 87' lang='lat' dir='ltr'><strong>medium</strong></span> 
     </span>
     <span class='ocr_line' id='line_1_29' title="bbox 295 2633 1984 2695; baseline -0.002 -11"><span class='ocrx_word' id='word_1_156' title='bbox 295 2636 516 2684; x_wconf 82' lang='lat' dir='ltr'><strong>virorum</strong></span> <span class='ocrx_word' id='word_1_157' title='bbox 552 2641 852 2684; x_wconf 86' lang='lat' dir='ltr'><strong>armatorum</strong></span> <span class='ocrx_word' id='word_1_158' title='bbox 889 2642 1099 2695; x_wconf 75' lang='lat' dir='ltr'><strong>coetum,</strong></span> <span class='ocrx_word' id='word_1_159' title='bbox 1135 2635 1185 2685; x_wconf 91' lang='lat' dir='ltr'><strong>in</strong></span> <span class='ocrx_word' id='word_1_160' title='bbox 1220 2636 1428 2684; x_wconf 88' lang='lat' dir='ltr'><strong>militum</strong></span> <span class='ocrx_word' id='word_1_161' title='bbox 1464 2636 1656 2683; x_wconf 90' lang='lat' dir='ltr'><strong>turbam</strong></span> <span class='ocrx_word' id='word_1_162' title='bbox 1688 2633 1984 2683; x_wconf 87' lang='lat' dir='ltr'><strong>inconditam</strong></span> 
     </span>
     <span class='ocr_line' id='line_1_30' title="bbox 295 2714 1984 2784; baseline -0.002 -19"><span class='ocrx_word' id='word_1_163' title='bbox 295 2716 548 2780; x_wconf 85' lang='lat' dir='ltr'><strong>proficisci</strong></span> <span class='ocrx_word' id='word_1_164' title='bbox 582 2715 757 2764; x_wconf 89' lang='lat' dir='ltr'><strong>iuberi.</strong></span> <span class='ocrx_word' id='word_1_165' title='bbox 841 2715 1123 2765; x_wconf 87' lang='lat' dir='ltr'><strong>Sciscitanti</strong></span> <span class='ocrx_word' id='word_1_166' title='bbox 1156 2716 1383 2781; x_wconf 84' lang='lat' dir='ltr'><strong>ambigua</strong></span> <span class='ocrx_word' id='word_1_167' title='bbox 1416 2715 1688 2784; x_wconf 79' lang='lat' dir='ltr'><strong>respondet</strong></span> <span class='ocrx_word' id='word_1_168' title='bbox 1719 2720 1861 2779; x_wconf 84' lang='lat' dir='ltr'><strong>pater</strong></span> <span class='ocrx_word' id='word_1_169' title='bbox 1896 2714 1984 2775; x_wconf 87' lang='lat' dir='ltr'><strong>sic,</strong></span> 
     </span>
     <span class='ocr_line' id='line_1_31' title="bbox 296 2786 1982 2861; baseline -0.001 -17"><span class='ocrx_word' id='word_1_170' title='bbox 296 2801 354 2844; x_wconf 91' lang='lat' dir='ltr'><strong>ut</strong></span> <span class='ocrx_word' id='word_1_171' title='bbox 396 2811 572 2844; x_wconf 89' lang='lat' dir='ltr'><strong>sensus</strong></span> <span class='ocrx_word' id='word_1_172' title='bbox 620 2796 819 2861; x_wconf 85' lang='lat' dir='ltr'><strong>pietatis</strong></span> <span class='ocrx_word' id='word_1_173' title='bbox 865 2812 975 2844; x_wconf 91' lang='lat' dir='ltr'><strong>cum</strong></span> <span class='ocrx_word' id='word_1_174' title='bbox 1024 2796 1216 2860; x_wconf 79' lang='lat' dir='ltr'><strong>patriae</strong></span> <span class='ocrx_word' id='word_1_175' title='bbox 1262 2811 1433 2844; x_wconf 88' lang='lat' dir='ltr'><strong>amore</strong></span> <span class='ocrx_word' id='word_1_176' title='bbox 1477 2786 1699 2860; x_wconf 77' lang='lat' dir='ltr'><strong>pugnans</strong></span> <span class='ocrx_word' id='word_1_177' title='bbox 1758 2793 1982 2843; x_wconf 83' lang='lat' dir='ltr'><strong>declare-</strong></span> 
     </span>
     <span class='ocr_line' id='line_1_32' title="bbox 297 2874 1984 2940; baseline -0.001 -16"><span class='ocrx_word' id='word_1_178' title='bbox 297 2880 396 2925; x_wconf 88' lang='lat' dir='ltr'><strong>tur.</strong></span> <span class='ocrx_word' id='word_1_179' title='bbox 464 2874 620 2940; x_wconf 82' lang='lat' dir='ltr'><strong>Virgo</strong></span> <span class='ocrx_word' id='word_1_180' title='bbox 653 2882 817 2924; x_wconf 88' lang='lat' dir='ltr'><strong>autem</strong></span> <span class='ocrx_word' id='word_1_181' title='bbox 851 2891 1095 2940; x_wconf 85' lang='lat' dir='ltr'><strong>generoso</strong></span> <span class='ocrx_word' id='word_1_182' title='bbox 1131 2876 1401 2940; x_wconf 71' lang='lat' dir='ltr'><strong>obsequio,</strong></span> <span class='ocrx_word' id='word_1_183' title='bbox 1437 2875 1567 2939; x_wconf 87' lang='lat' dir='ltr'><strong>quod</strong></span> <span class='ocrx_word' id='word_1_184' title='bbox 1604 2890 1719 2922; x_wconf 89' lang='lat' dir='ltr'><strong>vera</strong></span> <span class='ocrx_word' id='word_1_185' title='bbox 1751 2879 1984 2938; x_wconf 86' lang='lat' dir='ltr'><strong>rectaque</strong></span> 
     </span>
     <span class='ocr_line' id='line_1_33' title="bbox 299 2954 1982 3022; baseline -0.001 -18"><span class='ocrx_word' id='word_1_186' title='bbox 299 2971 414 3004; x_wconf 89' lang='lat' dir='ltr'><strong>esse</strong></span> <span class='ocrx_word' id='word_1_187' title='bbox 449 2971 769 3018; x_wconf 87' lang='lat' dir='ltr'><strong>quaecunque</strong></span> <span class='ocrx_word' id='word_1_188' title='bbox 802 2962 945 3022; x_wconf 87' lang='lat' dir='ltr'><strong>pater</strong></span> <span class='ocrx_word' id='word_1_189' title='bbox 986 2956 1153 3005; x_wconf 88' lang='lat' dir='ltr'><strong>iubeat</strong></span> <span class='ocrx_word' id='word_1_190' title='bbox 1201 2955 1295 3005; x_wconf 88' lang='lat' dir='ltr'><strong>sibi</strong></span> <span class='ocrx_word' id='word_1_191' title='bbox 1343 2954 1616 3020; x_wconf 76' lang='lat' dir='ltr'><strong>persuasit,</strong></span> <span class='ocrx_word' id='word_1_192' title='bbox 1665 2955 1817 3003; x_wconf 87' lang='lat' dir='ltr'><strong>sacris</strong></span> <span class='ocrx_word' id='word_1_193' title='bbox 1867 2957 1982 3002; x_wconf 86' lang='lat' dir='ltr'><strong>ante</strong></span> 
     </span>
    </p>
   </div>
   <div class='ocr_carea' id='block_1_3' title="bbox 303 3078 1983 3489">
    <p class='ocr_par' dir='ltr' id='par_1_19' title="bbox 355 3078 979 3137">
     <span class='ocr_line' id='line_1_34' title="bbox 355 3078 979 3137; baseline 0.003 -15"><span class='ocrx_word' id='word_1_194' title='bbox 355 3082 407 3135; x_wconf 63' lang='lat'><strong>²³)</strong></span> <span class='ocrx_word' id='word_1_195' title='bbox 438 3080 570 3123; x_wconf 84' lang='lat' dir='ltr'><strong>Ennii</strong></span> <span class='ocrx_word' id='word_1_196' title='bbox 596 3081 763 3137; x_wconf 78' lang='lat' dir='ltr'><strong>fragm.</strong></span> <span class='ocrx_word' id='word_1_197' title='bbox 793 3081 879 3123; x_wconf 88' lang='lat' dir='ltr'><strong>inc.</strong></span> <span class='ocrx_word' id='word_1_198' title='bbox 907 3078 979 3124; x_wconf 86' lang='lat'><strong>45.</strong></span> 
     </span>
    </p>

    <p class='ocr_par' dir='ltr' id='par_1_20' title="bbox 329 3144 1983 3349">
     <span class='ocr_line' id='line_1_35' title="bbox 329 3144 1982 3208; baseline 0 -15"><span class='ocrx_word' id='word_1_199' title='bbox 329 3149 411 3206; x_wconf 53' lang='grc' dir='ltr'><strong>Ἡ)</strong></span> <span class='ocrx_word' id='word_1_200' title='bbox 442 3153 591 3208; x_wconf 81' lang='lat' dir='ltr'><strong>Etym.</strong></span> <span class='ocrx_word' id='word_1_201' title='bbox 621 3152 685 3193; x_wconf 88' lang='lat' dir='ltr'><strong>M.</strong></span> <span class='ocrx_word' id='word_1_202' title='bbox 703 3167 714 3193; x_wconf 76' lang='lat' dir='ltr'>e</span> <span class='ocrx_word' id='word_1_203' title='bbox 760 3148 963 3202; x_wconf 79' lang='grc' dir='ltr'><strong><em>Ἀσιάδος</em></strong></span> <span class='ocrx_word' id='word_1_204' title='bbox 993 3148 1231 3208; x_wconf 76' lang='grc' dir='ltr'><strong><em>κρούματα</em></strong></span> <span class='ocrx_word' id='word_1_205' title='bbox 1267 3153 1351 3207; x_wconf 86' lang='grc' dir='ltr'><strong>τῆς</strong></span> <span class='ocrx_word' id='word_1_206' title='bbox 1379 3146 1602 3208; x_wconf 77' lang='grc' dir='ltr'><strong><em>κιθάρας·</em></strong></span> <span class='ocrx_word' id='word_1_207' title='bbox 1634 3165 1659 3193; x_wconf 91' lang='lat' dir='ltr'><strong>o</strong></span> <span class='ocrx_word' id='word_1_208' title='bbox 1671 3144 1703 3192; x_wconf 70' lang='grc' dir='ltr'>ὅ</span> <span class='ocrx_word' id='word_1_209' title='bbox 1710 3165 1736 3192; x_wconf 89' lang='grc' dir='ltr'><strong><em>τ</em></strong></span> <span class='ocrx_word' id='word_1_210' title='bbox 1748 3164 1784 3191; x_wconf 89' lang='grc' dir='ltr'><em>ω</em></span> <span class='ocrx_word' id='word_1_211' title='bbox 1797 3163 1820 3199; x_wconf 85' lang='grc' dir='ltr'><strong><em>ς</em></strong></span> <span class='ocrx_word' id='word_1_212' title='bbox 1849 3144 1888 3191; x_wconf 85' lang='lat' dir='ltr'><strong>&#39;A</strong></span> <span class='ocrx_word' id='word_1_213' title='bbox 1902 3163 1927 3206; x_wconf 91' lang='grc' dir='ltr'><strong><em>ρ</em></strong></span> <span class='ocrx_word' id='word_1_214' title='bbox 1943 3164 1982 3193; x_wconf 92' lang='grc' dir='ltr'><strong><em>ι-</em></strong></span> 
     </span>
     <span class='ocr_line' id='line_1_36' title="bbox 441 3215 1983 3280; baseline -0.001 -15"><span class='ocrx_word' id='word_1_215' title='bbox 441 3219 743 3277; x_wconf 78' lang='grc' dir='ltr'><strong><em>στοφάνης</em></strong></span> <span class='ocrx_word' id='word_1_216' title='bbox 772 3218 923 3277; x_wconf 83' lang='grc' dir='ltr'><strong><em>εἷπε,</em></strong></span> <span class='ocrx_word' id='word_1_217' title='bbox 970 3223 1259 3280; x_wconf 73' lang='grc' dir='ltr'><strong><em>παρῳδῶν</em></strong></span> <span class='ocrx_word' id='word_1_218' title='bbox 1288 3220 1351 3266; x_wconf 84' lang='grc' dir='ltr'><strong>τὸ</strong></span> <span class='ocrx_word' id='word_1_219' title='bbox 1384 3220 1441 3275; x_wconf 75' lang='grc' dir='ltr'><strong>ἐξ</strong></span> <span class='ocrx_word' id='word_1_220' title='bbox 1474 3219 1786 3280; x_wconf 72' lang='grc' dir='ltr'><strong><em>Ἐρεχθέως</em></strong></span> <span class='ocrx_word' id='word_1_221' title='bbox 1813 3215 1983 3276; x_wconf 69' lang='grc' dir='ltr'><strong><em>Εὔρι-</em></strong></span> 
     </span>
     <span class='ocr_line' id='line_1_37' title="bbox 441 3287 1582 3349; baseline 0 -14"><span class='ocrx_word' id='word_1_222' title='bbox 441 3292 546 3336; x_wconf 82' lang='grc' dir='ltr'><strong>πίδ</strong></span> <span class='ocrx_word' id='word_1_223' title='bbox 558 3307 623 3335; x_wconf 90' lang='grc' dir='ltr'><strong>ον</strong></span> <span class='ocrx_word' id='word_1_224' title='bbox 641 3304 653 3317; x_wconf 91' lang='grc'><em>·</em></span> <span class='ocrx_word' id='word_1_225' title='bbox 683 3289 712 3346; x_wconf 84' lang='grc' dir='ltr'><em>ἦ</em></span> <span class='ocrx_word' id='word_1_226' title='bbox 741 3292 979 3349; x_wconf 81' lang='grc' dir='ltr'><strong><em>τρίχορδος</em></strong></span> <span class='ocrx_word' id='word_1_227' title='bbox 1008 3291 1186 3349; x_wconf 77' lang='grc' dir='ltr'><strong><em>κιθάρα</em></strong></span> <span class='ocrx_word' id='word_1_228' title='bbox 1215 3287 1336 3337; x_wconf 71' lang='grc' dir='ltr'><strong><em>οὕτω</em></strong></span> <span class='ocrx_word' id='word_1_229' title='bbox 1365 3295 1582 3336; x_wconf 84' lang='grc' dir='ltr'><strong><em>καλεῖται.</em></strong></span> 
     </span>
    </p>

    <p class='ocr_par' dir='ltr' id='par_1_21' title="bbox 303 3360 1983 3489">
     <span class='ocr_line' id='line_1_38' title="bbox 303 3360 1983 3419; baseline -0.001 -14"><span class='ocrx_word' id='word_1_230' title='bbox 303 3361 408 3418; x_wconf 40' lang='lat' dir='ltr'><strong>*NJ</strong></span> <span class='ocrx_word' id='word_1_231' title='bbox 440 3362 509 3405; x_wconf 85' lang='lat' dir='ltr'><strong>Cf.</strong></span> <span class='ocrx_word' id='word_1_232' title='bbox 542 3362 741 3419; x_wconf 83' lang='lat' dir='ltr'><strong>Lycurgi</strong></span> <span class='ocrx_word' id='word_1_233' title='bbox 769 3363 910 3404; x_wconf 84' lang='lat' dir='ltr'><strong>verba</strong></span> <span class='ocrx_word' id='word_1_234' title='bbox 921 3398 931 3418; x_wconf 91' lang='lat'>,</span> <span class='ocrx_word' id='word_1_235' title='bbox 971 3377 1085 3418; x_wconf 86' lang='lat' dir='ltr'><strong>quae</strong></span> <span class='ocrx_word' id='word_1_236' title='bbox 1115 3376 1252 3418; x_wconf 84' lang='lat' dir='ltr'><strong>supra</strong></span> <span class='ocrx_word' id='word_1_237' title='bbox 1280 3362 1521 3418; x_wconf 65' lang='lat' dir='ltr'><strong>posuimuS,</strong></span> <span class='ocrx_word' id='word_1_238' title='bbox 1549 3366 1643 3406; x_wconf 90' lang='lat' dir='ltr'><strong>tum</strong></span> <span class='ocrx_word' id='word_1_239' title='bbox 1660 3360 1983 3418; x_wconf 82' lang='lat' dir='ltr'><strong>Apollodorum</strong></span> 
     </span>
     <span class='ocr_line' id='line_1_39' title="bbox 441 3433 1355 3489; baseline 0 -14"><span class='ocrx_word' id='word_1_240' title='bbox 441 3436 486 3476; x_wconf 83' lang='lat' dir='ltr'><strong>et</strong></span> <span class='ocrx_word' id='word_1_241' title='bbox 513 3433 979 3489; x_wconf 78' lang='lat' dir='ltr'><strong>Pseudoplutarchum</strong></span> <span class='ocrx_word' id='word_1_242' title='bbox 1007 3434 1120 3478; x_wconf 82' lang='lat' dir='ltr'><strong>locis</strong></span> <span class='ocrx_word' id='word_1_243' title='bbox 1147 3434 1355 3479; x_wconf 78' lang='lat' dir='ltr'><strong>laudatis.</strong></span> 
     </span>
    </p>
   </div>
  </div>
 </body>
</html>
