2144 3854
1063 250 1181 307 102

272 402 465 458 xissent
496 399 708 450 initium.
776 398 851 447 Ac
883 402 988 445 tum
1010 396 1212 461 quidem
1236 395 1572 460 Anaxagoram
1599 394 1828 445 admirati
1847 401 1967 446 sunt

272 482 359 546 qui
407 480 641 540 aderant,
690 476 780 526 sed
830 475 999 543 paullo
1031 481 1146 541 post
1178 476 1512 540 Lamponem‚
1563 490 1743 538 quum,
1788 473 1966 527 fractis

270 559 581 624 Thucydidis
615 557 825 623 opibus,
870 557 934 606 ad
980 557 1127 606 unius
1171 555 1382 606 Periclis
1424 554 1693 620 potentiam
1740 554 1968 606 universa

269 639 550 704 respublica
583 638 813 688 redisset.
879 637 1084 686 Poterat
1115 652 1236 687 vero
1267 640 1408 685 recte
1440 641 1652 699 uterque
1677 635 1969 698 coniecisse,

270 723 371 768 tam
418 719 747 784 philosophus
793 734 940 783 quam
976 722 1142 778 vates,
1195 717 1322 766 alter
1357 732 1599 776 caussam,
1647 715 1774 764 alter
1816 715 1968 766 finem

270 804 546 848 assecutus.
614 799 747 849 lilius
782 800 911 849 enim
947 803 1082 858 erat,
1131 813 1225 862 qua
1258 798 1323 846 de
1357 811 1534 845 caussa
1568 801 1619 844 et
1651 811 1747 859 qua
1777 796 1971 846 ratione

269 877 391 927 illud
425 885 595 928 natum
630 884 792 938 esset,
843 879 1131 944 exquirere3
1166 877 1346 936 huius,
1381 878 1444 927 ad
1479 875 1715 940 quidnam
1747 877 1970 941 genitum

273 964 411 1008 esset
440 964 490 1008 et
515 959 630 1023 quid
657 957 996 1024 portenderet,
1031 955 1378 1024 praedicere.”
1414 956 1714 1006 Producitur
1735 956 1797 1005 ab
1819 956 1964 1006 Euri·

270 1038 389 1103 pide
402 1039 541 1105 virgo
568 1040 844 1104 praeceptis
872 1039 1046 1088 matris
1059 1038 1385 1104 philosophae
1399 1038 1606 1095 imbuta,
1629 1052 1755 1100 quae
1769 1050 1969 1086 caussas

270 1134 438 1168 rerum
474 1119 858 1169 demonstrando
891 1119 1116 1185 prodigia
1149 1119 1280 1167 nulla
1314 1134 1428 1167 esse
1477 1119 1682 1178 doceat3
1733 1115 1969 1181 produci-

268 1203 355 1248 tur
387 1214 541 1249 senex
573 1200 860 1264 religiosu8‚
913 1201 964 1249 in
999 1200 1315 1248 observandis
1349 1198 1583 1263 auspiciis
1627 1197 1971 1261 ominibusque

271 1278 666 1340 curiosissimum
715 1280 859 1328 adest
893 1279 1105 1343 denique
1136 1279 1514 1345 paterfamiliaS,
1549 1277 1672 1328 satis
1707 1277 1907 1341 quidem
1940 1293 1971 1327 a

271 1360 628 1423 superstitione
663 1364 713 1408 et
746 1359 979 1426 religioso
1016 1366 1223 1424 stupore
1255 1359 1471 1421 alienuS‚
1523 1359 1615 1408 sed
1659 1358 1744 1422 qui
1778 1358 1970 1419 timeat,

273 1453 338 1487 ne
371 1439 566 1488 sublata
599 1440 815 1488 ominum
847 1441 910 1498 vi,
947 1440 1125 1503 quibus
1161 1441 1462 1489 voluntatem
1498 1455 1638 1488 suam
1671 1438 1742 1486 dii
1778 1437 1968 1501 signifi-

272 1522 414 1576 cent,
462 1519 611 1567 simul
655 1519 817 1583 pietas
866 1520 1201 1584 sanctitasque
1234 1520 1437 1568 tollatur
1471 1534 1631 1583 neque
1665 1518 1862 1567 omnino
1897 1515 1970 1566 dii

269 1598 422 1647 rebus
464 1598 693 1647 humanis
738 1599 1029 1663 proqiicere
1074 1599 1345 1648 videantur.
1413 1599 1526 1647 Hoc
1561 1599 1731 1647 drama
1761 1613 1969 1648 numero

270 1676 473 1734 eorum,
535 1694 662 1742 quae
715 1678 889 1743 primis
949 1679 1117 1727 statim
1163 1678 1470 1744 temporibus
1515 1684 1687 1728 noster
1727 1678 1968 1742 docuerit,

267 1756 429 1808 fuisse
482 1758 601 1807 inde
635 1759 873 1820 conficio,
920 1758 1052 1823 quod
1101 1775 1275 1824 parum
1309 1765 1484 1808 cautus
1519 1775 1716 1815 versum
1748 1761 1799 1809 in
1831 1759 1970 1824 prin-

270 1837 401 1902 cipio
435 1839 606 1903 posuit
638 1855 771 1896 eum,
805 1839 856 1887 in
890 1854 987 1901 quo
1022 1839 1205 1889 theatri
1238 1838 1563 1887 offensionem
1585 1839 1745 1888 minus
1773 1839 1967 1892 vitaret.

270 1913 485 1969 Videtur
519 1918 672 1984 igitur
709 1923 853 1967 antea
886 1919 984 1967 hoc
1018 1920 1190 1967 drama
1223 1919 1514 1983 scripsisse,
1562 1934 1708 1981 quam
1744 1918 1967 1968 Socratis

267 2001 415 2047 utens
451 1998 829 2056 consuetudine,
863 2002 919 2046 ut
951 1998 1022 2046 ait
1057 1998 1338 2062 DionysiuS,
1373 1998 1435 2047 ad
1462 1999 1861 2063 probabilitatem
1885 2014 1967 2048 ra-

267 2077 456 2128 tionem
488 2076 874 2142 philosophandi
906 2078 1219 2127 traduceret:
1253 2074 1382 2142 μετὰ
1414 2080 1584 2128 ταῦτα
1618 2076 1845 2146 ὡμίλησε
1875 2075 1968 2131 καὶ

269 2155 566 2222 Σωκράτει,
627 2154 718 2208 καὶ
777 2154 863 2207 ἐπὶ
922 2156 982 2208 τὸ
1039 2156 1408 2224 εὐπορώτερον
1453 2160 1618 2225 ἤγαγε
1662 2160 1758 2212 τὸν
1804 2159 1968 2226 λόγον

270 2237 446 2302 (Rhet.
481 2237 611 2299 VIII,
648 2237 773 2305 11.).
857 2239 1081 2303 Eamque
1113 2255 1220 2288 rem
1254 2240 1329 2289 sic
1362 2256 1418 2289 se
1449 2240 1685 2291 habuisse
1732 2242 1967 2306 intelligi-

270 2322 357 2369 tur
388 2319 520 2378 inde,
558 2320 691 2384 quod
724 2319 878 2369 istum
911 2335 1108 2369 versum
1142 2319 1412 2385 Euripides
1446 2321 1558 2386 ipse
1589 2328 1765 2386 postea
1786 2323 1965 2372 immu—

269 2399 409 2449 tavit.

400 2479 642 2529 Eiusdem
685 2479 880 2544 generis
928 2485 1078 2545 atque
1134 2480 1421 2547 Menalippa
1481 2481 1748 2531 Cretenses
1807 2481 1965 2532 fuisse

269 2568 323 2609 et
356 2559 571 2609 Cadmus
591 2560 789 2610 fabulae
822 2561 1070 2610 videntur.
1107 2560 1160 2608 ln
1193 2561 1280 2609 illa
1314 2562 1445 2610 enim
1478 2561 1723 2612 Daedalus
1755 2562 1964 2612 induce-

267 2641 439 2702 batur,
485 2655 586 2690 non
635 2640 798 2689 solum
842 2645 1046 2689 naturae
1088 2656 1257 2690 rerum
1291 2641 1575 2705 explorator
1608 2642 1959 2707 peritissimus,

268 2720 360 2769 sed
393 2720 541 2770 etiam
567 2721 900 2770 machinarum
916 2719 1188 2771 fabricator
1209 2721 1652 2787 ingeniosissimuS,
1686 2723 1827 2770 cuius
1861 2721 1963 2770 sol-

267 2799 418 2850 lertia
463 2803 516 2849 et
560 2805 735 2850 natura
780 2805 1102 2866 superaretur
1152 2806 1205 2850 et
1254 2802 1449 2865 tyranni
1481 2802 1702 2866 potentia
1736 2800 1963 2855 eludere-

267 2884 381 2940 tur;
433 2881 667 2943 idemque
698 2885 835 2929 tanta
869 2887 978 2930 erat
1010 2880 1242 2941 audacia,
1285 2885 1343 2929 ut
1391 2880 1627 2930 feminam
1671 2886 1811 2930 tauro
1844 2882 1962 2931 sub-

266 2960 512 3008 mittendo
545 2964 819 3008 monstrum
852 2960 1146 3010 tauriforme
1177 2961 1430 3026 procreari
1480 2960 1675 3010 faceret
1707 2961 1964 3025 filiumque

268 3054 411 3088 suum
455 3040 629 3104 pennis
675 3040 968 3089 instructum
1017 3041 1069 3090 in
1111 3028 1382 3090 alitemsex
1423 3040 1626 3090 homine
1658 3048 1871 3092 mutaret
1889 3040 1959 3108 *),

268 3135 396 3184 quae
429 3119 816 3168 machinationes
862 3135 964 3169 non
1012 3125 1153 3170 erant
1193 3121 1379 3169 alienae
1427 3119 1474 3167 ei
1525 3120 1809 3184 doctrinae,
1864 3137 1962 3187 qua

267 3200 541 3250 communis
590 3199 809 3249 omnium
853 3216 1023 3250 rerum
1065 3201 1205 3266 origo
1236 3200 1398 3249 fuisse
1429 3205 1760 3264 statueretur,
1780 3230 1784 3233 -
1808 3217 1960 3266 quum

323 3425 378 3482 *)
407 3425 476 3470 Cf.
503 3404 809 3482 Nicephorum
835 3426 881 3470 in
908 3439 1145 3484 progymn.
1175 3427 1335 3485 (Rhet.
1353 3440 1422 3484 gr.
1446 3427 1516 3470 ed.
1531 3427 1674 3471 Walz.
1694 3428 1732 3471 1.
1757 3443 1802 3484 p.
1817 3425 1960 3483 436.)-
