2144 3854
1177 293 1258 350 96

382 439 675 506 disputaturi
705 452 902 487 sumus:
936 439 1032 487 hoc
1056 438 1252 503 quidem
1277 439 1387 488 loco
1417 440 1694 489 naturali
1716 441 2062 508 philosophiae

381 525 609 585 quantum
635 518 899 583 Euripides
933 519 1164 568 tribuerit
1188 520 1434 585 explicare
1465 521 1823 570 constituimus.
1889 521 2059 574 Disse-

378 602 476 649 ruit
519 604 683 646 autem
731 598 922 662 pridem
969 599 1032 648 de
1080 599 1176 647 hac
1209 615 1266 647 re
1300 599 1586 648 doctissime
1618 599 1975 652 Valckenarius
2008 604 2062 653 iu

378 679 586 728 diatriba
638 694 687 742 p.
722 678 786 725 34
820 692 956 742 seqq.
980 675 1031 743 *)
1078 678 1310 742 idemque
1355 695 1527 728 versus
1561 679 1841 744 Euripidis,
1886 682 2061 746 quibus

377 758 619 807 sententia
652 757 757 806 eius
793 757 1033 806 declarari
1066 758 1331 818 videretur,
1369 765 1421 808 et
1455 759 1752 824 scriptorum
1785 761 2062 810 testimonia

377 838 588 901 collegit.
659 837 984 898 Quamobrem
1021 853 1126 898 noS‚
1162 855 1224 886 ne
1258 844 1364 886 acta
1399 854 1545 901 agere
1571 839 1836 900 videamur,
1871 846 2061 890 tantum

375 918 439 966 de
473 917 619 964 rebus
656 916 829 964 divinis
865 918 979 979 quid
1013 918 1275 981 Euripides
1322 919 1578 976 statuerit,
1634 919 1928 982 exquisituri
1979 937 2062 969 su-

376 1013 502 1046 mus,
569 997 637 1045 Et
672 996 1018 1047 Valckenarius
1054 996 1279 1060 quidem,
1315 998 1432 1060 quid
1468 998 1602 1046 effici
1638 1000 1934 1048 testimoniis
1967 1017 2061 1065 pu-

377 1082 536 1138 taret,
583 1077 660 1124 his
694 1076 858 1126 verbis
894 1077 1191 1125 enuntiavit:
1244 1076 1530 1138 „Deorum‚
1576 1077 1745 1140 quales
1786 1095 1820 1126 a
1853 1078 2060 1129 Graecis

373 1156 518 1220 vulgo
568 1157 875 1214 colerentur,
928 1160 1203 1204 contemtor
1248 1156 1511 1221 Euripides
1558 1157 1754 1206 unicum
1802 1159 2062 1223 agnovisse

375 1235 521 1284 deum
555 1236 750 1284 videtur
796 1233 1073 1302 αὐτοφυῆ,
1124 1241 1340 1284 mentem
1375 1253 1577 1299 puram,
1625 1241 1874 1286 aeternam
1911 1243 2059 1302 atque

373 1316 495 1364 adeo
530 1315 783 1375 infinitam,
820 1317 1096 1380 nulliusque
1127 1316 1200 1364 rei
1232 1315 1476 1378 indigam:
1510 1331 1607 1365 non
1639 1316 1743 1379 ille,
1779 1333 1904 1381 quae
1938 1319 2059 1367 alio-

372 1410 481 1443 rum
516 1394 613 1442 fuit
641 1395 820 1459 opinio,
859 1396 1003 1445 deum
1029 1401 1243 1445 mentem
1276 1410 1388 1443 esse
1412 1395 1621 1457 censuit,
1646 1412 1788 1460 quae,
1823 1398 2060 1448 materiae

371 1474 507 1523 velut
540 1474 702 1522 infusa
737 1492 794 1523 ac
829 1492 939 1524 cum
975 1476 1058 1523 illa
1092 1479 1230 1523 arcte
1265 1475 1546 1532 coniuncta,
1593 1475 1720 1524 hanc
1764 1477 1947 1526 molem
1980 1478 2057 1526 in-

371 1559 477 1603 star
511 1553 716 1617 spiritus
751 1556 972 1616 agitaret,
1009 1553 1096 1602 sed
1131 1570 1301 1618 puram
1338 1560 1386 1602 et
1419 1570 1447 1601 a
1480 1555 1684 1602 materia
1716 1555 1861 1618 longe
1895 1573 2057 1607 semo-

372 1639 503 1682 tam:
543 1634 621 1681 cui
654 1635 903 1695 materiae,
939 1638 1111 1682 natura
1147 1649 1234 1681 sua
1255 1633 1527 1695 quiescenti
1552 1638 1604 1680 et
1631 1633 1882 1693 confusae,
1917 1651 2058 1685 mens

370 1714 466 1762 ista
501 1712 660 1760 divina
695 1718 881 1760 motum
915 1713 1147 1760 indiderit
1179 1719 1327 1775 atque
1372 1717 1623 1773 ornatum,
1676 1715 1885 1762 creatrix
1932 1714 2058 1764 coeli

371 1798 424 1842 et
455 1797 634 1840 terrae.
701 1791 905 1840 Coelum
939 1798 1131 1849 autem,
1169 1793 1269 1841 sive
1301 1791 1534 1853 Aethera,
1588 1797 1639 1840 et
1671 1790 1880 1842 Terram
1923 1795 2059 1844 velut

370 1871 468 1921 duo
503 1871 746 1919 elementa
781 1870 1133 1929 consideravit,
1185 1886 1246 1918 ex
1293 1871 1468 1932 quibus
1517 1871 1677 1918 omnia
1721 1871 1773 1920 in
1819 1873 1916 1922 hoc
1950 1875 2056 1923 uni-

369 1966 515 2000 verso
551 1956 887 2010 nascerentur,
920 1954 971 1998 et
1004 1951 1055 1998 in
1090 1965 1214 2012 quae
1248 1949 1425 2009 omnia,
1463 1965 1573 1997 cum
1598 1948 1884 2001 viderentur
1911 1953 2055 2014 mori,

367 2031 420 2079 in
454 2046 594 2079 suum
631 2029 875 2094 quodque,
911 2026 1316 2078 revolverentur.”
1390 2027 1636 2091 Equidem
1669 2029 1795 2078 haec
1828 2032 2053 2082 testimo-

367 2112 458 2161 niis
505 2110 672 2158 inesse
716 2125 857 2172 nego.
924 2109 1088 2158 Unum
1131 2111 1320 2156 tantum
1355 2123 1447 2171 pro
1483 2113 1620 2156 certo
1655 2109 1824 2158 habuit
1856 2109 2054 2176 Euripi-

368 2191 488 2250 des,
546 2204 642 2237 non
688 2191 879 2235 temere
925 2204 982 2235 ac
1018 2186 1223 2236 fortuito
1257 2203 1337 2236 res
1373 2190 1456 2234 aut
1490 2187 1732 2252 principio
1767 2194 1906 2239 natas
1942 2207 2055 2241 esse

367 2275 452 2319 aut
483 2273 727 2334 perpetuo
763 2268 909 2331 gigni,
942 2283 1102 2330 neque
1136 2267 1243 2315 sine
1277 2266 1455 2314 summi
1475 2267 1676 2315 alicuius
1703 2269 1913 2317 numinis
1939 2287 2054 2335 pro-

368 2350 621 2399 curatione
653 2363 736 2396 res
770 2345 1006 2394 humanas
1041 2345 1388 2395 administrari.
1459 2345 1692 2394 Ceterum
1725 2345 1846 2395 illud
1872 2363 2054 2399 numen

366 2430 445 2478 vel
477 2428 559 2476 illa
591 2428 662 2475 vis
697 2426 851 2490 qualis
886 2431 1020 2474 esset
1051 2424 1131 2473 vel
1165 2440 1374 2488 quonam
1400 2425 1595 2474 nomine
1617 2425 1925 2492 appellanda,
1960 2429 2051 2478 du-

367 2511 570 2560 bitabat.
642 2505 719 2554 Cf.
754 2503 934 2555 Troad.
969 2508 1092 2553 877:

499 2578 541 2637 ὦ
575 2587 671 2652 γῆς
705 2585 876 2648 ὄχημα
907 2581 1036 2634 κάπὶ
1067 2584 1166 2649 γῆς
1200 2581 1331 2649 ἔχων
1365 2582 1544 2648 ἕδραν,

479 2663 636 2725 ’ὅςτις
670 2666 785 2715 ποτ’
822 2658 872 2714 εἷ
903 2663 985 2724 σύ,
1023 2662 1484 2724 δυςτόπαστος
1518 2660 1786 2727 εἰδέναι,

503 2743 695 2806 Ζεύς,
747 2743 856 2795 εἴτ’
899 2743 1151 2811 ἀνάγκη
1197 2743 1474 2809 φύσεος,
1524 2742 1657 2794 εἴτε
1704 2745 1867 2804 νοῦς
1898 2743 2049 2809 βρο-

1203 2825 1348 2887 τῶν,

495 2903 862 2972 προςευξοὲμην
897 2914 980 2955 σε·
1013 2903 1230 2956 πάντα
1262 2904 1405 2970 γάρ,
1443 2901 1512 2954 δι’
1547 2900 1768 2967 α’ψόφου

497 2984 704 3053 βαίνων
736 2984 1013 3046 κελεύθου,
1048 2984 1216 3037 κατὰ
1251 2984 1447 3049 δίκην
1478 2981 1552 3033 τὰ
1584 2982 1772 3050 θνήτ’
1809 2983 2013 3049 ἄγεις.

500 3102 642 3143 schol.
670 3101 815 3154 Ap'oll.
846 3099 995 3140 Rhod.
1025 3098 1097 3149 IV,
1126 3097 1249 3152 269„
1292 3098 1432 3139 schol.
1463 3096 1589 3139 Pind.
1622 3096 1691 3139 ol.
1721 3097 1768 3150 1,
1796 3095 1883 3150 97„
1909 3096 2044 3153 Diog,

497 3168 1176 3221 Laert.11‚10.45.‚Vit1-uv.
1220 3168 1406 3223 praefat
1436 3166 1515 3209 lib.
1556 3167 2045 3262 V111.,Dionys.1{a1.

497 3241 633 3285 Rhet.
660 3255 705 3295 p.
735 3238 806 3291 85,
836 3239 922 3291 21„
949 3239 1096 3280 Strab.
1131 3239 1241 3280 XIV.
1272 3253 1316 3293 p.
1345 3234 1444 3278 444.

434 3312 472 3367 *)
502 3311 639 3362 Adde,
668 3311 708 3352 si
735 3310 871 3362 lubet,
901 3308 1242 3370 Wideburgi
1281 3306 1566 3362 scriptionem
1594 3307 1650 3349 de
1679 3306 1788 3361 phil.
1817 3304 2046 3360 Euripidis

498 3380 682 3433 morali,
721 3381 911 3423 Helmst.
949 3358 1076 3421 1805.
1122 3378 1340 3422 Archives
1379 3377 1638 3430 litteraires,
1691 3369 1874 3418 Parisiis
1915 3374 2044 3418 1805.

497 3450 552 3494 Ν.
590 3451 681 3494 XV.
721 3465 765 3505 p.
806 3448 892 3491 417
928 3463 1049 3503 seqq.
1118 3450 1549 3500 Zimmermann‚
1579 3447 1638 3489 de
1675 3446 1811 3489 theol.
1852 3445 1955 3487 Eur.
1998 3445 2043 3487 in

495 3520 613 3563 Mus.
639 3522 820 3564 Helvet.
850 3519 952 3562 anni
979 3518 1104 3564 1750.
1134 3535 1175 3575 p.
1206 3521 1274 3563 17.
1326 3519 1559 3561 Muller.
1595 3515 1831 3572 Euripides
1860 3516 2043 3559 deorum

498 3591 784 3647 popularium
814 3594 1074 3644 contemtor,
1112 3590 1258 3634 Bresl.
1293 3588 1426 3633 1826.
