2144 3854
966 314 1046 370 83

96 514 101 519 .
157 466 341 515 Proeto
362 464 622 531 perfidiam
647 461 1026 527 exprobrantem
1063 475 1250 523 suaque
1284 457 1416 508 facta
1448 459 1613 524 ipsum
1635 473 1847 524 purgan-

157 553 276 597 tem.
345 545 498 595 Cuius
533 541 740 593 orationi
772 540 896 590 haec
929 539 1138 588 infuisse

290 622 322 676 ὅ
355 622 404 675 δ’
441 622 512 684 εἰς
543 620 603 674 τὸ
637 622 860 686 σῶφρον
892 616 971 670 ἐπ’
1006 616 1202 684 ἀρετήν
1232 617 1278 666 τ’
1314 617 1464 682 ἄγων
1495 614 1630 683 ἔρως

292 700 519 771 ζηλωτὸς
551 700 942 770 ἀνθρώποισιν,
973 687 1051 751 ὧν
1083 697 1201 765 εἴην
1233 694 1336 764 ἐγώ
1371 725 1433 735 ——

156 786 301 836 testis
337 793 416 835 est
449 784 714 850 Gregorius
748 783 781 832 l.
817 782 852 832 l.

289 866 602 915 Stheneboea
635 864 731 913 etsi
763 862 946 912 amoris
980 862 1153 911 furore
1187 864 1466 920 excusatur,
1498 863 1664 908 tamen
1684 865 1737 910 et
1760 878 1846 911 ne-

156 946 306 996 fanda
351 947 513 1007 frauS,
567 961 713 1008 quam
761 943 1037 993 machinata
1085 944 1164 990 est
1208 939 1608 1004 Bellerophonti,
1661 946 1713 989 et
1757 942 1847 990 de-

156 1027 360 1087 mentia,
403 1042 499 1090 qua
548 1041 710 1088 neque
744 1024 903 1073 mariti
955 1037 1116 1086 neque
1149 1020 1420 1069 liberorum
1455 1021 1644 1069 ratione
1681 1021 1848 1070 habita

156 1107 449 1172 abiectoque
473 1107 679 1172 pudore,
714 1105 932 1153 insidens
961 1117 1087 1167 equo
1121 1103 1251 1152 alato
1285 1108 1435 1166 atque
1464 1101 1689 1165 amplexa
1712 1116 1846 1150 ama-

156 1187 315 1245 sium,
350 1203 378 1235 a
411 1187 558 1235 domo
592 1186 951 1251 penatibusque
983 1182 1230 1248 profugit,
1266 1188 1449 1232 tantam
1483 1182 1654 1230 animis
1689 1182 1846 1231 hone-

154 1268 246 1316 stis
279 1267 663 1333 indignationem
715 1269 910 1325 movet,
955 1268 1010 1311 ut
1053 1279 1223 1312 verum
1269 1279 1382 1312 esse
1425 1261 1729 1312 credendum
1778 1263 1847 1312 sit

153 1347 285 1411 quod
318 1346 675 1412 Aristophanes
711 1345 855 1410 (Rau.
892 1341 1056 1405 1050.)
1090 1343 1333 1403 affirmat,
1378 1342 1613 1393 honestas
1660 1350 1845 1393 matro-

153 1444 242 1477 nas
275 1434 488 1478 mortem
523 1428 622 1476 sibi
656 1425 966 1484 conscivisse,
1001 1423 1113 1473 loco
1149 1422 1493 1474 Stheneboeae
1525 1423 1712 1474 fractas
1746 1442 1841 1490 pu-

152 1508 294 1569 dore,

284 1585 366 1639 ὅτι
397 1585 646 1653 γενναίας
677 1582 766 1637 καὶ
797 1582 1061 1651 γενναίων
1084 1582 1297 1650 ἀνδρῶν
1320 1581 1548 1650 ἀλόχους
1570 1581 1845 1645 ἀνέπεισας

284 1667 479 1719 κώνεια
523 1668 680 1724 πιεῖν,
729 1663 1102 1732 αἰσχυνθείσας
1141 1662 1230 1716 διὰ
1265 1658 1395 1725 τοὺς
1427 1658 1558 1725 σοὺς
1590 1666 1843 1730 Βελλερο-

1005 1745 1208 1811 φόντας
1221 1745 1290 1811 *).

154 1828 329 1893 Neque
361 1827 643 1893 probandus
678 1832 756 1876 est
789 1827 1002 1876 Proetus
1038 1829 1177 1877 uxori
1211 1826 1449 1877 obnoxius
1484 1832 1538 1875 et
1558 1827 1844 1877 retinendae

151 1909 366 1958 feminae
410 1908 593 1956 infidae
639 1922 812 1956 caussa
870 1907 1062 1971 quidvis
1114 1908 1308 1972 patiens
1354 1921 1615 1970 agensque.
1695 1905 1842 1956 Eius-

152 1989 287 2037 modi
321 1988 474 2053 igitur
505 1987 753 2035 hominum
788 1986 932 2035 dolor
979 2003 1076 2035 non
1121 1986 1558 2035 vehementissime
1591 1991 1841 2052 spectato-

150 2084 234 2117 res
268 2084 468 2117 movere
500 2068 687 2133 potuit,
730 2067 1023 2131 praesertim
1069 2083 1220 2131 quum
1264 2067 1491 2115 viderent
1524 2082 1551 2114 a
1584 2067 1759 2116 iuvene
1792 2071 1844 2116 et

148 2148 500 2197 honestissimo
547 2152 598 2196 et
641 2147 1022 2211 generosissimo
1070 2152 1123 2196 et
1163 2146 1390 2195 nefandis
1448 2147 1642 2195 iniuriis
1704 2147 1842 2197 laeso

148 2244 356 2294 poenam
392 2229 522 2276 sumi
558 2244 694 2289 eam,
741 2243 885 2291 quam
932 2227 1180 2276 adulteras
1225 2227 1334 2292 pati
1379 2226 1603 2276 decebat.
1673 2222 1842 2276 Potuit

149 2313 315 2358 autem
344 2308 670 2356 >nihilominus
703 2308 784 2357 his
818 2308 967 2356 rebus
1003 2313 1164 2357 metus
1195 2311 1343 2370 atque
1365 2306 1708 2356 misericordia
1733 2323 1840 2356 mo-

148 2388 282 2447 veri,
328 2389 372 2436 si
420 2389 493 2449 vis
528 2388 710 2436 amoris
746 2393 884 2436 tanta
915 2388 1128 2436 veritate
1162 2387 1259 2435 fuit
1291 2387 1355 2435 ad
1385 2387 1550 2436 vivum
1587 2403 1842 2451 expressa,

150 2473 211 2518 ut
235 2467 486 2516 dementis⁴
515 2468 672 2517 instar
705 2467 880 2516 mulier
914 2467 1074 2531 abripi
1107 2467 1363 2516 videretur
1397 2468 1458 2516 ad
1487 2468 1841 2516 committenda

152 2563 246 2607 ea,
280 2562 406 2611 quae
438 2548 571 2610 ipsa,
607 2547 649 2595 si
683 2562 799 2595 sana
833 2546 1039 2607 fuisset,
1076 2547 1510 2596 vehementissime
1541 2547 1836 2597 horruisset.

150 2625 365 2675 Miseret
397 2642 486 2676 nos
513 2625 727 2675 Medeae
759 2626 939 2674 liberos
973 2626 1291 2675 trucidantis:
1326 2627 1492 2690 quidni
1510 2628 1659 2676 etiam
1688 2628 1839 2677 Sthe-

152 2705 376 2755 neboeae
409 2712 610 2767 sortem,
646 2709 1052 2770 repraesentante
1075 2705 1342 2771 Euripide,
1377 2722 1474 2770 quo
1507 2708 1756 2756 neminem
1790 2708 1842 2756 in

148 2787 484 2852 exprimendis
518 2787 668 2835 animi
701 2785 1153 2851 perturbationibus
1187 2791 1377 2835 constat
1400 2785 1640 2835 acriorem
1661 2785 1839 2848 fuisse,

149 2867 480 2916 miserabilem
514 2867 796 2916 hominibus
828 2865 982 2914 visam
1014 2880 1127 2913 esse
1150 2867 1417 2929 putemus?
1483 2865 1710 2930 Eamque
1732 2882 1838 2915 rem

147 2946 224 2996 sic
257 2961 314 2996 se
346 2946 583 2996 habuisse
615 2946 771 2995 multa
805 2951 920 2995 sunt
951 2946 1263 2995 documenta.
1331 2946 1527 3009 Quanto
1561 2945 1691 2995 enim
1734 2950 1838 2996 stu-

149 3026 232 3076 dio
264 3026 362 3076 hoc
394 3028 565 3077 drama
598 3031 872 3093 spectatum
905 3043 935 3074 a
970 3024 1177 3075 Graecis
1206 3027 1577 3092 lectitatumque
1602 3027 1685 3085 sit,
1719 3025 1837 3077 inde

216 3223 264 3279 *)
292 3225 496 3268 Duorum
541 3226 795 3268 dramatum
836 3227 1102 3282 argumenta
1146 3227 1401 3280 permutans
1442 3226 1584 3268 schol.
1624 3225 1682 3268 ad
1719 3225 1838 3267 hunc

287 3295 439 3339 locum
475 3296 670 3339 notavit:
716 3294 882 3340 πολλαὶ
929 3292 1015 3353 γὰρ
1065 3294 1151 3350 τὴν
1203 3295 1491 3352 Σθενέβοιαν
1528 3293 1839 3352 μιμησάμεναι

289 3366 483 3410 πιοῦσαι
504 3365 696 3411 κώνειον
716 3363 1027 3422 ἐτελεύτησαν.
1070 3366 1122 3408 In
1143 3365 1505 3421 Bellerophonte,
1533 3380 1621 3409 non
1639 3366 1683 3409 in
1704 3366 1839 3409 Sthe-

292 3436 488 3491 neboea,
524 3439 613 3481 hoc
650 3437 805 3481 mortis
841 3451 1006 3495 genere
1043 3435 1207 3479 mulier
1250 3435 1459 3491 perierat.
1524 3437 1615 3480 Sed
1661 3435 1837 3480 videtur

292 3507 612 3565 Aristophanes
650 3509 747 3564 ipse
786 3509 986 3551 consulto
1013 3510 1247 3562 utramque
1275 3521 1373 3550 rem
1398 3507 1640 3551 miscuisse.

1229 3576 1317 3625 6*
