2144 3854
1042 306 1166 363 244

263 462 515 516 derantur,
549 471 612 505 ne
644 459 874 518 tanquam
908 452 1040 502 servi
1072 452 1236 518 legum
1269 449 1705 519 institutorumque
1728 455 1935 505 vinculis

255 541 402 591 inviti
433 536 689 603 ignarique
732 533 1097 591 cohiberentur,
1134 531 1223 581 sed
1254 548 1430 596 aequo,
1461 533 1618 582 libero
1652 534 1938 599 lubentique

262 621 423 669 animo
448 632 577 681 quae
595 630 710 663 vera
736 618 973 676 rectaque
998 629 1112 662 esse
1141 612 1499 663 intellexissent
1518 613 1931 678 sequerentur*).

394 697 486 746 His
522 697 571 745 in
603 694 884 745 uuiversum
919 692 1201 757 disputatiS‚
1235 698 1292 741 ut
1323 697 1558 757 tauquam
1591 693 1832 760 exemplis
1847 693 1934 742 do—

263 777 603 840 cumentisque
650 790 777 838 quae
809 774 1130 822 disseruimus
1166 772 1534 833 confirmentur,
1569 774 1633 822 de
1666 773 1937 823 didascalia

262 861 390 924 ipsa,
425 857 563 906 cuius
595 858 789 920 partem
820 853 965 903 Aeoli
995 852 1212 902 fabulam
1249 852 1406 901 fuisse
1432 854 1681 917 fingimus,
1717 854 1934 919 explice-

263 952 389 987 mus.
456 936 765 985 Revocemus
802 938 968 982 autem
1002 933 1064 981 ad
1098 949 1247 981 unum
1273 933 1410 995 quasi
1439 950 1619 998 corpus
1643 934 1935 998 tetralogiae

264 1016 498 1081 Oedipi
531 1014 764 1072 fabulam,
800 1013 884 1077 qui
918 1029 1031 1062 cum
1066 1018 1241 1072 matre,
1276 1013 1475 1074 Aeoli,
1510 1014 1731 1077 quicum
1763 1029 1936 1062 sorore

263 1099 507 1146 incestum
530 1093 809 1150 committit,
845 1092 1252 1152 Laodamiae,
1289 1108 1413 1155 quae
1441 1093 1618 1151 virum,
1655 1110 1803 1158 quem
1819 1109 1934 1158 per-

263 1179 370 1227 dite
401 1179 560 1232 amat,
614 1173 841 1238 neglecto
884 1172 1044 1237 patria
1088 1187 1288 1233 amore,
1353 1172 1414 1220 ad
1459 1171 1645 1222 inferos
1693 1175 1935 1238 sequitur,

264 1254 583 1313 Achillis,
618 1252 700 1315 qui
735 1268 847 1301 cum
867 1251 969 1300 filia
992 1251 1305 1315 Lycomedis,
1339 1255 1574 1316 tanquam
1602 1269 1790 1315 sorore,
1818 1271 1934 1304 con·

262 1334 466 1385 cumbit.
534 1331 711 1395 Neque
742 1331 875 1381 enim
907 1331 1174 1395 quidquam
1203 1331 1382 1392 obstat,
1417 1333 1533 1395 quin
1557 1333 1682 1382 haec
1714 1334 1937 1382 dramata

263 1415 394 1465 circa
428 1412 504 1463 01.
527 1414 673 1472 86,1.
708 1427 833 1461 anno
868 1413 982 1460 435.
1017 1427 1112 1460 una
1156 1412 1205 1460 in
1240 1415 1488 1460 certamen
1523 1413 1788 1462 commissa
1821 1429 1936 1462 esse

262 1494 519 1559 fingamus,
553 1495 606 1539 et
639 1490 1003 1540 similitudinem
1037 1492 1281 1556 quandam
1313 1507 1479 1540 rerum
1512 1497 1934 1556 argumentorum-

264 1588 362 1636 que
406 1572 745 1632 intercedere,
796 1587 894 1636 qua
934 1574 1075 1620 recte
1122 1572 1521 1621 consociarentur
1569 1577 1623 1621 et
1654 1571 1717 1620 ad
1750 1577 1935 1621 certam

261 1656 440 1717 poetae
470 1650 770 1701 voluntatem
813 1649 1186 1716 significandam
1233 1657 1613 1711 revocarentur,
1663 1651 1812 1703 facile
1858 1653 1936 1704 in-

263 1732 514 1797 telligitur.

762 2003 827 2057 A.
914 2000 1436 2076 Oedipus·

395 2136 753 2201 Argumentum
784 2136 1076 2197 narrationi,
1128 2153 1271 2201 quam
1313 2136 1539 2200 Hyginus
1574 2151 1617 2185 c.
1651 2138 1731 2186 66.
1768 2141 1819 2185 et
1850 2139 1933 2185 67.

265 2215 501 2280 scriptam
532 2214 747 2279 reliquit,
799 2215 965 2265 inesse
997 2217 1190 2281 pridem
1224 2217 1473 2282 cognitum
1508 2220 1586 2265 est
1619 2215 1680 2264 ab
1713 2215 1804 2276 iis,
1851 2216 1934 2280 qui

265 2295 330 2343 de
362 2294 507 2343 liuius
541 2293 773 2344 dramatis
808 2294 1199 2346 conformatione
1233 2297 1587 2361 inquisiverunt
1611 2292 1713 2357 **).
1744 2295 1816 2344 lbi
1838 2288 1932 2358 igi-

263 2379 346 2424 tur
394 2373 459 2422 de
505 2373 655 2437 priori
705 2373 887 2440 Oedipi
934 2375 1036 2424 vita
1082 2376 1208 2425 haec
1254 2381 1368 2424 sunt
1411 2376 1677 2425 memoriae
1708 2375 1933 2440 prodita:

263 2451 435 2514 „Laio,
470 2452 686 2502 Labdaci
718 2450 835 2516 filio,
870 2454 932 2503 ab
965 2455 1193 2519 Apolline
1225 2460 1334 2506 erat
1366 2471 1687 2521 responsum,
1735 2455 1799 2504 de
1845 2444 1936 2503 filii

263 2532 344 2581 sui
376 2548 520 2581 mauu
554 2537 611 2581 ut
645 2538 855 2583 caveret.
920 2534 1089 2598 Itaque
1123 2535 1329 2597 locasta,
1361 2535 1626 2585 Menoecei
1662 2534 1777 2596 filia,
1810 2548 1935 2583 uxor

262 2612 388 2673 eiuS,
422 2628 536 2662 cum
570 2614 865 2677 peperisset,
898 2614 1043 2663 iussit
1075 2615 1269 2680 exponi.
1332 2614 1480 2664 Hunc
1512 2614 1783 2675 Periboea,
1837 2613 1933 2662 Po-

262 2692 364 2756 lybi
397 2691 529 2757 regis
563 2707 715 2754 uxor,
760 2708 872 2742 cum
905 2698 1096 2743 vestem
1129 2696 1191 2744 ad
1226 2710 1360 2744 mare
1394 2695 1605 2756 lavaret,
1652 2694 1933 2758 expositum

261 2769 477 2820 sustulit.
542 2770 732 2835 Polybo
765 2772 973 2835 sciente,
1006 2772 1137 2837 quod
1171 2775 1280 2823 orbi
1313 2778 1453 2823 erant
1484 2774 1673 2835 liberiS,
1706 2788 1799 2837 pro
1842 2786 1934 2821 suo

261 2849 595 2900 educaverunt
629 2867 859 2916 eumque,
893 2853 1024 2916 quod
1055 2852 1211 2917 pedes
1247 2853 1538 2902 transiectos
1575 2852 1800 2915 haberet,
1836 2851 1932 2900 Oe-

261 2929 431 2993 dipum
463 2931 885 2982 nominaverunt.”
951 2932 1060 2995 Qua
1092 2933 1282 2982 ratione
1313 2932 1376 2980 ad
1397 2932 1534 2980 lIttus
1563 2930 1932 2981 Corinthiorum

259 3007 422 3056 infans
467 3007 659 3058 delatus
707 3011 808 3074 sit,
853 3012 1116 3063 scholiasta
1157 3010 1411 3076 Euripidis
1453 3011 1516 3060 ad
1551 3010 1734 3060 Phoen.
1768 3026 1814 3059 v.
1850 2998 1932 3060 26.

264 3085 440 3135 docet:
495 3083 551 3136 οἱ
581 3085 656 3149 δὲ,
688 3088 786 3149 εἰς
814 3091 1172 3142 θάλασσαν
1205 3087 1633 3156 ἐκβληθῆναι
1660 3088 1756 3150 εἰς
1787 3088 1932 3153 λάε)-

260 3181 429 3216 νακα
459 3163 548 3216 καὶ
579 3169 991 3232 προςοκείλαντα
1021 3177 1088 3239 τῇ
1122 3170 1361 3225 Σικυῶνι
1386 3167 1491 3221 ὑπὸ
1529 3173 1629 3221 τοῦ
1672 3168 1931 3235 Πολύβου

317 3278 366 3332 *)
394 3278 465 3322 Cf.
493 3278 719 3335 Aristoph.
747 3283 863 3326 Rau.
891 3283 1003 3326 971:

508 3350 702 3394 τοιαῦτα
729 3350 965 3410 μέντούγὼ
996 3356 1184 3411 φρονεῖν

502 3416 737 3464 τούτοισιν
765 3421 1072 3480 εἰςηγησάμην
1100 3428 1193 3468 κτλ.

294 3485 373 3539 **)
403 3487 451 3530 C.
482 3488 557 3532 Fr.
589 3490 871 3536 Hermaunus
899 3499 1064 3550 quaest.
1095 3493 1253 3550 Oedip.
1283 3493 1410 3538 1837.
1469 3492 1638 3537 Welck.
1670 3506 1713 3547 p.
1742 3489 1841 3534 537-
