2144 3854
1084 256 1208 315 264

306 410 385 477 gis
416 408 660 466 lamenta,
711 403 852 454 chori
896 403 1229 454 consolatione
1260 403 1590 469 interpellata.
1657 405 1735 455 Ad
1766 408 1981 474 priorem

306 506 413 540 rem
457 488 563 536 sine
607 484 756 534 dubio
789 483 1108 534 referendum
1142 490 1220 534 est
1251 484 1555 548 epigramma
1597 484 1805 550 Lucilli,
1852 490 1983 553 quod

306 574 385 618 est
418 568 467 616 in
499 564 709 616 Iacobsii
742 564 943 614 Anthol.
980 564 1126 614 T.11.
1154 581 1206 630 p.
1237 565 1352 613 392.
1386 559 1470 624 xi,
1499 565 1628 613 2542

435 643 610 697 πάντα
645 644 771 695 καθ’
809 642 1047 710 ἱστορίην
1079 642 1417 710 ὀρχούμενος,
1449 641 1511 694 ἓν
1542 643 1603 695 τὸ
1637 641 1887 711 μέγισνῦν

568 726 678 776 τῶν
712 723 885 790 ἔργων
916 721 1160 788 παριδὼν
1193 722 1417 791 ήνίασας
1450 723 1705 790 μεγάλως.
1787 747 1789 750 ⁴

436 805 536 874 τὴν
567 803 665 872 μὲν
697 803 800 871 γὰρ
833 805 1048 872 Νιόβην
1082 803 1404 871 ὀρχούμενος
1438 802 1509 864 ὡς
1541 804 1694 867 λίθος
1725 802 1892 873 ἔστης,

565 883 656 938 καὶ
689 885 848 937 πάλιν
881 883 958 937 ὢν
993 879 1281 944 Καπανεὺς
1314 881 1557 950 ἐξαπίνης
1588 884 1795 947 ἔπεσες·

435 963 570 1017 ἀλλ’
605 963 710 1018 ἐπὶ
743 969 862 1035 τῆς
909 966 1236 1032 Κανάκης
1279 964 1537 1031 ἀφυῶς,
1588 965 1690 1018 ὅτι
1734 964 1849 1020 καὶ
1894 967 1982 1032 ξί-

1135 1064 1219 1112 φο
1235 1063 1261 1105 ς
1294 1039 1376 1111 ἦν
1411 1056 1514 1096 σοι

567 1126 677 1179 καὶ
712 1128 843 1189 ζῶν
877 1125 1185 1195 ἐξῆλθες·
1220 1129 1430 1177 τοῦτο
1464 1130 1613 1190 παρ’
1648 1126 1981 1196 ἱστορίην.

302 1204 480 1271 Neque
513 1209 642 1256 enim
675 1208 889 1274 gladium
925 1209 1122 1273 corpori
1155 1207 1356 1271 virginis
1391 1209 1649 1258 inhaerere
1679 1210 1866 1271 debuit,
1901 1217 1981 1261 ut-

302 1291 425 1352 pote
449 1292 725 1336 extractum
761 1289 820 1335 ab
856 1287 1191 1348 adolescente,
1229 1303 1387 1350 neque
1420 1288 1528 1336 viva
1564 1303 1854 1354 comparere
1887 1306 1979 1355 po-

302 1366 399 1415 tuit
434 1365 655 1428 Canace,
702 1374 759 1416 ut
792 1383 919 1431 quae
953 1368 1102 1416 etiam
1135 1367 1274 1432 prius
1334 1383 1478 1430 quam
1522 1367 1605 1417 hic
1649 1369 1977 1422 occubuisset.

302 1444 656 1495 Lamentorum
691 1447 831 1495 Aeoli
864 1447 959 1496 hae
993 1452 1108 1495 sunt
1139 1446 1410 1510 reliquiae:

433 1527 555 1590 φεῦ,
591 1527 696 1590 φεῦ
715 1541 728 1554 ·
761 1524 982 1585 παλαιὸς
1017 1519 1166 1585 αἶνος
1200 1523 1271 1584 ὡς
1303 1526 1477 1585 καλῶς
1509 1521 1635 1591 ἔχει·

432 1602 678 1669 γέροντες
711 1604 870 1657 οὐδέν
902 1605 1058 1672 ἐσμεν
1089 1607 1218 1658 ἀλλο
1251 1602 1389 1672 πλὴν
1423 1607 1577 1671 ὄχλος

431 1683 522 1737 καὶ
554 1688 724 1754 σχῆμ’,
758 1685 981 1751 ὀνείρων
1014 1685 1061 1736 δ’
1097 1683 1327 1751 ἕρπομεν
1360 1686 1658 1753 μιμήματα·

330 1771 335 1774 ’
430 1768 563 1827 νοῦς
596 1766 645 1818 δ’
681 1765 851 1819 οὐκέτ’
884 1763 1042 1828 ἔστιν,
1075 1766 1334 1830 οἰόμεσθα
1367 1766 1415 1818 δ’
1450 1759 1509 1818 εὖ
1543 1769 1779 1833 φρονεῖν.

535 1873 538 1876 ·
1007 1848 1275 1901 ΧΟΡΟΣ.

431 1928 656 1992 μοχθεῖν
688 1926 918 1994 ἀνάγκη·
951 1926 1045 1988 τὰς
1078 1927 1137 1978 δὲ
1171 1927 1444 1993 δαιμόνων
1475 1926 1636 1993 τύχας

430 2003 567 2067 ὅςτις
599 2005 747 2074 φέρει
779 2008 1005 2059 κάλλιστ’
1040 2007 1194 2075 ἀνήρ,
1231 1999 1390 2068 οὗτος
1422 2006 1608 2072 σοφός.

990 2088 1288 2141 ΑΙΟΛΟΣ.

430 2243 512 2296 ἀεὶ
541 2246 602 2298 τὸ
638 2245 736 2311 μὲν
770 2248 848 2314 ζῇ,
883 2247 943 2299 τὸ
978 2246 1037 2300 δὲ
1069 2247 1377 2314 μεθίσταται
1409 2248 1596 2310 κακόν,

427 2323 488 2377 τὸ
523 2325 572 2377 δ’
607 2323 903 2394 ἐκπέφηνεν
935 2323 1096 2390 αὖθις
1130 2327 1182 2392 ἐξ
1215 2328 1380 2397 ἀρχῆς
1410 2327 1553 2381 νέον.

429 2512 495 2524 --
561 2485 738 2553 ἔμοιγε
769 2491 876 2540 νῦν
907 2504 961 2539 τε
994 2485 1083 2540 καὶ
1114 2488 1277 2540 πάλαι
1309 2488 1482 2540 δοκεῖ·

426 2567 620 2629 παῖδας
651 2568 903 2634 φυτεύειν
937 2571 1121 2620 οὔποτ’
1157 2569 1482 2633 ἀνθρώπους
1515 2567 1693 2638 ἐχρῆν,

425 2646 629 2710 πόνους
662 2646 901 2714 ὁρῶντας
932 2648 1005 2710 εἰς
1037 2647 1202 2711 ὅσους
1233 2649 1538 2716 φυτεύομεν
1559 2651 1632 2715 *).

426 2804 474 2857 εἷ
504 2805 602 2871 μὲν
634 2809 745 2861 τόδ’
777 2802 919 2876 ἦμαρ
953 2810 1169 2874 πρῶτον
1201 2802 1271 2877 ἦν
1301 2807 1630 2876 κακουμένῳ,

427 2885 519 2938 καὶ
552 2885 623 2954 μὴ
658 2890 866 2954 μακρὰν
898 2888 964 2956 δὴ
1001 2889 1089 2942 διὰ
1122 2890 1307 2942 πόνων
1341 2889 1716 2954 ἐναυστόλουν,

424 2965 563 3028 εἰκὸς
596 2969 882 3034 σφαδάζειν
913 2964 982 3037 ἦν
1015 2973 1100 3034 ἄν,
1137 2970 1209 3032 ὥς
1241 2971 1466 3037 νεόζυγα

421 3047 604 3098 πῶλον
636 3050 853 3114 χαλινὸν
886 3050 1077 3117 ἀρτίως
1101 3050 1441 3118 δεδεγμένον·

424 3131 529 3179 νῦν
563 3127 611 3179 δ’
646 3128 849 3195 ἀμβλύς
883 3131 985 3195 εἰμι
1017 3131 1106 3184 καὶ
1138 3130 1479 3200 κατηρτυκὼς
1511 3127 1706 3181 πόνων.
1792 3148 1796 3150 ·

294 3205 483 3258 Ultima
517 3210 590 3258 sic
625 3213 865 3260 convertit
901 3212 1005 3261 Cic.
1038 3214 1189 3264 Tusc.
1225 3215 1304 3275 ΙΙΙ,
1339 3217 1432 3263 28:

424 3286 531 3350 „Si
557 3289 688 3338 mihi
717 3306 854 3340 nunc
886 3293 1052 3341 tristis
1078 3295 1303 3359 primum
1341 3292 1595 3342 illuxisset
1631 3288 1758 3350 dies,

429 3367 546 3419 Nec
578 3373 687 3419 tam
724 3386 1027 3423 aerumnoso
1059 3373 1436 3439 navigavissem
1471 3371 1600 3435 salv,

350 3506 401 3561 ³⁸)
435 3508 623 3566 Fragm.
655 3509 740 3554 inc.
770 3506 867 3552 149.
894 3525 939 3566 p.
967 3510 1067 3559 397.
1100 3511 1261 3563 Matth.
1319 3536 1325 3539 .
