2144 3854
908 273 1028 331 109

242 415 307 488 β’.
339 415 411 473 σὺ
440 417 545 487 γὰρ
579 416 640 472 ἔν
670 435 725 471 τε
756 419 907 481 θεοῖς
936 420 1049 480 τοῖς
1080 416 1390 482 οὐρανίδαις

340 505 615 571 σκῆπτρον
644 499 705 553 τὸ
738 500 873 562 Διὸς
904 498 1273 567 μεταχειρίζων

339 584 580 652 χθονίων
611 585 667 636 θ’
686 577 840 650 Ἅιδῃ
873 580 1096 650 μετέχεις
1127 580 1292 649 ἀρχῆς

239 741 300 812 γ’.
343 745 554 815 πέμψον
585 743 683 811 μὲν
715 745 833 810 φῶς
864 746 1062 812 ψυχαῖς
1095 742 1302 809 ἀνέρων
1324 739 1375 808 *)

341 831 453 888 τοῖς
485 825 835 894 βουλομένοις
869 829 1075 887 ἄθλους
1106 826 1429 892 προμαθεῖν,

345 909 516 960 πόθεν
550 907 823 975 ἔβλαστον,
856 908 934 969 τίς
969 907 1086 974 ῥίζα
1118 908 1318 972 κακῶν,

342 989 460 1042 τίνα
494 990 578 1042 δεῖ
606 990 865 1056 μακάρων
899 988 1302 1056 έκθυσαμένους

337 1070 512 1137 εὑρεῖν
543 1071 767 1139 μόχθων
799 1071 1150 1134 ἀνάπαυλανς

124 1150 397 1202 Postremis
431 1156 659 1204 versibus
695 1160 749 1205 et
783 1171 908 1220 quae
942 1172 1117 1205 caussa
1151 1154 1215 1203 sit
1246 1149 1464 1218 prodigii
1497 1151 1550 1198 et
1573 1147 1820 1214 quomodo

122 1236 437 1283 averruncari
470 1236 646 1300 possit,
683 1241 856 1301 aperte
890 1238 1153 1300 quaeritur.
1218 1235 1284 1284 Et
1317 1246 1491 1282 caussa
1524 1232 1726 1295 quidem
1760 1244 1824 1283 ex

125 1313 280 1377 signis
317 1316 548 1365 divinitus
583 1316 752 1366 missis
798 1317 903 1365 sive
948 1317 1192 1366 ominibus
1240 1313 1445 1363 divinari
1488 1314 1683 1380 potuit3
1734 1328 1823 1362 ex-

122 1394 276 1460 piatio
321 1396 528 1446 sceleris
584 1398 758 1446 eadem
818 1396 1012 1446 ratione
1073 1395 1434 1461 reperiebatur.
1508 1393 1824 1459 Responsum

123 1481 292 1525 vatum
327 1476 472 1540 quale
499 1477 666 1542 fuerit,
701 1478 983 1527 coniectura
1013 1477 1254 1542 suspicari
1279 1475 1415 1524 licet.
1482 1475 1552 1524 Et
1574 1490 1825 1541 puerpera

125 1556 255 1605 enim
291 1561 342 1606 et
374 1563 546 1622 partus
582 1559 689 1607 eius
725 1557 1014 1606 conferendi
1049 1557 1251 1605 fuerunt
1285 1571 1399 1606 eum
1431 1554 1706 1616 inlocum,
1739 1556 1823 1607 ubi

126 1651 290 1699 neque
335 1637 530 1686 coelum
576 1653 737 1702 neque
781 1643 945 1686 terrae
989 1637 1333 1703 superficiem,
1378 1651 1504 1700 quae
1553 1640 1632 1685 est
1676 1635 1824 1687 sedes

127 1715 363 1776 deorum,
412 1732 575 1781 neque
606 1718 819 1768 fontium
851 1718 1100 1782 liquoreS‚
1149 1733 1311 1781 neque
1342 1716 1494 1765 maris
1525 1716 1681 1766 undas
1715 1717 1825 1782 pol-

127 1797 338 1847 luerent.
408 1797 580 1861 Itaque
623 1798 903 1862 labyrintho
953 1798 1131 1847 inclusi
1177 1798 1239 1846 ad
1271 1796 1460 1846 inferos
1495 1796 1827 1846 detrudeban-

127 1883 223 1930 tur.
290 1878 535 1942 Pasiphae
569 1879 685 1943 quin
732 1893 958 1928 caussam
1007 1893 1171 1927 coram
1220 1878 1583 1942 spectatoribus
1625 1878 1826 1942 dixerit,

127 1959 211 2007 vix
244 1959 440 2018 dubit03
495 1957 723 2007 lamentis
759 1958 991 2019 eandem,
1039 1973 1151 2006 cum
1186 1956 1249 2006 ad
1284 1958 1581 2024 supplicium
1614 1958 1826 2009 ducere-

126 2045 238 2098 tur,
275 2039 627 2104 poenitentiam
690 2040 1032 2103 pudoremque
1066 2037 1389 2104 significasse,
1425 2054 1519 2088 nec
1553 2055 1651 2089 non
1678 2041 1827 2091 etiam

127 2121 338 2171 deorum
382 2119 610 2168 fraudem
645 2135 934 2181 accusasse,
970 2119 1116 2186 plane
1150 2119 1271 2168 mihi
1303 2135 1512 2170 necesse
1546 2136 1669 2185 esse⁶
1689 2121 1828 2171 vide-

127 2206 225 2251 tur.
296 2201 437 2250 Haec
470 2200 570 2250 fuit
603 2199 685 2249 illa
720 2202 903 2250 cretica
936 2199 1198 2261 monodia,
1235 2216 1381 2264 quam
1415 2202 1601 2251 notavit
1634 2203 1827 2253 Aristo-

126 2283 334 2349 phanes,
1183 2276 1187 2277 ⁷

262 2363 356 2412 His
390 2363 602 2429 peractis
637 2378 665 2411 a
698 2363 852 2418 choro
890 2365 1080 2412 cantata
1112 2378 1226 2413 esse
1259 2363 1485 2430 suspicor
1504 2363 1714 2430 physica
1740 2365 1827 2415 illa

130 2461 191 2494 ex
223 2439 548 2507 Anaxagorae
581 2443 808 2493 doctrina
841 2444 1086 2506 delibata,
1133 2460 1342 2508 quorum
1387 2445 1624 2510 reliquias
1667 2447 1829 2496 habe-

130 2541 241 2575 mus
275 2526 325 2574 in
358 2524 532 2588 fragm.
567 2526 680 2573 1⁷4.
713 2526 826 2574 ΓΠ.
864 2529 914 2574 et
944 2526 1062 2576 209.
1112 2523 1297 2575 Matth.
1345 2523 1415 2589 (n.
1468 2526 1583 2576 120.
1628 2543 1679 2592 p.
1712 2529 1828 2578 126.

131 2605 414 2664 Dindorf.):

264 2680 477 2750 Αἰθέρα
509 2681 599 2736 καὶ
634 2684 811 2735 Γαῖαν
844 2680 1064 2735 πάντων
1095 2680 1394 2749 γενέτειραν
1427 2682 1587 2736 ἀείδω

261 2843 551 2914 πυριγενὴς
585 2842 643 2897 δὲ
676 2844 892 2911 δράκων
927 2843 1058 2898 ὁδὸν
1089 2843 1291 2913 ἡγεῖται
1319 2846 1707 2916 τετραμόρφοις

266 2925 447 2995 ὥραις,
484 2921 705 2995 ζευγνὺς
739 2925 971 2996 ἁρμονίᾳ
1003 2926 1354 2995 πολύκαρπον
1386 2929 1558 2996 ὄχημα

263 3090 569 3157 γλαυκῶπις
602 3087 882 3157 στρέφεται
914 3087 1055 3157 μήνη
1094 3106 1186 3128 ·-
1252 3117 1317 3127 -

264 3171 340 3222 De
376 3172 649 3238 Pasiphaes
696 3180 886 3234 morte,
934 3187 1082 3236 quam
1125 3171 1460 3238 labyrinthum
1503 3172 1691 3224 intrans
1736 3175 1831 3224 sibi

136 3253 438 3302 conscivisse
471 3253 685 3317 videtur,
737 3254 896 3303 fusius
931 3251 1111 3317 exponi
1143 3267 1242 3302 non
1274 3251 1447 3317 utique
1479 3268 1688 3305 necesse
1718 3255 1832 3306 fuit.

135 3330 448 3398 Sequebatur
481 3333 661 3385 deinde
694 3351 753 3386 ea
786 3350 903 3401 pars
937 3332 1202 3397 dramati8‚
1237 3349 1335 3398 qua
1368 3333 1574 3386 Daedali
1607 3335 1834 3400 Icarique

194 3502 243 3557 ⁹⁵)
271 3503 417 3559 Vulgo
446 3503 614 3560 ψυχᾶς,
644 3502 772 3547 codd.
802 3500 970 3558 ψυχάς.
