2176 3874
933 285 1058 345 455

158 433 450 497 tradiderat)
485 434 746 500 significat.
817 434 1031 495 Eorum,
1084 449 1210 498 quae
1256 433 1320 483 de
1364 433 1463 482 vita
1494 432 1603 482 fera
1635 437 1688 483 et
1719 432 1835 482 soli-

158 515 281 565 taria
314 514 581 575 referebat,
615 515 712 563 hoc
746 520 907 563 exstat
938 513 1380 563 luculentissimum
1417 513 1770 578 fragmentum:

289 593 490 654 κοίλοις
523 591 583 643 έν
615 595 830 659 ἄντροις
863 593 1108 656 ἄλυχνος,
1143 588 1269 652 ὥςτε
1302 587 1408 658 θὴρ
1442 591 1620 658 μόνος.

290 674 458 723 Finito
502 677 758 740 prooemio
793 674 1137 724 Athamantem
1185 674 1246 722 ad
1282 674 1483 722 Inonem
1517 674 1746 738 prodisse
1779 688 1838 721 ac

156 755 223 804 dc
255 754 534 804 conditione
558 755 665 803 eius
701 754 861 818 deque
888 752 1016 815 lege,
1054 753 1143 800 sub
1189 770 1285 817 qua
1309 756 1358 802 in
1385 755 1583 802 domum
1607 753 1838 802 restituta

158 839 283 895 erat,
319 851 433 883 cum
472 850 532 883 ea
566 834 861 882 collocutum
896 847 1010 880 esse
1044 847 1106 880 ex
1131 831 1422 896 fragmentis
1442 834 1636 898 colligo.
1705 831 1837 882 Gon—

155 915 288 978 iugio
322 914 480 963 inonis
515 914 684 979 priore
717 911 873 977 magis
915 926 1060 974 quam
1095 914 1346 976 praesenti
1378 912 1715 962 Themistonis
1749 927 1839 960 rex

157 994 432 1043 delectatus
478 1008 590 1042 esse
622 992 842 1041 videtur:
907 992 1131 1055 queritur
1163 994 1321 1053 enim,
1369 993 1501 1056 quod
1548 1008 1643 1041 non
1690 993 1839 1040 liceat

157 1074 328 1140 plures
362 1073 509 1122 simul
541 1088 722 1122 uxores
757 1071 942 1120 ducere
974 1076 1024 1120 et
1070 1077 1217 1137 capto
1251 1090 1444 1123 morum
1479 1071 1838 1136 experimento,

158 1154 202 1203 si
237 1171 334 1220 qua
365 1153 526 1203 minus
559 1152 813 1217 probetur,
846 1152 975 1200 hanc
1009 1151 1290 1202 dimittere:

286 1231 445 1297 νόμοι
475 1232 751 1298 γυναικῶν
784 1230 850 1282 οὐ
883 1231 1057 1292 καλῶς
1085 1234 1284 1283 κεῖνται
1315 1231 1462 1298 πέρι·

287 1314 422 1379 χρῆν
453 1311 556 1380 γὰρ
588 1312 683 1364 τὸν
716 1311 1036 1379 εὐτυχοῦνθ’
1071 1311 1152 1364 ὅτι
1184 1313 1428 1374 πλείστας
1462 1311 1597 1380 ἔχειν

287 1395 566 1459 γυναῖκας,
604 1393 746 1459 εἴπερ
782 1392 850 1445 ἂν
883 1392 1056 1461 τροφὴ
1092 1393 1276 1459 δόμοις
1309 1398 1503 1464 παρῆν,

292 1473 365 1536 ὥς
394 1473 494 1542 τὴν
526 1472 698 1542 κακὴν
730 1474 827 1539 μὲν
861 1471 1096 1539 ἐξέβαλλε
1131 1474 1408 1541 δωμάτων,

288 1555 388 1623 τὴν
421 1556 470 1608 δ’
507 1551 677 1607 οὖσαν
709 1551 906 1622 ἐσθλὴν
937 1553 1107 1623 ἡδέως
1139 1553 1369 1620 ἐσώζετο.

288 1640 394 1689 νῦν
429 1635 478 1687 δ’
513 1637 586 1698 εἰς
618 1636 746 1703 μίαν
781 1633 1050 1702 βλέπουσι,
1077 1636 1345 1690 ,κίνδυνον
1377 1637 1546 1705 μέγαν

294 1717 565 1784 ῥίπτοντες
584 1734 597 1748 ·
633 1717 701 1768 οὐ
735 1715 837 1783 γὰρ
869 1719 978 1769 τῶν
1009 1717 1222 1784 τρόπων
1252 1719 1567 1786 πειρώμενοι

289 1799 508 1866 νύμφας
543 1797 593 1859 ἐς
629 1798 815 1860 οἴκους
848 1795 1211 1866 έρματίζονται
1246 1801 1446 1866 βροτοί.

159 1881 294 1931 Dicit
325 1882 458 1931 idem
493 1881 769 1930 mirandum
802 1897 899 1930 non
935 1898 1076 1943 esse,
1129 1884 1261 1946 quod
1296 1880 1601 1948 poenitentia
1633 1877 1844 1944 coniugii

163 1962 348 2012 multos
386 1962 589 2011 subeat:
623 1976 778 2026 genus
813 1963 939 2011 enim
977 1979 1004 2010 a
1036 1963 1293 2028 plerisque
1319 1964 1476 2027 magis
1511 1977 1658 2026 quam
1690 1974 1842 2008 venu-

161 2049 342 2093 statem
374 2041 427 2090 in
458 2040 697 2089 ducendis
733 2042 972 2090 uxoribus
1002 2043 1216 2108 respici:

290 2118 389 2187 τὴν
423 2115 708 2184 εὐγένειαν,
734 2118 837 2171 κᾶν
870 2122 1118 2187 ἄμορφος
1149 2116 1186 2186 ᾗ
1218 2121 1403 2187 γάμος,

288 2201 477 2268 τιμῶσι
509 2199 698 2252 πολλοὶ
729 2202 863 2266 πρὸς
895 2199 1097 2253 τέκνων
1126 2202 1281 2268 χάριν
1313 2201 1515 2269 λαβεῖν,

289 2282 350 2334 τό
383 2285 431 2334 τ’
466 2281 668 2347 ἀξίωμα
702 2285 903 2347 μᾶλλον
935 2281 970 2349 ἢ
1004 2281 1070 2333 τὰ
1101 2283 1355 2349 χρήματα.

163 2364 248 2413 Sic
281 2363 501 2413 sentiens
535 2368 727 2412 rectum
763 2380 877 2412 esse
911 2380 1220 2428 aequumque
1254 2365 1390 2412 ducit
1438 2367 1643 2427 recepta
1675 2363 1844 2428 priore

164 2459 320 2492 uxore
353 2443 569 2492 retinere
603 2444 841 2503 alteram3
889 2443 1068 2491 timens
1114 2450 1307 2505 autem,
1356 2459 1418 2492 ne
1452 2442 1714 2491 Themisto
1749 2443 1844 2490 tori

162 2527 267 2573 iura
302 2538 415 2572 cum
448 2523 639 2571 aemula
674 2523 1022 2572 communicari
1068 2540 1214 2587 aegre
1249 2522 1410 2584 ferat,
1463 2522 1527 2571 de
1559 2522 1693 2570 illius
1730 2538 1845 2570 con-

162 2603 298 2667 iugio
332 2603 460 2651 hanc
495 2603 667 2652 celavit
701 2605 979 2667 iterumque
1013 2603 1211 2653 Inonem
1247 2605 1393 2652 enixe
1426 2607 1600 2668 rogat,
1641 2607 1697 2650 ut
1730 2617 1845 2650 con-

163 2689 299 2734 tenta
320 2684 382 2732 sit
406 2683 482 2743 iis,
520 2699 645 2747 quae
678 2684 1034 2747 impetraverit,
1071 2699 1195 2732 neve
1229 2699 1403 2747 pacem
1429 2684 1603 2732 domus
1639 2686 1691 2731 et
1723 2696 1843 2730 con-

164 2764 383 2814 cordiam
416 2763 620 2812 turbare
655 2765 788 2824 velit,
825 2764 875 2811 id
912 2764 1043 2827 quod
1079 2765 1253 2813 lubens
1289 2764 1374 2813 ino
1408 2762 1682 2828 promittit:

119 2844 130 2850 ⁵
295 2839 398 2908 ἐγὼ
431 2839 636 2908 παρέξω
671 2840 860 2908 λέκτρα
895 2855 980 2894 σοι
1012 2844 1185 2903 καλῶς
1217 2841 1365 2910 ἔχειν,

164 2925 439 2991 probatque
473 2924 708 2973 Athamas
742 2927 1073 2988 promissum:

298 3002 505 3055 δίκαιόν
539 3000 696 3067 ἐστιν,
732 2998 835 3056 οἷσι
868 3003 1270 3071 συγγηράσομαι
1303 3002 1371 3071 *).

294 3084 396 3133 lam
429 3100 598 3134 rumor
629 3085 692 3134 de
727 3087 924 3136 inventa
945 3087 1095 3136 Inone
1130 3087 1377 3135 civitatem
1412 3086 1699 3150 pervaserat
1731 3097 1846 3145 per-

168 3181 267 3229 que
299 3166 513 3230 compita
546 3167 800 3216 manabat:
845 3183 940 3231 quo
983 3169 1226 3217 excitatae
1252 3165 1501 3224 feminae,
1550 3179 1674 3229 quae
1707 3161 1849 3210 chori

169 3261 373 3294 munere
416 3246 740 3311 fungerentur
783 3248 892 3312 Η),
941 3249 1003 3297 ad
1048 3248 1234 3314 regiam
1283 3248 1477 3297 venisse
1520 3245 1751 3294 videntur
1796 3244 1849 3289 et

229 3412 279 3467 >i)
307 3413 492 3470 Fragm.
522 3414 607 3457 inc.
638 3428 682 3456 n.
711 3412 781 3456 52.

203 3482 282 3538 *ἢ
311 3483 543 3541 Hyginus:
574 3498 739 3541 „quam
769 3483 994 3541 captivam
1023 3498 1119 3528 csse
1149 3485 1402 3529 credebat.'’
