2176 3874
960 260 1084 320 345

193 426 384 479 regum,
416 411 542 473 illos,
576 425 726 475 quum
759 408 918 459 multa
948 409 1159 474 possint,
1195 407 1355 457 omnia
1389 421 1445 456 se
1485 421 1635 471 posse
1677 420 1861 470 cupere

195 509 359 558 neque
390 493 636 557 imperare
670 490 1018 555 cupiditatibus
1052 487 1104 551 *)
1141 489 1211 549 (v.
1248 490 1346 537 120
1378 486 1558 553 seqq.).

359 573 538 623 Totius
583 571 782 620 fabulae
824 569 1152 619 inventionem
1199 574 1350 632 atque
1396 568 1800 634 compositionem
1833 583 1863 616 a

196 653 497 719 Neophrone
553 651 783 716 Sicyonio
839 648 1132 713 Euripidem
1184 654 1458 697 mutuatum
1524 664 1637 697 esse
1686 647 1863 697 Dicae-

196 734 375 782 archus
409 739 557 796 atque
590 730 883 781 Aristoteles
916 728 1043 793 apud
1089 729 1365 793 argumenti
1397 728 1580 794 prioris
1613 734 1864 778 auctorem

196 818 458 872 testantur,
493 812 632 860 cuius
666 811 812 859 verba
846 810 970 858 haec
1003 814 1148 858 sunt:
1182 803 1242 857 τὸ
1278 806 1452 872 δρᾶμα
1486 807 1633 859 δοκεῖ
1660 807 1865 875 ὑποβα-

198 890 386 944 λέσθαι
418 889 563 954 παρὰ
596 889 913 954 Νεόφρονος
949 887 1315 948 διασκευάσας,
1352 886 1423 948 ὡς
1456 888 1780 956 Δικαίαρχός
1811 906 1866 941 τε

196 970 318 1039 περὶ
336 977 435 1025 τοῦ
447 965 695 1031 Ἑλλάδος
710 970 832 1036 βίου
855 967 946 1022 καὶ
967 967 1320 1036 Ἀριστοτέλης
1342 964 1399 1020 ἐν
1416 967 1756 1037 ὑπομνήμασι
1770 971 1865 1036 ²²²³).

195 1054 352 1104 Filios
397 1056 458 1103 ab
505 1055 610 1119 ipsa
646 1052 826 1101 Medea
869 1052 1082 1101 interfici
1126 1053 1220 1101 iam
1270 1051 1618 1115 Neophronem
1666 1052 1869 1101 finxisse

195 1141 334 1200 patet
367 1151 428 1184 ex
461 1135 755 1197 fragmento,
792 1134 922 1197 quod
958 1139 1034 1181 est
1068 1131 1196 1197 apud
1231 1132 1372 1181 Stob.
1404 1130 1505 1181 Tit.
1541 1131 1649 1181 XX.
1683 1151 1734 1199 p.
1771 1134 1869 1181 1¹12

197 1217 601 1265 =107=323.
633 1214 760 1262 Hinc
777 1213 1085 1278 intelligitur,
1115 1229 1257 1278 quam
1273 1212 1428 1261 inanis
1453 1213 1516 1262 sit
1531 1213 1613 1261 illa
1639 1213 1703 1262 de
1729 1214 1868 1277 quin-

197 1312 299 1360 que
319 1295 517 1344 talentis
545 1293 789 1358 divulgata
807 1295 1040 1356 narratio,
1067 1293 1245 1358 quibus
1271 1299 1554 1358 corruptum
1581 1293 1872 1359 Euripidem

195 1376 399 1426 tradunt
431 1374 748 1440 parricidium
798 1375 1012 1423 filiorum
1048 1391 1077 1423 a
1113 1373 1378 1423 Corinthiis
1414 1374 1465 1422 in
1498 1373 1728 1423 Medeam
1763 1375 1871 1439 pri-

196 1471 333 1504 mum
365 1455 695 1505 transtulisse.
763 1455 999 1504 Ceterum
1033 1471 1128 1504 non
1175 1455 1280 1503 sine
1315 1455 1621 1503 correctione
1655 1455 1871 1504 adhibita

197 1535 514 1600 Neophronis
559 1534 772 1584 fabulam
817 1537 1063 1584 imitatum
1111 1551 1224 1584 esse
1257 1534 1548 1599 Euripidem
1596 1540 1647 1583 et
1690 1551 1781 1600 per
1815 1551 1871 1584 se

199 1616 399 1680 planum
425 1621 504 1664 est
538 1620 590 1663 et
623 1616 888 1664 scholiasta
921 1616 1156 1664 vocabulo
1191 1612 1541 1674 διασκευάσας
1572 1615 1788 1664 declarat
1821 1619 1872 1664 et

114 1751 119 1754 ,
201 1711 265 1744 ex
307 1697 462 1744 altero
507 1696 639 1745 illius
674 1695 952 1760 fragmento
999 1696 1060 1744 ad
1095 1712 1139 1743 v.
1175 1698 1321 1747 1371.
1358 1697 1407 1745 in
1454 1696 1658 1745 scholiis
1705 1695 1870 1760 posito

199 1777 516 1842 perspicitur.
585 1776 749 1824 Etiam
802 1781 915 1840 post
961 1775 1251 1840 Euripidem
1297 1776 1465 1840 plures
1517 1781 1696 1841 poetae
1739 1776 1872 1825 idem

199 1863 540 1920 argumentum
576 1862 873 1907 exornarunt
907 1854 1030 1920 2²²²²²²²)‚
1066 1856 1155 1905 sed
1189 1872 1333 1904 nemo
1366 1857 1503 1906 illum
1530 1857 1676 1906 laude
1695 1873 1872 1920 aequa-

200 1937 301 1996 vit,
344 1937 394 1985 in
424 1952 524 1999 qua
574 1952 630 1985 re
677 1937 839 1985 omnia
874 1942 1094 1984 veterum
1127 1937 1308 1985 iudicia
1352 1953 1408 1984 ac
1443 1938 1719 1986 testimonia
1753 1953 1871 1985 con-

200 2016 405 2080 spirant,
442 2016 533 2063 nisi
567 2017 673 2078 quis
707 2016 842 2064 forte
874 2017 1255 2081 Aristophanem
1289 2017 1538 2065 adversari
1567 2022 1709 2082 putat
1741 2018 1872 2078 ideo,

198 2096 332 2161 quod
367 2096 658 2159 quibusdam
693 2097 837 2144 huius
871 2097 1156 2159 tragoediae
1191 2097 1411 2146 versibus
1446 2098 1558 2146 data
1584 2098 1874 2162 opportuni-

200 2181 306 2224 tate
351 2177 532 2224 abusus
581 2176 646 2225 sit
694 2174 853 2240 (velut
903 2193 944 2226 v.
977 2179 1088 2225 302.
1137 2177 1252 2229 281.
1304 2180 1460 2237 369.).
1542 2177 1609 2226 Et
1653 2178 1749 2226 fuit
1792 2178 1875 2242 qui

202 2256 493 2321 Euripidem
525 2256 656 2305 hunc
688 2273 921 2306 versuum
956 2273 1154 2306 suorum
1189 2259 1395 2307 abusum
1431 2264 1530 2307 tam
1555 2258 1876 2322 impatienter

202 2337 376 2385 tulisse
422 2342 645 2400 putaret,
693 2342 751 2385 ut
804 2343 962 2385 totum
1008 2339 1100 2386 sibi
1146 2354 1269 2402 opus
1315 2339 1676 2387 retractandum
1721 2346 1772 2387 et
1814 2339 1876 2387 ad

203 2415 548 2479 Aristophanis
579 2422 794 2464 mentem
828 2419 1292 2467 accommodandum
1329 2434 1442 2466 esse
1465 2423 1692 2467 censeret
1716 2416 1874 2482 ****).

204 2496 379 2559 Neque
412 2501 576 2543 tamen
599 2496 734 2544 solus
758 2496 1112 2560 Aristophanes
1145 2499 1193 2546 in
1228 2497 1490 2547 ridiculum
1525 2499 1765 2561 quaedam
1788 2498 1876 2547 de-

205 2578 384 2636 torsit,
433 2575 522 2624 sed
557 2575 762 2640 Eupolis
809 2593 1005 2640 quoque
1046 2577 1106 2626 ad
1140 2579 1415 2628 Miltiadem
1451 2595 1595 2628 suum
1626 2578 1879 2628 transtulit

205 2656 420 2706 Medeae
450 2656 602 2704 verba
638 2657 704 2717 (v,
741 2656 879 2719 394.)
915 2658 1010 2705 hoc
1044 2658 1220 2707 modo:

339 2734 405 2787 οὐ
438 2734 557 2800 γάρ,
593 2733 667 2800 μὰ
701 2733 797 2802 τὴν
831 2737 1141 2801 Μαραθῶνι
1172 2735 1271 2804 τὴν
1305 2733 1436 2803 ἐμὴν
1470 2735 1663 2803 μάχην,

336 2815 539 2884 χαίρων
571 2833 650 2877 τις
684 2816 861 2867 αὐτῶν
893 2817 1096 2883 τούμὸν
1128 2817 1346 2884 ἄλγυνεῖ
1375 2816 1521 2883 κέαρ.

206 2899 370 2961 Quid,
407 2899 539 2963 quod
574 2898 831 2948 Philemon
866 2900 940 2957 is,
977 2900 1059 2964 qui
1092 2916 1178 2959 se,
1223 2905 1278 2949 ut
1311 2899 1607 2965 Euripidem
1640 2897 1878 2947 intuendo

207 2979 379 3029 oculos
411 2984 659 3044 pasceret,
693 2979 868 3044 laqueo
901 2980 1030 3030 vitae
1057 2997 1177 3031 suae
1196 2981 1346 3030 finem
1372 2981 1718 3047 impositurum
1747 2994 1877 3037 etse,

299 3192 352 3247 *)
383 3192 502 3235 Satis
531 3191 737 3248 imperite
767 3194 882 3236 haec
911 3193 969 3235 ab
993 3192 1208 3236 Elmsleio
1235 3192 1542 3249 vituperantur
1571 3191 1629 3236 ad
1656 3205 1701 3234 v.
1732 3187 1882 3232 118—

371 3261 471 3304 129.

278 3332 357 3386 *ἢ
387 3332 456 3374 cf.
483 3332 663 3390 Pflugk.
695 3349 739 3389 p.
767 3332 809 3375 4.

239 3400 353 3456 *μῆ
383 3402 596 3445 Carcinus
623 3405 743 3459 apud
770 3402 950 3447 Aristot.
980 3404 1116 3447 Rhet.
1143 3405 1202 3460 11,
1229 3401 1300 3447 44.

222 3473 354 3527 *ἢῆ
383 3472 453 3515 Cf.
483 3473 650 3518 Osanni
677 3475 894 3519 Analecta
922 3474 1018 3518 crit.
1050 3490 1094 3531 p.
1123 3475 1194 3519 83.
