2144 3854
935 283 1060 341 289

158 431 389 494 subditis,
411 432 661 498 imperare
678 429 842 480 conati
865 433 980 479 sunt
991 426 1063 489 *),
1079 428 1139 478 ad
1166 428 1464 486 invasionem
1487 427 1837 481 vastationem-

158 529 257 578 que
289 519 455 563 terrae
489 512 754 561 maioribus
788 525 960 574 regum
995 507 1347 573 Spartanorum
1384 526 1583 573 sacrae,
1633 515 1685 560 et
1727 510 1836 559 uni-

157 609 357 643 versum
404 593 576 642 drama
619 598 672 639 et
717 589 936 655 singulae
981 588 1088 636 eius
1133 595 1298 652 partes
1335 596 1562 655 spectare
1592 590 1837 640 videntur.

158 672 388 734 macula,
435 679 696 736 antequam
729 685 864 718 arma
899 673 1243 726 sumerentur,
1279 669 1420 718 alteri
1453 671 1637 735 populo
1670 670 1731 719 ab
1765 671 1838 719 al-

156 756 266 801 tero
315 753 611 817 exprobrata
661 765 774 799 esse
807 753 1015 797 constat.
1084 747 1140 796 ld
1174 748 1227 796 in
1259 748 1355 797 hoc
1390 765 1584 814 quoque
1616 751 1840 800 dramate

156 832 327 881 dedita
360 847 509 897 opera
543 829 660 879 fieri
693 828 934 877 videmus.
1002 827 1160 877 Euixe
1191 835 1361 876 noster
1394 830 1527 877 cives
1574 846 1690 878 suos
1740 830 1837 878 cri-

159 913 294 961 mine
327 912 579 961 interfecti
613 910 673 958 ab
708 909 768 956 iis
811 908 963 972 legati
1010 912 1187 973 purgat
1232 907 1300 972 (v.
1335 910 1690 973 292-2960,
1741 924 1838 972 quo

158 992 365 1042 crimine
398 992 510 1040 illos
563 989 707 1055 vulgo
741 989 880 1054 argui
920 988 1092 1037 solitos
1138 1004 1252 1036 esse
1302 987 1631 1038 Philostratus
1667 990 1718 1037 in
1750 989 1837 1037 vit.

156 1070 310 1136 Soph.
337 1071 372 1122 l.
406 1088 454 1136 p.
490 1073 606 1119 550.
638 1073 853 1118 testatur
881 1065 979 1132 **).
1048 1067 1223 1131 Neque
1255 1070 1415 1117 minus
1450 1070 1670 1118 studiose
1702 1069 1837 1119 idem

155 1150 427 1216 Eurysthei
461 1151 664 1199 caedem
699 1165 727 1197 a
762 1149 949 1197 civibus
986 1149 1048 1197 ad
1081 1148 1372 1198 Heraclidas
1407 1149 1674 1199 transfert:
1720 1149 1839 1213 quin

154 1231 304 1280 etiam
339 1231 602 1280 defensum
638 1234 688 1278 et
720 1229 966 1278 beneficio
1001 1229 1286 1293 sepulturae
1318 1229 1712 1279 affectumesse
1755 1246 1838 1280 re-

153 1327 268 1379 gem
302 1311 364 1360 ab
419 1310 806 1361 Atheniensibus
841 1309 1008 1371 fingit,
1053 1315 1106 1357 et
1152 1309 1273 1358 facit
1319 1325 1430 1358 eum
1466 1310 1838 1374 promittentem

153 1391 368 1442 infestos
404 1391 515 1441 fore
549 1405 719 1440 manes
755 1404 870 1438 suos
895 1389 1115 1453 posteris
1143 1388 1539 1452 Heraclidarum‚
1573 1390 1839 1455 siquando

155 1472 370 1522 Atticam
409 1472 654 1521 hostiliter
686 1470 968 1519 invaserint.
1035 1469 1331 1518 Heraclidas
1366 1475 1527 1520 autem
1575 1471 1712 1536 ipsos
1761 1471 1839 1521 lo-

154 1553 261 1602 laus
297 1552 485 1601 dextris
519 1552 701 1600 iunctis
734 1550 887 1599 fidem
923 1550 1040 1599 dare
1072 1549 1351 1614 hospitibus
1388 1551 1553 1612 iubet,
1591 1555 1838 1616 perpetuo

159 1648 215 1682 se
247 1631 479 1682 beneficii
511 1646 758 1680 memores
792 1630 929 1690 fore,
980 1635 1033 1679 et
1078 1645 1169 1694 pro
1204 1631 1536 1680 servatoribus
1570 1630 1840 1695 amicisque

157 1727 245 1763 eos
278 1711 562 1768 habituros,
611 1726 772 1775 neque
815 1726 1032 1774 unquam
1078 1710 1129 1758 in
1175 1713 1354 1758 terram
1390 1726 1562 1760 eorum
1596 1726 1731 1759 arma
1761 1709 1835 1759 in·

155 1792 290 1843 festa
333 1791 520 1840 laturos
573 1806 686 1839 esse
733 1789 800 1853 (v,
836 1793 935 1838 310
969 1788 1150 1854 seqq.).
1228 1789 1467 1839 Eiusdem
1513 1791 1710 1856 generis
1745 1793 1840 1852 est,

158 1871 288 1936 quod
324 1870 592 1920 Herculem
630 1871 791 1934 ipsum
823 1869 1106 1931 Minervae,
1155 1869 1236 1918 cui
1280 1875 1331 1919 et
1375 1876 1508 1919 terra
1541 1875 1595 1919 et
1625 1869 1841 1936 populus

155 1951 526 2001 Atheniensium
562 1957 875 1998 consecratus
910 1955 1017 2005 est,
1064 1964 1218 2013 opera
1250 1965 1313 1997 ex
1347 1950 1573 1998 omuibus
1605 1949 1841 2014 periculis

155 2035 404 2080 servatum
439 2045 573 2086 esse,
609 2028 838 2093 quodque
873 2029 1174 2077 divinitatem
1211 2030 1315 2077 eius
1349 2029 1408 2076 ab
1444 2029 1618 2078 Atticis
1664 2028 1841 2093 primis

156 2115 207 2160 et
239 2111 452 2173 agnitam
490 2113 541 2158 et
574 2108 770 2173 publice
820 2108 1091 2156 honoribus
1145 2107 1380 2157 affectam
1416 2125 1530 2157 esse
1564 2109 1843 2158 ostenditur

155 2206 202 2242 v.
221 2193 319 2239 656
341 2205 510 2254 seqq.;
545 2188 611 2237 cl'.
650 2187 851 2239 Diodor.
876 2186 976 2238 Sic.
1002 2186 1088 2249 IV,
1109 2190 1188 2235 39.
1255 2187 1482 2252 Denique
1499 2189 1658 2253 pietas
1684 2188 1843 2237 Athe-

156 2270 402 2321 niensium
449 2269 675 2333 pluribus
719 2267 842 2316 locis
895 2267 1120 2317 laudatur
1170 2266 1329 2326 (velut
1372 2284 1416 2317 v,
1447 2270 1544 2317 329
1579 2270 1743 2331 seqq.)
1791 2273 1845 2317 et

157 2351 302 2399 enixe
346 2349 627 2397 refutantur
677 2348 759 2411 qui
813 2348 1113 2396 contrarium
1161 2347 1437 2396 affirment:
1487 2345 1517 2397 ὁ
1564 2344 1621 2397 δὲ
1667 2346 1740 2413 μή
1787 2340 1845 2397 σέ

157 2428 382 2495 φάσκων
417 2419 575 2492 ἐγγὺς
607 2427 814 2492 μανιῶν
846 2423 1052 2477 ἐλαύνει
1087 2425 1327 2492 (v.903.).
1363 2427 1534 2476 Invitis
1561 2427 1655 2476 diis
1683 2427 1843 2476 omni-

158 2511 252 2560 bus
286 2515 486 2575 praeter
535 2509 766 2556 lunonem
813 2508 864 2556 in
910 2508 1036 2556 fines
1079 2507 1355 2555 Atticorum
1400 2507 1657 2556 incurrunt
1691 2506 1845 2571 Spar-

158 2590 261 2640 tani
297 2594 350 2638 et
382 2587 680 2654 populantur
714 2603 858 2651 agros
894 2587 963 2650 (v.
987 2588 1152 2649 282),
1189 2593 1448 2650 sperantes
1485 2587 1628 2634 deam
1669 2602 1846 2635 oracu-

160 2670 221 2719 lis
257 2668 565 2734 superiorem
599 2667 711 2715 fore
745 2667 816 2730 (v.
867 2665 1070 2729 1039.)‚
1121 2666 1304 2714 Atticis
1347 2664 1603 2713 Minervae
1646 2666 1848 2714 numine

83 2751 89 2756 '
159 2748 518 2800 confidentibus
544 2744 832 2814 (νικωμένη
865 2744 966 2812 γὰρ
991 2742 1209 2804 Παλλὰς
1234 2743 1334 2795 οὐκ
1360 2741 1612 2806 ἀνέξεται,
1641 2760 1689 2793 v.
1705 2746 1847 2806 353.)

160 2836 212 2880 et
245 2829 402 2879 semel
433 2829 527 2877 iam
562 2827 790 2893 Spartam
824 2828 972 2877 huius
1021 2831 1072 2875 et
1105 2825 1340 2875 Herculis
1373 2825 1561 2875 viribus
1597 2840 1848 2892 expugna-

158 2914 258 2960 tam
294 2924 408 2958 esse
443 2907 515 2972 (v.
550 2910 688 2967 742.)
724 2906 1169 2958 reminiscentibus.

291 2988 527 3038 Eiusdem
553 2989 854 3054 teti-alogiae,
879 2994 1025 3051 atque
1051 2985 1359 3046 Heraclidas,
1384 2984 1586 3035 Peleum
1598 2985 1848 3048 Aegeum-

162 3085 262 3134 que
294 3067 455 3118 fuisse
490 3068 699 3118 coniicio
732 3069 863 3129 ideo,
898 3067 1026 3131 quod
1047 3072 1160 3116 ante
1186 3067 1530 3115 Acharnenses
1556 3064 1849 3130 Aristopha-

162 3150 241 3199 nis
273 3156 539 3211 utrumque
572 3148 739 3198 drama
772 3150 819 3198 in
854 3163 1052 3197 scenam
1088 3146 1307 3196 delatum
1342 3161 1457 3195 esse
1491 3145 1653 3203 video,
1687 3159 1851 3208 neque

161 3227 365 3293 reliquis
389 3228 585 3277 illorum
597 3234 876 3295 temporum
898 3226 1174 3291 tetralogiis
1200 3224 1523 3287 commodiuS‚
1549 3240 1695 3288 quam
1718 3225 1850 3285 huic,

235 3395 279 3448 *)
307 3394 512 3451 Thucyd.
541 3395 578 3448 1,
601 3393 699 3436 126.
727 3393 826 3437 139.

216 3465 284 3519 '*)
314 3464 382 3508 Cf·
410 3465 589 3522 Pflugk.
620 3464 811 3520 praefat.
841 3479 886 3519 p.
915 3462 958 3504 7.

1449 3533 1512 3579 19
