<?xml version="1.0" encoding="UTF-8"?>
<!DOCTYPE html PUBLIC "-//W3C//DTD XHTML 1.0 Transitional//EN"
    "http://www.w3.org/TR/xhtml1/DTD/xhtml1-transitional.dtd">
<html xmlns="http://www.w3.org/1999/xhtml" xml:lang="en" lang="en">
 <head>
  <title>
</title>
<meta http-equiv="Content-Type" content="text/html;charset=utf-8" />
  <meta name='ocr-system' content='tesseract 3.04.00' />
  <meta name='ocr-capabilities' content='ocr_page ocr_carea ocr_par ocr_line ocrx_word'/>
</head>
<body>
  <div class='ocr_page' id='page_1' title='image "./euripidesrestitu01hartuoft_0394.png"; bbox 0 0 2176 3874; ppageno 0'>
   <div class='ocr_carea' id='block_1_1' title="bbox 1101 261 1227 320">
    <p class='ocr_par' dir='ltr' id='par_1_1' title="bbox 1101 261 1227 320">
     <span class='ocr_line' id='line_1_1' title="bbox 1101 261 1227 320; baseline 0 -1"><span class='ocrx_word' id='word_1_1' title='bbox 1101 261 1227 320; x_wconf 75' lang='lat'><strong>376</strong></span> 
     </span>
    </p>
   </div>
   <div class='ocr_carea' id='block_1_2' title="bbox 320 407 2014 2868">
    <p class='ocr_par' dir='ltr' id='par_1_2' title="bbox 320 407 2010 1432">
     <span class='ocr_line' id='line_1_2' title="bbox 321 407 2006 474; baseline -0.002 -10"><span class='ocrx_word' id='word_1_2' title='bbox 321 412 582 464; x_wconf 87' lang='lat' dir='ltr'><strong>steriorem</strong></span> <span class='ocrx_word' id='word_1_3' title='bbox 636 409 878 459; x_wconf 89' lang='lat' dir='ltr'><strong>rationem</strong></span> <span class='ocrx_word' id='word_1_4' title='bbox 933 407 1019 472; x_wconf 90' lang='lat' dir='ltr'><strong>qui</strong></span> <span class='ocrx_word' id='word_1_5' title='bbox 1070 408 1211 473; x_wconf 86' lang='lat' dir='ltr'><strong>sequi</strong></span> <span class='ocrx_word' id='word_1_6' title='bbox 1266 407 1529 457; x_wconf 87' lang='lat' dir='ltr'><strong>instituunt</strong></span> <span class='ocrx_word' id='word_1_7' title='bbox 1586 410 1791 472; x_wconf 84' lang='lat' dir='ltr'><strong>poetae,</strong></span> <span class='ocrx_word' id='word_1_8' title='bbox 1846 423 2006 474; x_wconf 86' lang='lat' dir='ltr'><strong>neque</strong></span> 
     </span>
     <span class='ocr_line' id='line_1_3' title="bbox 322 487 2010 554; baseline -0.002 -12"><span class='ocrx_word' id='word_1_9' title='bbox 322 493 445 543; x_wconf 88' lang='lat' dir='ltr'><strong>satis</strong></span> <span class='ocrx_word' id='word_1_10' title='bbox 502 489 840 554; x_wconf 85' lang='lat' dir='ltr'><strong>distinguunt,</strong></span> <span class='ocrx_word' id='word_1_11' title='bbox 899 488 1020 553; x_wconf 88' lang='lat' dir='ltr'><strong>quid</strong></span> <span class='ocrx_word' id='word_1_12' title='bbox 1081 488 1148 537; x_wconf 87' lang='lat' dir='ltr'><strong>sit</strong></span> <span class='ocrx_word' id='word_1_13' title='bbox 1203 492 1409 554; x_wconf 89' lang='lat' dir='ltr'><strong>poetae,</strong></span> <span class='ocrx_word' id='word_1_14' title='bbox 1470 487 1588 553; x_wconf 89' lang='lat' dir='ltr'><strong>quid</strong></span> <span class='ocrx_word' id='word_1_15' title='bbox 1647 487 1873 539; x_wconf 79' lang='lat' dir='ltr'><strong>historici</strong></span> <span class='ocrx_word' id='word_1_16' title='bbox 1927 490 2010 539; x_wconf 84' lang='lat' dir='ltr'><strong>vel</strong></span> 
     </span>
     <span class='ocr_line' id='line_1_4' title="bbox 321 567 2007 634; baseline -0.001 -14"><span class='ocrx_word' id='word_1_17' title='bbox 321 573 445 633; x_wconf 88' lang='lat' dir='ltr'><strong>eius,</strong></span> <span class='ocrx_word' id='word_1_18' title='bbox 490 570 572 634; x_wconf 94' lang='lat' dir='ltr'><strong>qui</strong></span> <span class='ocrx_word' id='word_1_19' title='bbox 604 568 951 632; x_wconf 82' lang='lat' dir='ltr'><strong>antiquitatem</strong></span> <span class='ocrx_word' id='word_1_20' title='bbox 983 569 1273 634; x_wconf 77' lang='lat' dir='ltr'><strong>investigat,</strong></span> <span class='ocrx_word' id='word_1_21' title='bbox 1309 583 1471 632; x_wconf 89' lang='lat' dir='ltr'><strong>neque</strong></span> <span class='ocrx_word' id='word_1_22' title='bbox 1507 567 1767 617; x_wconf 88' lang='lat' dir='ltr'><strong>commode</strong></span> <span class='ocrx_word' id='word_1_23' title='bbox 1798 567 2007 630; x_wconf 86' lang='lat' dir='ltr'><strong>faciunt,</strong></span> 
     </span>
     <span class='ocr_line' id='line_1_5' title="bbox 322 648 2007 716; baseline -0.001 -16"><span class='ocrx_word' id='word_1_24' title='bbox 322 665 471 716; x_wconf 88' lang='lat' dir='ltr'><strong>quum</strong></span> <span class='ocrx_word' id='word_1_25' title='bbox 514 648 687 698; x_wconf 89' lang='lat' dir='ltr'><strong>alienis</strong></span> <span class='ocrx_word' id='word_1_26' title='bbox 732 649 881 698; x_wconf 86' lang='lat' dir='ltr'><strong>rebus</strong></span> <span class='ocrx_word' id='word_1_27' title='bbox 926 654 979 699; x_wconf 87' lang='lat' dir='ltr'><strong>et</strong></span> <span class='ocrx_word' id='word_1_28' title='bbox 1012 665 1040 698; x_wconf 85' lang='lat' dir='ltr'><strong>a</strong></span> <span class='ocrx_word' id='word_1_29' title='bbox 1072 648 1204 713; x_wconf 82' lang='lat' dir='ltr'><strong>vulgi</strong></span> <span class='ocrx_word' id='word_1_30' title='bbox 1253 648 1535 712; x_wconf 82' lang='lat' dir='ltr'><strong>cognitione</strong></span> <span class='ocrx_word' id='word_1_31' title='bbox 1569 648 1776 697; x_wconf 89' lang='lat' dir='ltr'><strong>remotis</strong></span> <span class='ocrx_word' id='word_1_32' title='bbox 1810 648 2007 698; x_wconf 85' lang='lat' dir='ltr'><strong>intelle-</strong></span> 
     </span>
     <span class='ocr_line' id='line_1_6' title="bbox 323 716 2010 795; baseline 0 -17"><span class='ocrx_word' id='word_1_33' title='bbox 323 734 455 779; x_wconf 90' lang='lat' dir='ltr'><strong>ctum</strong></span> <span class='ocrx_word' id='word_1_34' title='bbox 503 729 772 778; x_wconf 81' lang='lat' dir='ltr'><strong>carminum</strong></span> <span class='ocrx_word' id='word_1_35' title='bbox 817 728 1102 795; x_wconf 84' lang='lat' dir='ltr'><strong>impediant.</strong></span> <span class='ocrx_word' id='word_1_36' title='bbox 1190 716 1335 778; x_wconf 86' lang='lat' dir='ltr'><strong>Unde</strong></span> <span class='ocrx_word' id='word_1_37' title='bbox 1371 728 1542 794; x_wconf 91' lang='lat' dir='ltr'><strong>optimi</strong></span> <span class='ocrx_word' id='word_1_38' title='bbox 1575 728 1757 793; x_wconf 86' lang='lat' dir='ltr'><strong>quique</strong></span> <span class='ocrx_word' id='word_1_39' title='bbox 1789 729 2010 778; x_wconf 89' lang='lat' dir='ltr'><strong>omnium</strong></span> 
     </span>
     <span class='ocr_line' id='line_1_7' title="bbox 322 799 2010 875; baseline -0.001 -17"><span class='ocrx_word' id='word_1_40' title='bbox 322 813 540 858; x_wconf 87' lang='lat' dir='ltr'><strong>aetatum</strong></span> <span class='ocrx_word' id='word_1_41' title='bbox 585 809 902 873; x_wconf 87' lang='lat' dir='ltr'><strong>omniumque</strong></span> <span class='ocrx_word' id='word_1_42' title='bbox 944 810 1164 875; x_wconf 81' lang='lat' dir='ltr'><strong>gentium</strong></span> <span class='ocrx_word' id='word_1_43' title='bbox 1198 814 1378 874; x_wconf 87' lang='lat' dir='ltr'><strong>poetae</strong></span> <span class='ocrx_word' id='word_1_44' title='bbox 1412 812 1611 871; x_wconf 87' lang='lat' dir='ltr'><strong>praeter</strong></span> <span class='ocrx_word' id='word_1_45' title='bbox 1644 813 1872 875; x_wconf 77' lang='lat' dir='ltr'><strong>nostros,</strong></span> <span class='ocrx_word' id='word_1_46' title='bbox 1893 799 1900 811; x_wconf 60' lang='lat'>⁸</span> <span class='ocrx_word' id='word_1_47' title='bbox 1924 807 2010 873; x_wconf 87' lang='lat' dir='ltr'><strong>qui</strong></span> 
     </span>
     <span class='ocr_line' id='line_1_8' title="bbox 321 887 2008 954; baseline -0.002 -14"><span class='ocrx_word' id='word_1_48' title='bbox 321 887 506 940; x_wconf 88' lang='lat' dir='ltr'><strong>nullius</strong></span> <span class='ocrx_word' id='word_1_49' title='bbox 552 903 649 938; x_wconf 90' lang='lat' dir='ltr'><strong>non</strong></span> <span class='ocrx_word' id='word_1_50' title='bbox 692 889 1034 954; x_wconf 82' lang='lat' dir='ltr'><strong>perversitatis</strong></span> <span class='ocrx_word' id='word_1_51' title='bbox 1078 895 1277 953; x_wconf 82' lang='lat' dir='ltr'><strong>gentem</strong></span> <span class='ocrx_word' id='word_1_52' title='bbox 1324 888 1680 937; x_wconf 84' lang='lat' dir='ltr'><strong>Germanorum</strong></span> <span class='ocrx_word' id='word_1_53' title='bbox 1734 889 2008 953; x_wconf 88' lang='lat' dir='ltr'><strong>patientem</strong></span> 
     </span>
     <span class='ocr_line' id='line_1_9' title="bbox 322 968 2008 1034; baseline -0.001 -15"><span class='ocrx_word' id='word_1_54' title='bbox 322 982 436 1019; x_wconf 85' lang='lat' dir='ltr'><strong>esse</strong></span> <span class='ocrx_word' id='word_1_55' title='bbox 471 974 524 1018; x_wconf 91' lang='lat' dir='ltr'><strong>et</strong></span> <span class='ocrx_word' id='word_1_56' title='bbox 553 984 751 1033; x_wconf 83' lang='lat' dir='ltr'><strong>semper</strong></span> <span class='ocrx_word' id='word_1_57' title='bbox 794 969 951 1017; x_wconf 88' lang='lat' dir='ltr'><strong>aliena</strong></span> <span class='ocrx_word' id='word_1_58' title='bbox 988 969 1144 1032; x_wconf 83' lang='lat' dir='ltr'><strong>magis</strong></span> <span class='ocrx_word' id='word_1_59' title='bbox 1181 985 1324 1033; x_wconf 87' lang='lat' dir='ltr'><strong>quam</strong></span> <span class='ocrx_word' id='word_1_60' title='bbox 1364 983 1451 1016; x_wconf 90' lang='lat' dir='ltr'><strong>sua</strong></span> <span class='ocrx_word' id='word_1_61' title='bbox 1487 968 1721 1033; x_wconf 86' lang='lat' dir='ltr'><strong>admirari</strong></span> <span class='ocrx_word' id='word_1_62' title='bbox 1761 968 2008 1034; x_wconf 84' lang='lat' dir='ltr'><strong>intellige-</strong></span> 
     </span>
     <span class='ocr_line' id='line_1_10' title="bbox 320 1048 2008 1113; baseline 0.001 -17"><span class='ocrx_word' id='word_1_63' title='bbox 320 1053 449 1108; x_wconf 90' lang='lat' dir='ltr'><strong>rent,</strong></span> <span class='ocrx_word' id='word_1_64' title='bbox 485 1048 706 1113; x_wconf 88' lang='lat' dir='ltr'><strong>priorem</strong></span> <span class='ocrx_word' id='word_1_65' title='bbox 740 1048 981 1098; x_wconf 85' lang='lat' dir='ltr'><strong>rationem</strong></span> <span class='ocrx_word' id='word_1_66' title='bbox 1016 1049 1175 1098; x_wconf 87' lang='lat' dir='ltr'><strong>secuti</strong></span> <span class='ocrx_word' id='word_1_67' title='bbox 1210 1053 1321 1097; x_wconf 88' lang='lat' dir='ltr'><strong>sunt</strong></span> <span class='ocrx_word' id='word_1_68' title='bbox 1356 1052 1408 1097; x_wconf 91' lang='lat' dir='ltr'><strong>et</strong></span> <span class='ocrx_word' id='word_1_69' title='bbox 1443 1049 1505 1097; x_wconf 91' lang='lat' dir='ltr'><strong>ad</strong></span> <span class='ocrx_word' id='word_1_70' title='bbox 1540 1048 1818 1113; x_wconf 87' lang='lat' dir='ltr'><strong>aequalium</strong></span> <span class='ocrx_word' id='word_1_71' title='bbox 1843 1063 2008 1097; x_wconf 85' lang='lat' dir='ltr'><strong>mores</strong></span> 
     </span>
     <span class='ocr_line' id='line_1_11' title="bbox 321 1127 2009 1192; baseline 0.001 -17"><span class='ocrx_word' id='word_1_72' title='bbox 321 1129 582 1192; x_wconf 87' lang='lat' dir='ltr'><strong>victusque</strong></span> <span class='ocrx_word' id='word_1_73' title='bbox 617 1129 1021 1177; x_wconf 88' lang='lat' dir='ltr'><strong>consuetudinem</strong></span> <span class='ocrx_word' id='word_1_74' title='bbox 1060 1134 1118 1177; x_wconf 87' lang='lat' dir='ltr'><strong>et</strong></span> <span class='ocrx_word' id='word_1_75' title='bbox 1152 1143 1315 1177; x_wconf 87' lang='lat' dir='ltr'><strong>mores</strong></span> <span class='ocrx_word' id='word_1_76' title='bbox 1349 1127 1598 1177; x_wconf 89' lang='lat' dir='ltr'><strong>hominum</strong></span> <span class='ocrx_word' id='word_1_77' title='bbox 1636 1134 1688 1177; x_wconf 91' lang='lat' dir='ltr'><strong>et</strong></span> <span class='ocrx_word' id='word_1_78' title='bbox 1719 1144 1887 1178; x_wconf 89' lang='lat' dir='ltr'><strong>rerum</strong></span> <span class='ocrx_word' id='word_1_79' title='bbox 1921 1143 2009 1192; x_wconf 81' lang='lat' dir='ltr'><strong>ge-</strong></span> 
     </span>
     <span class='ocr_line' id='line_1_12' title="bbox 323 1208 2009 1271; baseline 0.001 -15"><span class='ocrx_word' id='word_1_80' title='bbox 323 1211 512 1256; x_wconf 86' lang='lat' dir='ltr'><strong>starum</strong></span> <span class='ocrx_word' id='word_1_81' title='bbox 546 1209 811 1267; x_wconf 88' lang='lat' dir='ltr'><strong>rationem,</strong></span> <span class='ocrx_word' id='word_1_82' title='bbox 856 1209 1181 1271; x_wconf 84' lang='lat' dir='ltr'><strong>undecunque</strong></span> <span class='ocrx_word' id='word_1_83' title='bbox 1227 1212 1510 1268; x_wconf 74' lang='lat' dir='ltr'><strong>sumerent,</strong></span> <span class='ocrx_word' id='word_1_84' title='bbox 1555 1208 2009 1258; x_wconf 81' lang='lat' dir='ltr'><strong>accommodarunt.</strong></span> 
     </span>
     <span class='ocr_line' id='line_1_13' title="bbox 321 1285 2006 1353; baseline 0.001 -18"><span class='ocrx_word' id='word_1_85' title='bbox 321 1285 517 1335; x_wconf 87' lang='lat' dir='ltr'><strong>Horum</strong></span> <span class='ocrx_word' id='word_1_86' title='bbox 551 1287 703 1353; x_wconf 84' lang='lat' dir='ltr'><strong>igitur</strong></span> <span class='ocrx_word' id='word_1_87' title='bbox 737 1291 994 1351; x_wconf 86' lang='lat' dir='ltr'><strong>poetarum</strong></span> <span class='ocrx_word' id='word_1_88' title='bbox 1040 1288 1267 1336; x_wconf 87' lang='lat' dir='ltr'><strong>instituto</strong></span> <span class='ocrx_word' id='word_1_89' title='bbox 1301 1286 1364 1336; x_wconf 89' lang='lat' dir='ltr'><strong>ad</strong></span> <span class='ocrx_word' id='word_1_90' title='bbox 1398 1287 1770 1351; x_wconf 83' lang='lat' dir='ltr'><strong>simplicitatem</strong></span> <span class='ocrx_word' id='word_1_91' title='bbox 1803 1303 2006 1337; x_wconf 86' lang='lat' dir='ltr'><strong>revoca-</strong></span> 
     </span>
     <span class='ocr_line' id='line_1_14' title="bbox 324 1366 1133 1432; baseline 0.004 -18"><span class='ocrx_word' id='word_1_92' title='bbox 324 1370 408 1415; x_wconf 89' lang='lat' dir='ltr'><strong>tur</strong></span> <span class='ocrx_word' id='word_1_93' title='bbox 441 1366 706 1432; x_wconf 82' lang='lat' dir='ltr'><strong>duplicitas</strong></span> <span class='ocrx_word' id='word_1_94' title='bbox 740 1367 938 1432; x_wconf 87' lang='lat' dir='ltr'><strong>generis</strong></span> <span class='ocrx_word' id='word_1_95' title='bbox 973 1367 1133 1432; x_wconf 90' lang='lat' dir='ltr'><strong>primi.</strong></span> 
     </span>
    </p>

    <p class='ocr_par' dir='ltr' id='par_1_3' title="bbox 322 1445 2014 2868">
     <span class='ocr_line' id='line_1_15' title="bbox 466 1445 2008 1515; baseline -0.001 -18"><span class='ocrx_word' id='word_1_96' title='bbox 466 1445 637 1497; x_wconf 87' lang='lat' dir='ltr'><strong>Vera</strong></span> <span class='ocrx_word' id='word_1_97' title='bbox 672 1463 789 1497; x_wconf 88' lang='lat' dir='ltr'><strong>cave</strong></span> <span class='ocrx_word' id='word_1_98' title='bbox 834 1448 1114 1515; x_wconf 86' lang='lat' dir='ltr'><strong>propria</strong></span> <span class='ocrx_word' id='word_1_99' title='bbox 1150 1446 1470 1513; x_wconf 81' lang='lat' dir='ltr'><strong>(Concretes)</strong></span> <span class='ocrx_word' id='word_1_100' title='bbox 1508 1447 1609 1497; x_wconf 91' lang='lat' dir='ltr'><strong>dici</strong></span> <span class='ocrx_word' id='word_1_101' title='bbox 1642 1448 1702 1496; x_wconf 88' lang='lat' dir='ltr'><strong>ab</strong></span> <span class='ocrx_word' id='word_1_102' title='bbox 1738 1447 2008 1497; x_wconf 87' lang='lat' dir='ltr'><strong>Aristotele</strong></span> 
     </span>
     <span class='ocr_line' id='line_1_16' title="bbox 323 1520 2009 1595; baseline 0 -17"><span class='ocrx_word' id='word_1_103' title='bbox 323 1533 487 1595; x_wconf 68' lang='lat' dir='ltr'><strong>putes.</strong></span> <span class='ocrx_word' id='word_1_104' title='bbox 536 1528 716 1577; x_wconf 83' lang='lat' dir='ltr'><strong>Audias</strong></span> <span class='ocrx_word' id='word_1_105' title='bbox 751 1528 897 1592; x_wconf 79' lang='lat' dir='ltr'><strong>igitur</strong></span> <span class='ocrx_word' id='word_1_106' title='bbox 929 1528 1092 1592; x_wconf 89' lang='lat' dir='ltr'><strong>ipsum</strong></span> <span class='ocrx_word' id='word_1_107' title='bbox 1128 1528 1193 1578; x_wconf 84' lang='lat' dir='ltr'><strong>de</strong></span> <span class='ocrx_word' id='word_1_108' title='bbox 1227 1528 1513 1578; x_wconf 89' lang='lat' dir='ltr'><strong>discrimine</strong></span> <span class='ocrx_word' id='word_1_109' title='bbox 1547 1520 1871 1576; x_wconf 86' lang='lat' dir='ltr'><strong>disserentem</strong></span> <span class='ocrx_word' id='word_1_110' title='bbox 1897 1543 1940 1576; x_wconf 89' lang='lat' dir='ltr'><strong>c.</strong></span> <span class='ocrx_word' id='word_1_111' title='bbox 1961 1530 2009 1578; x_wconf 84' lang='lat'><strong>9.</strong></span> 
     </span>
     <span class='ocr_line' id='line_1_17' title="bbox 322 1606 2013 1674; baseline -0.001 -16"><span class='ocrx_word' id='word_1_112' title='bbox 322 1608 471 1672; x_wconf 90' lang='lat' dir='ltr'><strong>„Non</strong></span> <span class='ocrx_word' id='word_1_113' title='bbox 505 1624 631 1671; x_wconf 88' lang='lat' dir='ltr'><strong>quae</strong></span> <span class='ocrx_word' id='word_1_114' title='bbox 664 1606 796 1657; x_wconf 86' lang='lat' dir='ltr'><strong>facta</strong></span> <span class='ocrx_word' id='word_1_115' title='bbox 829 1608 929 1657; x_wconf 90' lang='lat' dir='ltr'><strong>sint</strong></span> <span class='ocrx_word' id='word_1_116' title='bbox 961 1623 1211 1673; x_wconf 87' lang='lat' dir='ltr'><strong>exponere</strong></span> <span class='ocrx_word' id='word_1_117' title='bbox 1244 1613 1422 1674; x_wconf 87' lang='lat' dir='ltr'><strong>poetae</strong></span> <span class='ocrx_word' id='word_1_118' title='bbox 1456 1613 1565 1665; x_wconf 88' lang='lat' dir='ltr'><strong>est,</strong></span> <span class='ocrx_word' id='word_1_119' title='bbox 1611 1607 1699 1656; x_wconf 88' lang='lat' dir='ltr'><strong>sed</strong></span> <span class='ocrx_word' id='word_1_120' title='bbox 1749 1623 1876 1672; x_wconf 89' lang='lat' dir='ltr'><strong>quae</strong></span> <span class='ocrx_word' id='word_1_121' title='bbox 1910 1607 2013 1657; x_wconf 85' lang='lat' dir='ltr'><strong>sint</strong></span> 
     </span>
     <span class='ocr_line' id='line_1_18' title="bbox 322 1687 2014 1752; baseline -0.001 -15"><span class='ocrx_word' id='word_1_122' title='bbox 322 1688 611 1738; x_wconf 88' lang='lat' dir='ltr'><strong>verisimilia</strong></span> <span class='ocrx_word' id='word_1_123' title='bbox 646 1693 698 1737; x_wconf 91' lang='lat' dir='ltr'><strong>et</strong></span> <span class='ocrx_word' id='word_1_124' title='bbox 730 1688 842 1737; x_wconf 88' lang='lat' dir='ltr'><strong>fieri</strong></span> <span class='ocrx_word' id='word_1_125' title='bbox 879 1688 1073 1752; x_wconf 90' lang='lat' dir='ltr'><strong>possint</strong></span> <span class='ocrx_word' id='word_1_126' title='bbox 1124 1687 1418 1749; x_wconf 86' lang='lat' dir='ltr'><strong>(secundum</strong></span> <span class='ocrx_word' id='word_1_127' title='bbox 1453 1688 1707 1746; x_wconf 87' lang='lat' dir='ltr'><strong>naturam,</strong></span> <span class='ocrx_word' id='word_1_128' title='bbox 1740 1688 1772 1736; x_wconf 91' lang='lat' dir='ltr'><strong>i.</strong></span> <span class='ocrx_word' id='word_1_129' title='bbox 1809 1691 1882 1748; x_wconf 90' lang='lat' dir='ltr'><strong>e.)</strong></span> <span class='ocrx_word' id='word_1_130' title='bbox 1927 1691 2014 1737; x_wconf 87' lang='lat' dir='ltr'><strong>aut</strong></span> 
     </span>
     <span class='ocr_line' id='line_1_19' title="bbox 323 1766 2012 1834; baseline 0 -17"><span class='ocrx_word' id='word_1_131' title='bbox 323 1768 645 1834; x_wconf 84' lang='lat' dir='ltr'><strong>probabiliter</strong></span> <span class='ocrx_word' id='word_1_132' title='bbox 678 1774 763 1818; x_wconf 91' lang='lat' dir='ltr'><strong>aut</strong></span> <span class='ocrx_word' id='word_1_133' title='bbox 796 1768 1079 1818; x_wconf 87' lang='lat' dir='ltr'><strong>necessario-</strong></span> <span class='ocrx_word' id='word_1_134' title='bbox 1092 1766 1161 1832; x_wconf 90' lang='lat'><strong>*).</strong></span> <span class='ocrx_word' id='word_1_135' title='bbox 1221 1769 1333 1817; x_wconf 89' lang='lat' dir='ltr'><strong>Hoc</strong></span> <span class='ocrx_word' id='word_1_136' title='bbox 1367 1769 1499 1818; x_wconf 88' lang='lat' dir='ltr'><strong>enim</strong></span> <span class='ocrx_word' id='word_1_137' title='bbox 1533 1769 1740 1817; x_wconf 87' lang='lat' dir='ltr'><strong>interest</strong></span> <span class='ocrx_word' id='word_1_138' title='bbox 1771 1768 1903 1817; x_wconf 89' lang='lat' dir='ltr'><strong>inter</strong></span> <span class='ocrx_word' id='word_1_139' title='bbox 1934 1769 2012 1817; x_wconf 88' lang='lat' dir='ltr'><strong>hi-</strong></span> 
     </span>
     <span class='ocr_line' id='line_1_20' title="bbox 325 1847 2012 1913; baseline 0.001 -16"><span class='ocrx_word' id='word_1_140' title='bbox 325 1848 566 1897; x_wconf 86' lang='lat' dir='ltr'><strong>storicum</strong></span> <span class='ocrx_word' id='word_1_141' title='bbox 599 1853 650 1896; x_wconf 86' lang='lat' dir='ltr'><strong>et</strong></span> <span class='ocrx_word' id='word_1_142' title='bbox 683 1855 897 1913; x_wconf 87' lang='lat' dir='ltr'><strong>poetam,</strong></span> <span class='ocrx_word' id='word_1_143' title='bbox 948 1850 1080 1912; x_wconf 87' lang='lat' dir='ltr'><strong>quod</strong></span> <span class='ocrx_word' id='word_1_144' title='bbox 1114 1849 1196 1897; x_wconf 90' lang='lat' dir='ltr'><strong>ille</strong></span> <span class='ocrx_word' id='word_1_145' title='bbox 1230 1865 1356 1912; x_wconf 87' lang='lat' dir='ltr'><strong>quae</strong></span> <span class='ocrx_word' id='word_1_146' title='bbox 1392 1847 1524 1897; x_wconf 84' lang='lat' dir='ltr'><strong>facta</strong></span> <span class='ocrx_word' id='word_1_147' title='bbox 1558 1864 1671 1896; x_wconf 89' lang='lat' dir='ltr'><strong>esse</strong></span> <span class='ocrx_word' id='word_1_148' title='bbox 1704 1848 1896 1912; x_wconf 88' lang='lat' dir='ltr'><strong>accepit</strong></span> <span class='ocrx_word' id='word_1_149' title='bbox 1928 1864 2012 1898; x_wconf 87' lang='lat' dir='ltr'><strong>re-</strong></span> 
     </span>
     <span class='ocr_line' id='line_1_21' title="bbox 322 1927 2013 1992; baseline 0.001 -15"><span class='ocrx_word' id='word_1_150' title='bbox 322 1927 455 1990; x_wconf 79' lang='lat' dir='ltr'><strong>fert,</strong></span> <span class='ocrx_word' id='word_1_151' title='bbox 499 1928 582 1976; x_wconf 91' lang='lat' dir='ltr'><strong>hic</strong></span> <span class='ocrx_word' id='word_1_152' title='bbox 623 1943 749 1992; x_wconf 88' lang='lat' dir='ltr'><strong>quae</strong></span> <span class='ocrx_word' id='word_1_153' title='bbox 794 1928 1077 1977; x_wconf 88' lang='lat' dir='ltr'><strong>verisimilia</strong></span> <span class='ocrx_word' id='word_1_154' title='bbox 1122 1934 1250 1977; x_wconf 88' lang='lat' dir='ltr'><strong>sunt.</strong></span> <span class='ocrx_word' id='word_1_155' title='bbox 1331 1928 1660 1990; x_wconf 79' lang='lat' dir='ltr'><strong>Quamobrem</strong></span> <span class='ocrx_word' id='word_1_156' title='bbox 1707 1929 1863 1992; x_wconf 81' lang='lat' dir='ltr'><strong>magis</strong></span> <span class='ocrx_word' id='word_1_157' title='bbox 1899 1944 2013 1978; x_wconf 89' lang='lat' dir='ltr'><strong>cum</strong></span> 
     </span>
     <span class='ocr_line' id='line_1_22' title="bbox 324 2006 2013 2072; baseline 0.001 -17"><span class='ocrx_word' id='word_1_158' title='bbox 324 2006 646 2072; x_wconf 85' lang='lat' dir='ltr'><strong>philosophia</strong></span> <span class='ocrx_word' id='word_1_159' title='bbox 679 2007 931 2072; x_wconf 87' lang='lat' dir='ltr'><strong>conspirat</strong></span> <span class='ocrx_word' id='word_1_160' title='bbox 963 2008 1130 2072; x_wconf 89' lang='lat' dir='ltr'><strong>poesis</strong></span> <span class='ocrx_word' id='word_1_161' title='bbox 1165 2013 1217 2056; x_wconf 86' lang='lat' dir='ltr'><strong>et</strong></span> <span class='ocrx_word' id='word_1_162' title='bbox 1242 2008 1439 2055; x_wconf 88' lang='lat' dir='ltr'><strong>maioris</strong></span> <span class='ocrx_word' id='word_1_163' title='bbox 1473 2008 1712 2055; x_wconf 90' lang='lat' dir='ltr'><strong>momenti</strong></span> <span class='ocrx_word' id='word_1_164' title='bbox 1737 2012 1830 2069; x_wconf 89' lang='lat' dir='ltr'><strong>est,</strong></span> <span class='ocrx_word' id='word_1_165' title='bbox 1866 2024 2013 2072; x_wconf 86' lang='lat' dir='ltr'><strong>quam</strong></span> 
     </span>
     <span class='ocr_line' id='line_1_23' title="bbox 324 2083 2011 2153; baseline 0.001 -18"><span class='ocrx_word' id='word_1_166' title='bbox 324 2086 547 2135; x_wconf 87' lang='lat' dir='ltr'><strong>historia.</strong></span> <span class='ocrx_word' id='word_1_167' title='bbox 627 2086 798 2135; x_wconf 88' lang='lat' dir='ltr'><strong>Poesis</strong></span> <span class='ocrx_word' id='word_1_168' title='bbox 833 2086 965 2135; x_wconf 89' lang='lat' dir='ltr'><strong>enim</strong></span> <span class='ocrx_word' id='word_1_169' title='bbox 1008 2087 1162 2150; x_wconf 86' lang='lat' dir='ltr'><strong>magis</strong></span> <span class='ocrx_word' id='word_1_170' title='bbox 1215 2087 1571 2135; x_wconf 88' lang='lat' dir='ltr'><strong>communia</strong></span> <span class='ocrx_word' id='word_1_171' title='bbox 1606 2083 1694 2150; x_wconf 79' lang='grc' dir='ltr'><strong>(τὰ</strong></span> <span class='ocrx_word' id='word_1_172' title='bbox 1725 2084 2011 2153; x_wconf 80' lang='grc' dir='ltr'>καθόλου),</span> 
     </span>
     <span class='ocr_line' id='line_1_24' title="bbox 324 2161 2010 2233; baseline 0.002 -19"><span class='ocrx_word' id='word_1_173' title='bbox 324 2165 536 2214; x_wconf 87' lang='lat' dir='ltr'><strong>historia</strong></span> <span class='ocrx_word' id='word_1_174' title='bbox 591 2167 749 2230; x_wconf 83' lang='lat' dir='ltr'><strong>magis</strong></span> <span class='ocrx_word' id='word_1_175' title='bbox 809 2166 1083 2231; x_wconf 87' lang='lat' dir='ltr'><strong>propria</strong></span> <span class='ocrx_word' id='word_1_176' title='bbox 1141 2162 1227 2229; x_wconf 79' lang='grc' dir='ltr'><strong>(τὰ</strong></span> <span class='ocrx_word' id='word_1_177' title='bbox 1287 2165 1411 2216; x_wconf 80' lang='grc' dir='ltr'>καθ’</span> <span class='ocrx_word' id='word_1_178' title='bbox 1459 2161 1701 2233; x_wconf 76' lang='grc' dir='ltr'><em>ἕκαστον)</em></span> <span class='ocrx_word' id='word_1_179' title='bbox 1764 2168 2010 2233; x_wconf 84' lang='lat' dir='ltr'><strong>proponit.</strong></span> 
     </span>
     <span class='ocr_line' id='line_1_25' title="bbox 327 2243 2012 2310; baseline 0.002 -17"><span class='ocrx_word' id='word_1_180' title='bbox 327 2243 455 2293; x_wconf 88' lang='lat' dir='ltr'><strong>Sunt</strong></span> <span class='ocrx_word' id='word_1_181' title='bbox 487 2249 651 2294; x_wconf 87' lang='lat' dir='ltr'><strong>autem</strong></span> <span class='ocrx_word' id='word_1_182' title='bbox 687 2247 962 2296; x_wconf 87' lang='lat' dir='ltr'><strong>communia</strong></span> <span class='ocrx_word' id='word_1_183' title='bbox 994 2246 1306 2295; x_wconf 87' lang='lat' dir='ltr'><strong>huiusmodi:</strong></span> <span class='ocrx_word' id='word_1_184' title='bbox 1356 2246 1550 2309; x_wconf 90' lang='lat' dir='ltr'><strong>qualem</strong></span> <span class='ocrx_word' id='word_1_185' title='bbox 1599 2246 1760 2310; x_wconf 91' lang='lat' dir='ltr'><strong>qualia</strong></span> <span class='ocrx_word' id='word_1_186' title='bbox 1785 2248 2012 2297; x_wconf 87' lang='lat' dir='ltr'><strong>convenit</strong></span> 
     </span>
     <span class='ocr_line' id='line_1_26' title="bbox 326 2324 2012 2389; baseline 0.002 -17"><span class='ocrx_word' id='word_1_187' title='bbox 326 2324 495 2373; x_wconf 89' lang='lat' dir='ltr'><strong>dicere</strong></span> <span class='ocrx_word' id='word_1_188' title='bbox 539 2324 618 2374; x_wconf 90' lang='lat' dir='ltr'><strong>vel</strong></span> <span class='ocrx_word' id='word_1_189' title='bbox 666 2325 836 2375; x_wconf 84' lang='lat' dir='ltr'><strong>facere</strong></span> <span class='ocrx_word' id='word_1_190' title='bbox 877 2325 1197 2389; x_wconf 87' lang='lat' dir='ltr'><strong>probabiliter</strong></span> <span class='ocrx_word' id='word_1_191' title='bbox 1243 2331 1330 2374; x_wconf 88' lang='lat' dir='ltr'><strong>aut</strong></span> <span class='ocrx_word' id='word_1_192' title='bbox 1362 2326 1683 2375; x_wconf 63' lang='lat' dir='ltr'><strong>necessario?</strong></span> <span class='ocrx_word' id='word_1_193' title='bbox 1739 2327 1835 2376; x_wconf 92' lang='lat' dir='ltr'><strong>hoc</strong></span> <span class='ocrx_word' id='word_1_194' title='bbox 1881 2327 2012 2376; x_wconf 91' lang='lat' dir='ltr'><strong>enim</strong></span> 
     </span>
     <span class='ocr_line' id='line_1_27' title="bbox 328 2404 2012 2471; baseline 0.002 -19"><span class='ocrx_word' id='word_1_195' title='bbox 328 2404 558 2468; x_wconf 86' lang='lat' dir='ltr'><strong>sequitur</strong></span> <span class='ocrx_word' id='word_1_196' title='bbox 591 2405 790 2469; x_wconf 81' lang='lat' dir='ltr'><strong>poesiS,</strong></span> <span class='ocrx_word' id='word_1_197' title='bbox 839 2411 891 2454; x_wconf 86' lang='lat' dir='ltr'><strong>et</strong></span> <span class='ocrx_word' id='word_1_198' title='bbox 924 2405 1122 2454; x_wconf 89' lang='lat' dir='ltr'><strong>nomina</strong></span> <span class='ocrx_word' id='word_1_199' title='bbox 1155 2411 1347 2454; x_wconf 86' lang='lat' dir='ltr'><strong>tantum</strong></span> <span class='ocrx_word' id='word_1_200' title='bbox 1381 2406 1584 2470; x_wconf 88' lang='lat' dir='ltr'><strong>propria</strong></span> <span class='ocrx_word' id='word_1_201' title='bbox 1617 2406 1843 2471; x_wconf 89' lang='lat' dir='ltr'><strong>personis</strong></span> <span class='ocrx_word' id='word_1_202' title='bbox 1893 2404 2012 2469; x_wconf 89' lang='lat' dir='ltr'><strong>(mi-</strong></span> 
     </span>
     <span class='ocr_line' id='line_1_28' title="bbox 325 2482 2012 2550; baseline 0.002 -18"><span class='ocrx_word' id='word_1_203' title='bbox 325 2483 460 2532; x_wconf 90' lang='lat' dir='ltr'><strong>nime</strong></span> <span class='ocrx_word' id='word_1_204' title='bbox 492 2482 727 2548; x_wconf 86' lang='lat' dir='ltr'><strong>propriis)</strong></span> <span class='ocrx_word' id='word_1_205' title='bbox 763 2485 990 2550; x_wconf 87' lang='lat' dir='ltr'><strong>imponit.</strong></span> <span class='ocrx_word' id='word_1_206' title='bbox 1067 2484 1328 2550; x_wconf 87' lang='lat' dir='ltr'><strong>Proprium</strong></span> <span class='ocrx_word' id='word_1_207' title='bbox 1375 2491 1541 2534; x_wconf 84' lang='lat' dir='ltr'><strong>autem</strong></span> <span class='ocrx_word' id='word_1_208' title='bbox 1591 2485 1874 2535; x_wconf 88' lang='lat' dir='ltr'><strong>huiusmodi</strong></span> <span class='ocrx_word' id='word_1_209' title='bbox 1907 2490 2012 2535; x_wconf 85' lang='lat' dir='ltr'><strong>est:</strong></span> 
     </span>
     <span class='ocr_line' id='line_1_29' title="bbox 326 2562 2012 2630; baseline 0.002 -19"><span class='ocrx_word' id='word_1_210' title='bbox 326 2562 447 2626; x_wconf 88' lang='lat' dir='ltr'><strong>quid</strong></span> <span class='ocrx_word' id='word_1_211' title='bbox 479 2563 763 2613; x_wconf 89' lang='lat' dir='ltr'><strong>Alcibiades</strong></span> <span class='ocrx_word' id='word_1_212' title='bbox 795 2565 919 2613; x_wconf 85' lang='lat' dir='ltr'><strong>fecit</strong></span> <span class='ocrx_word' id='word_1_213' title='bbox 952 2565 1029 2613; x_wconf 90' lang='lat' dir='ltr'><strong>vel</strong></span> <span class='ocrx_word' id='word_1_214' title='bbox 1062 2581 1238 2630; x_wconf 86' lang='lat' dir='ltr'><strong>passus</strong></span> <span class='ocrx_word' id='word_1_215' title='bbox 1275 2566 1392 2614; x_wconf 62' lang='lat' dir='ltr'><strong>est?</strong></span> <span class='ocrx_word' id='word_1_216' title='bbox 1438 2565 1506 2614; x_wconf 83' lang='lat' dir='ltr'><strong>Et</strong></span> <span class='ocrx_word' id='word_1_217' title='bbox 1534 2566 1586 2615; x_wconf 89' lang='lat' dir='ltr'><strong>in</strong></span> <span class='ocrx_word' id='word_1_218' title='bbox 1615 2564 1870 2614; x_wconf 91' lang='lat' dir='ltr'><strong>comoedia</strong></span> <span class='ocrx_word' id='word_1_219' title='bbox 1902 2565 2012 2629; x_wconf 89' lang='lat' dir='ltr'><strong>qui-</strong></span> 
     </span>
     <span class='ocr_line' id='line_1_30' title="bbox 326 2642 2010 2708; baseline 0.002 -17"><span class='ocrx_word' id='word_1_220' title='bbox 326 2642 442 2692; x_wconf 90' lang='lat' dir='ltr'><strong>dem</strong></span> <span class='ocrx_word' id='word_1_221' title='bbox 487 2642 584 2692; x_wconf 93' lang='lat' dir='ltr'><strong>hoc</strong></span> <span class='ocrx_word' id='word_1_222' title='bbox 631 2645 702 2693; x_wconf 87' lang='lat' dir='ltr'><strong>sic</strong></span> <span class='ocrx_word' id='word_1_223' title='bbox 748 2644 858 2692; x_wconf 89' lang='lat' dir='ltr'><strong>fieri</strong></span> <span class='ocrx_word' id='word_1_224' title='bbox 908 2644 1226 2694; x_wconf 33' lang='lat' dir='ltr'><strong>manifestum*</strong></span> <span class='ocrx_word' id='word_1_225' title='bbox 1285 2650 1380 2694; x_wconf 88' lang='lat' dir='ltr'><strong>est.</strong></span> <span class='ocrx_word' id='word_1_226' title='bbox 1461 2645 1662 2695; x_wconf 87' lang='lat' dir='ltr'><strong>Etenim</strong></span> <span class='ocrx_word' id='word_1_227' title='bbox 1717 2660 1813 2694; x_wconf 91' lang='lat' dir='ltr'><strong>non</strong></span> <span class='ocrx_word' id='word_1_228' title='bbox 1854 2645 2010 2708; x_wconf 74' lang='lat' dir='ltr'><strong>priua,</strong></span> 
     </span>
     <span class='ocr_line' id='line_1_31' title="bbox 330 2724 2010 2789; baseline 0.002 -18"><span class='ocrx_word' id='word_1_229' title='bbox 330 2738 475 2786; x_wconf 84' lang='lat' dir='ltr'><strong>quam</strong></span> <span class='ocrx_word' id='word_1_230' title='bbox 522 2724 797 2788; x_wconf 90' lang='lat' dir='ltr'><strong>composita</strong></span> <span class='ocrx_word' id='word_1_231' title='bbox 838 2724 937 2773; x_wconf 91' lang='lat' dir='ltr'><strong>iam</strong></span> <span class='ocrx_word' id='word_1_232' title='bbox 985 2741 1046 2773; x_wconf 86' lang='lat' dir='ltr'><strong>ex</strong></span> <span class='ocrx_word' id='word_1_233' title='bbox 1079 2724 1414 2789; x_wconf 86' lang='lat' dir='ltr'><strong>probabilibus</strong></span> <span class='ocrx_word' id='word_1_234' title='bbox 1446 2724 1644 2783; x_wconf 88' lang='lat' dir='ltr'><strong>fabula,</strong></span> <span class='ocrx_word' id='word_1_235' title='bbox 1690 2724 1889 2774; x_wconf 87' lang='lat' dir='ltr'><strong>nomina</strong></span> <span class='ocrx_word' id='word_1_236' title='bbox 1921 2725 2010 2774; x_wconf 85' lang='lat' dir='ltr'><strong>de-</strong></span> 
     </span>
     <span class='ocr_line' id='line_1_32' title="bbox 327 2802 2011 2868; baseline 0.002 -18"><span class='ocrx_word' id='word_1_237' title='bbox 327 2817 463 2851; x_wconf 92' lang='lat' dir='ltr'><strong>mum</strong></span> <span class='ocrx_word' id='word_1_238' title='bbox 509 2803 849 2852; x_wconf 72' lang='lat' dir='ltr'><strong>convenientia</strong></span> <span class='ocrx_word' id='word_1_239' title='bbox 902 2804 1163 2868; x_wconf 84' lang='lat' dir='ltr'><strong>imponunt</strong></span> <span class='ocrx_word' id='word_1_240' title='bbox 1175 2802 1289 2867; x_wconf 86' lang='lat'><strong>**),</strong></span> <span class='ocrx_word' id='word_1_241' title='bbox 1352 2804 1498 2853; x_wconf 90' lang='lat' dir='ltr'><strong>aliter</strong></span> <span class='ocrx_word' id='word_1_242' title='bbox 1546 2808 1694 2868; x_wconf 86' lang='lat' dir='ltr'><strong>atque</strong></span> <span class='ocrx_word' id='word_1_243' title='bbox 1738 2803 2011 2854; x_wconf 82' lang='lat' dir='ltr'><strong>iamborum</strong></span> 
     </span>
    </p>
   </div>
   <div class='ocr_carea' id='block_1_3' title="bbox 367 2925 2012 3536">
    <p class='ocr_par' dir='ltr' id='par_1_4' title="bbox 395 2925 2012 3265">
     <span class='ocr_line' id='line_1_33' title="bbox 395 2925 2011 2988; baseline 0.002 -17"><span class='ocrx_word' id='word_1_244' title='bbox 395 2929 445 2984; x_wconf 53' lang='lat'><strong>&gt;³²)</strong></span> <span class='ocrx_word' id='word_1_245' title='bbox 475 2929 600 2971; x_wconf 88' lang='lat' dir='ltr'><strong>Adde</strong></span> <span class='ocrx_word' id='word_1_246' title='bbox 631 2944 669 2970; x_wconf 91' lang='lat' dir='ltr'><strong>c.</strong></span> <span class='ocrx_word' id='word_1_247' title='bbox 702 2927 772 2982; x_wconf 84' lang='lat'><strong>15,</strong></span> <span class='ocrx_word' id='word_1_248' title='bbox 800 2929 850 2971; x_wconf 87' lang='lat'><strong>6:</strong></span> <span class='ocrx_word' id='word_1_249' title='bbox 891 2925 974 2986; x_wconf 78' lang='grc' dir='ltr'><strong>χρὴ</strong></span> <span class='ocrx_word' id='word_1_250' title='bbox 1015 2927 1067 2974; x_wconf 74' lang='grc' dir='ltr'><strong>δὲ</strong></span> <span class='ocrx_word' id='word_1_251' title='bbox 1105 2929 1185 2973; x_wconf 85' lang='grc' dir='ltr'><strong>καὶ</strong></span> <span class='ocrx_word' id='word_1_252' title='bbox 1226 2926 1274 2972; x_wconf 76' lang='grc' dir='ltr'><strong>ἐν</strong></span> <span class='ocrx_word' id='word_1_253' title='bbox 1302 2930 1399 2979; x_wconf 81' lang='grc' dir='ltr'><strong><em>τοῖς</em></strong></span> <span class='ocrx_word' id='word_1_254' title='bbox 1427 2926 1616 2983; x_wconf 76' lang='grc' dir='ltr'><em>ἤθεσιν,</em></span> <span class='ocrx_word' id='word_1_255' title='bbox 1663 2926 1811 2988; x_wconf 67' lang='grc' dir='ltr'><strong><em>ὥςπερ</em></strong></span> <span class='ocrx_word' id='word_1_256' title='bbox 1851 2929 1931 2973; x_wconf 79' lang='grc' dir='ltr'><strong>καὶ</strong></span> <span class='ocrx_word' id='word_1_257' title='bbox 1961 2927 2011 2974; x_wconf 79' lang='grc' dir='ltr'><strong>ἒν</strong></span> 
     </span>
     <span class='ocr_line' id='line_1_34' title="bbox 464 2993 2011 3057; baseline 0 -15"><span class='ocrx_word' id='word_1_258' title='bbox 464 2999 523 3056; x_wconf 83' lang='grc' dir='ltr'><strong>τῇ</strong></span> <span class='ocrx_word' id='word_1_259' title='bbox 550 3000 645 3042; x_wconf 53' lang='grc' dir='ltr'><em>ἰτ-ὤν</em></span> <span class='ocrx_word' id='word_1_260' title='bbox 680 2997 961 3056; x_wconf 74' lang='grc' dir='ltr'><em>πραγμάτων</em></span> <span class='ocrx_word' id='word_1_261' title='bbox 989 2997 1227 3052; x_wconf 77' lang='grc' dir='ltr'><em>συστάσει,</em></span> <span class='ocrx_word' id='word_1_262' title='bbox 1266 2996 1337 3042; x_wconf 66' lang='grc' dir='ltr'><strong>ἀεὶ</strong></span> <span class='ocrx_word' id='word_1_263' title='bbox 1367 2999 1515 3053; x_wconf 75' lang='grc' dir='ltr'><strong><em>ζητεῖν</em></strong></span> <span class='ocrx_word' id='word_1_264' title='bbox 1552 2993 1584 3054; x_wconf 80' lang='grc' dir='ltr'><em>ἢ</em></span> <span class='ocrx_word' id='word_1_265' title='bbox 1611 2997 1664 3043; x_wconf 82' lang='grc' dir='ltr'><strong>τὸ</strong></span> <span class='ocrx_word' id='word_1_266' title='bbox 1697 2998 1947 3056; x_wconf 74' lang='grc' dir='ltr'><strong><em>ἅναγκαῒον</em></strong></span> <span class='ocrx_word' id='word_1_267' title='bbox 1978 2997 2011 3057; x_wconf 83' lang='grc' dir='ltr'><em>ἢ</em></span> 
     </span>
     <span class='ocr_line' id='line_1_35' title="bbox 467 3065 2012 3126; baseline 0.001 -14"><span class='ocrx_word' id='word_1_268' title='bbox 467 3067 523 3112; x_wconf 80' lang='grc' dir='ltr'><strong>τὸ</strong></span> <span class='ocrx_word' id='word_1_269' title='bbox 553 3066 695 3122; x_wconf 80' lang='grc' dir='ltr'><strong><em>εἰκός,</em></strong></span> <span class='ocrx_word' id='word_1_270' title='bbox 736 3065 847 3119; x_wconf 73' lang='grc' dir='ltr'><strong>ὤςτε</strong></span> <span class='ocrx_word' id='word_1_271' title='bbox 885 3068 968 3113; x_wconf 81' lang='grc' dir='ltr'><strong>τὸν</strong></span> <span class='ocrx_word' id='word_1_272' title='bbox 995 3070 1207 3113; x_wconf 80' lang='grc' dir='ltr'><strong><em>τοιοῦτον</em></strong></span> <span class='ocrx_word' id='word_1_273' title='bbox 1235 3067 1294 3112; x_wconf 77' lang='grc' dir='ltr'><strong>τὰ</strong></span> <span class='ocrx_word' id='word_1_274' title='bbox 1322 3068 1515 3112; x_wconf 77' lang='grc' dir='ltr'><strong><em>τοιαῦτα</em></strong></span> <span class='ocrx_word' id='word_1_275' title='bbox 1551 3066 1696 3123; x_wconf 76' lang='grc' dir='ltr'><strong><em>λέγειν</em></strong></span> <span class='ocrx_word' id='word_1_276' title='bbox 1734 3066 1764 3125; x_wconf 81' lang='grc' dir='ltr'><em>ἢ</em></span> <span class='ocrx_word' id='word_1_277' title='bbox 1792 3067 2012 3126; x_wconf 72' lang='grc' dir='ltr'><strong>πράττειν</strong></span> 
     </span>
     <span class='ocr_line' id='line_1_36' title="bbox 468 3133 2010 3198; baseline 0.002 -16"><span class='ocrx_word' id='word_1_278' title='bbox 468 3133 503 3194; x_wconf 76' lang='grc' dir='ltr'><strong><em>ἦ</em></strong></span> <span class='ocrx_word' id='word_1_279' title='bbox 544 3135 796 3194; x_wconf 73' lang='grc' dir='ltr'><em>ἀναγκαῖον</em></span> <span class='ocrx_word' id='word_1_280' title='bbox 832 3135 864 3194; x_wconf 78' lang='grc' dir='ltr'><strong><em>ἢ</em></strong></span> <span class='ocrx_word' id='word_1_281' title='bbox 903 3139 1049 3193; x_wconf 78' lang='grc' dir='ltr'><strong><em>εἰκός,</em></strong></span> <span class='ocrx_word' id='word_1_282' title='bbox 1097 3138 1175 3183; x_wconf 81' lang='grc' dir='ltr'><strong>καὶ</strong></span> <span class='ocrx_word' id='word_1_283' title='bbox 1210 3139 1350 3183; x_wconf 79' lang='grc' dir='ltr'><strong><em>τοῦτο</em></strong></span> <span class='ocrx_word' id='word_1_284' title='bbox 1398 3134 1512 3194; x_wconf 76' lang='grc' dir='ltr'><em>μετὰ</em></span> <span class='ocrx_word' id='word_1_285' title='bbox 1549 3139 1686 3183; x_wconf 74' lang='grc' dir='ltr'><strong><em>τοῦτο</em></strong></span> <span class='ocrx_word' id='word_1_286' title='bbox 1728 3139 1942 3194; x_wconf 76' lang='grc' dir='ltr'><em>γίνεσθαι</em></span> <span class='ocrx_word' id='word_1_287' title='bbox 1975 3136 2010 3198; x_wconf 77' lang='grc' dir='ltr'><strong><em>ἢ</em></strong></span> 
     </span>
     <span class='ocr_line' id='line_1_37' title="bbox 472 3206 953 3265; baseline -0.002 -14"><span class='ocrx_word' id='word_1_288' title='bbox 472 3206 727 3264; x_wconf 70' lang='grc' dir='ltr'><em>ἀναγκαῖον</em></span> <span class='ocrx_word' id='word_1_289' title='bbox 755 3206 788 3265; x_wconf 79' lang='grc' dir='ltr'><em>ἢ</em></span> <span class='ocrx_word' id='word_1_290' title='bbox 818 3208 953 3259; x_wconf 82' lang='grc' dir='ltr'><strong><em>εἰκός.</em></strong></span> 
     </span>
    </p>

    <p class='ocr_par' dir='ltr' id='par_1_5' title="bbox 367 3278 2010 3536">
     <span class='ocr_line' id='line_1_38' title="bbox 367 3278 2010 3334; baseline 0.001 -13"><span class='ocrx_word' id='word_1_291' title='bbox 367 3279 444 3334; x_wconf 48' lang='lat' dir='ltr'><strong>³i’lff)</strong></span> <span class='ocrx_word' id='word_1_292' title='bbox 471 3280 673 3322; x_wconf 83' lang='lat' dir='ltr'><strong>Donatus</strong></span> <span class='ocrx_word' id='word_1_293' title='bbox 703 3280 760 3322; x_wconf 86' lang='lat' dir='ltr'><strong>ad</strong></span> <span class='ocrx_word' id='word_1_294' title='bbox 787 3279 1004 3334; x_wconf 74' lang='lat' dir='ltr'><strong>Adelph-2</strong></span> <span class='ocrx_word' id='word_1_295' title='bbox 1042 3279 1191 3332; x_wconf 85' lang='lat' dir='ltr'><strong>„Hinc</strong></span> <span class='ocrx_word' id='word_1_296' title='bbox 1233 3292 1387 3322; x_wconf 80' lang='lat' dir='ltr'><strong>servus</strong></span> <span class='ocrx_word' id='word_1_297' title='bbox 1415 3278 1563 3322; x_wconf 80' lang='lat' dir='ltr'><strong>fidelis</strong></span> <span class='ocrx_word' id='word_1_298' title='bbox 1598 3278 1896 3334; x_wconf 86' lang='lat' dir='ltr'><strong>Parmeno,</strong></span> <span class='ocrx_word' id='word_1_299' title='bbox 1939 3279 2010 3323; x_wconf 88' lang='lat' dir='ltr'><strong>in-</strong></span> 
     </span>
     <span class='ocr_line' id='line_1_39' title="bbox 467 3349 2010 3406; baseline 0 -13"><span class='ocrx_word' id='word_1_300' title='bbox 467 3349 617 3393; x_wconf 86' lang='lat' dir='ltr'><strong>fidelis</strong></span> <span class='ocrx_word' id='word_1_301' title='bbox 644 3351 827 3406; x_wconf 84' lang='lat' dir='ltr'><strong>Syrus</strong></span> <span class='ocrx_word' id='word_1_302' title='bbox 853 3351 930 3392; x_wconf 87' lang='lat' dir='ltr'><strong>vel</strong></span> <span class='ocrx_word' id='word_1_303' title='bbox 959 3349 1117 3404; x_wconf 85' lang='lat' dir='ltr'><strong>Geta,</strong></span> <span class='ocrx_word' id='word_1_304' title='bbox 1148 3349 1278 3393; x_wconf 84' lang='lat' dir='ltr'><strong>miles</strong></span> <span class='ocrx_word' id='word_1_305' title='bbox 1298 3350 1523 3394; x_wconf 81' lang='lat' dir='ltr'><strong>Thraso</strong></span> <span class='ocrx_word' id='word_1_306' title='bbox 1552 3351 1626 3393; x_wconf 86' lang='lat' dir='ltr'><strong>vel</strong></span> <span class='ocrx_word' id='word_1_307' title='bbox 1645 3350 2010 3394; x_wconf 88' lang='lat' dir='ltr'><strong>Polemo”etc.</strong></span> 
     </span>
     <span class='ocr_line' id='line_1_40' title="bbox 471 3418 2010 3479; baseline 0.001 -16"><span class='ocrx_word' id='word_1_308' title='bbox 471 3420 542 3463; x_wconf 82' lang='lat' dir='ltr'><strong>Cf.</strong></span> <span class='ocrx_word' id='word_1_309' title='bbox 571 3420 835 3476; x_wconf 88' lang='lat' dir='ltr'><strong>Antiphanis</strong></span> <span class='ocrx_word' id='word_1_310' title='bbox 861 3434 1019 3463; x_wconf 83' lang='lat' dir='ltr'><strong>versus</strong></span> <span class='ocrx_word' id='word_1_311' title='bbox 1047 3420 1167 3476; x_wconf 85' lang='lat' dir='ltr'><strong>apud</strong></span> <span class='ocrx_word' id='word_1_312' title='bbox 1193 3421 1351 3464; x_wconf 85' lang='lat' dir='ltr'><strong>Athen.</strong></span> <span class='ocrx_word' id='word_1_313' title='bbox 1383 3435 1428 3476; x_wconf 83' lang='lat' dir='ltr'><strong>p.</strong></span> <span class='ocrx_word' id='word_1_314' title='bbox 1456 3418 1556 3464; x_wconf 79' lang='lat'><strong>223.</strong></span> <span class='ocrx_word' id='word_1_315' title='bbox 1582 3420 1634 3463; x_wconf 83' lang='lat' dir='ltr'><strong>A.</strong></span> <span class='ocrx_word' id='word_1_316' title='bbox 1671 3420 1874 3479; x_wconf 80' lang='lat' dir='ltr'><strong>Lessing.</strong></span> <span class='ocrx_word' id='word_1_317' title='bbox 1904 3421 2010 3465; x_wconf 79' lang='lat' dir='ltr'><strong>‹lra-</strong></span> 
     </span>
     <span class='ocr_line' id='line_1_41' title="bbox 471 3490 1271 3536; baseline -0.001 -3"><span class='ocrx_word' id='word_1_318' title='bbox 471 3493 579 3535; x_wconf 85' lang='lat' dir='ltr'><strong>mat.</strong></span> <span class='ocrx_word' id='word_1_319' title='bbox 610 3491 774 3535; x_wconf 87' lang='lat' dir='ltr'><strong>Hamb.</strong></span> <span class='ocrx_word' id='word_1_320' title='bbox 804 3506 847 3535; x_wconf 87' lang='lat' dir='ltr'><strong>n.</strong></span> <span class='ocrx_word' id='word_1_321' title='bbox 875 3490 946 3534; x_wconf 90' lang='grc'><strong>11.</strong></span> <span class='ocrx_word' id='word_1_322' title='bbox 980 3492 1113 3536; x_wconf 86' lang='lat' dir='ltr'><strong>Mart.</strong></span> <span class='ocrx_word' id='word_1_323' title='bbox 1144 3490 1271 3534; x_wconf 81' lang='grc'>1768.</span> 
     </span>
    </p>
   </div>
  </div>
 </body>
</html>
