2144 3854
925 294 1006 350 35

119 445 443 496 ter-sectorum
481 441 783 508 sepulturam
819 438 1038 499 civibuS,
1081 437 1163 501 qui
1198 441 1312 486 sunt
1343 438 1392 486 in
1426 437 1577 499 urbe,
1610 438 1811 487 manda-

119 532 278 576 turus.
316 557 370 566 —
405 525 598 574 Alteras
630 522 778 586 igitur
808 519 978 569 turbas
1013 533 1075 567 ex
1110 516 1353 581 prioribus
1386 521 1527 566 natas
1560 517 1812 581 videmus;

118 622 215 656 non
263 610 400 655 caret
442 601 818 653 difficultatibus
865 599 1045 648 solutio
1092 595 1592 661 impedimentorum,
1651 614 1814 664 neque

117 687 352 737 minuitur
384 688 719 750 spectatorum
756 679 1098 746 exspectatio:
1142 676 1434 741 supplicium
1482 679 1614 727 enim
1648 679 1812 729 immi-

118 766 209 817 net'
235 763 576 815 innocentibus
613 767 664 811 et
699 762 983 826 suspicione
1018 757 1258 824 perfidiae
1310 758 1433 805 socii
1482 761 1541 808 ab
1589 758 1814 811 Hectore

118 852 172 896 et
204 845 426 895 Troianis
461 843 717 892 abalienati
752 846 882 892 sunt.
951 839 1059 888 Hos
1095 837 1356 902 scrupulos
1393 853 1501 886 cum
1529 842 1813 891 mortalium

118 942 262 976 nemo
307 925 501 974 solvere
549 940 709 989 neque
757 922 926 972 dilutis
976 919 1264 969 criminibus
1308 918 1566 968 veritatem
1617 921 1813 986 aperire

117 1005 290 1072 possit,
325 1010 465 1054 recte
502 1010 554 1054 et
586 1003 867 1053 necessario
903 1003 1025 1051 deus
1061 1000 1331 1049 arcessitur
1365 995 1455 1065 (cf.
1486 1000 1639 1050 Arist.
1672 1006 1808 1067 poet.

118 1102 161 1134 c.
197 1089 276 1137 15.
312 1083 365 1150 §-
402 1089 449 1134 ⁸1.
518 1084 689 1136 Vater.
717 1083 911 1134 Vindic.
946 1099 996 1147 p.
1022 1078 1236 1145 XL111.).
1306 1079 1624 1146 Conspicitur
1660 1082 1813 1148 igitur

116 1165 265 1214 Musa
298 1166 518 1215 sublimis
554 1166 604 1214 in
638 1181 779 1227 aere,
826 1164 918 1212 filii
963 1161 1188 1211 defuncti
1233 1177 1413 1227 corpus
1459 1162 1685 1212 manibus
1733 1167 1811 1213 te-

114 1261 252 1295 nens.
337 1245 487 1295 Cuius
534 1261 747 1311 persona
782 1261 931 1309 quum
989 1258 1295 1308 nequaquam
1344 1259 1402 1291 ea
1449 1258 1624 1292 caussa
1668 1242 1811 1293 adhi-

115 1325 313 1387 beatur,
361 1332 416 1375 ut
462 1326 599 1375 luctu
647 1327 752 1374 eius
801 1330 853 1374 et
895 1324 1120 1384 lamentis
1155 1323 1498 1372 misericordia
1533 1323 1812 1374 afficiamur

113 1410 200 1456 aut
232 1406 385 1455 occisi
420 1405 579 1455 Rhesi
612 1421 702 1455 nos
737 1406 1013 1471 poeniteat,
1056 1403 1308 1453 minimam
1344 1404 1581 1453 orationis
1615 1409 1810 1470 partem

110 1484 342 1535 lamentis
375 1487 564 1547 tribuit,
599 1487 690 1535 sed
724 1486 869 1550 longe
905 1484 1168 1533 maximam
1201 1483 1335 1533 vitae
1369 1489 1420 1533 et
1451 1484 1692 1534 natalibus
1717 1484 1810 1532 filii

113 1566 436 1630 exponendiS,
488 1571 546 1616 ut
580 1566 757 1615 divinis
792 1566 1079 1630 parentibus
1115 1569 1301 1623 natum,
1338 1564 1509 1614 divinis
1535 1564 1808 1614 nutricibus

114 1645 407 1708 educatum,
443 1647 493 1695 in
529 1646 734 1694 deorum
771 1661 979 1695 numero
1013 1644 1383 1709 reponendum,
1431 1660 1583 1709 opera
1631 1644 1807 1693 duum-

113 1726 271 1775 virum
309 1725 611 1775 Graecorum
649 1730 701 1774 et
735 1725 992 1774 Minervae
1025 1726 1223 1773 numine
1257 1725 1321 1772 de
1357 1725 1519 1773 medio
1562 1724 1807 1774 sublatum

111 1821 226 1855 esse
261 1822 632 1870 cognoscamus.
696 1805 1064 1854 Praedicandae
1096 1805 1247 1870 igitur
1292 1803 1597 1854 Graecorum
1650 1805 1807 1855 victo-

108 1885 215 1934 riae
230 1886 355 1935 haec
384 1902 580 1950 quoque
601 1886 885 1935 tribuuntur
896 1882 974 1950 *);
1008 1889 1360 1944 verumtamen,
1386 1901 1510 1949 quae
1536 1890 1616 1935 est
1639 1900 1807 1936 rerum

110 1965 434 2016 humanarum
468 1966 643 2015 vitiosa
679 1966 917 2026 conditio,
953 1969 1010 2014 ut
1043 1964 1177 2013 nulla
1210 1964 1395 2013 laetitia
1431 1965 1606 2015 dolore
1627 1981 1807 2017 vacare

110 2050 164 2096 et
199 2063 436 2095 summam
473 2063 716 2111 quamque
750 2046 1047 2096 felicitatem
1083 2045 1333 2094 calamitas
1376 2046 1636 2095 celerrime
1669 2047 1805 2096 exci-

107 2143 230 2193 pere
264 2127 440 2188 soleat,
475 2127 695 2177 Graecos
731 2143 927 2191 quoque
961 2127 1083 2188 viro,
1121 2142 1267 2190 quem
1300 2126 1501 2187 habent,
1532 2125 1806 2177 fortissimo

108 2207 398 2257 brevissimo
432 2214 659 2273 tempore
692 2209 938 2274 privatum
971 2207 1032 2254 iri
1067 2206 1320 2257 docemur.
1387 2206 1503 2255 Pari
1547 2207 1678 2256 enim
1715 2223 1803 2257 su-

108 2288 279 2353 perbia
312 2289 534 2338 Achilles
589 2295 736 2353 atque
770 2287 970 2336 Rhesus
1005 2287 1162 2336 elatus
1229 2303 1366 2336 suam
1402 2303 1628 2338 caussam
1663 2304 1804 2338 suas-

107 2384 207 2433 que
238 2368 368 2418 vires
402 2385 431 2417 a
468 2370 715 2419 communi
748 2386 805 2418 re
841 2367 1147 2417 Graecorum
1183 2372 1406 2432 separat,
1458 2373 1510 2417 et
1544 2368 1690 2417 simili
1722 2385 1802 2418 ra-

107 2449 259 2508 tione,
295 2464 391 2498 non
425 2450 476 2498 in
508 2451 617 2498 acie
649 2465 871 2514 pugnans
894 2484 908 2506 ,
947 2449 1038 2498 sed
1070 2449 1258 2497 insidiis
1293 2449 1690 2512 circumventus,
1726 2448 1803 2498 di-

109 2528 304 2592 rigente
335 2528 491 2576 telum
542 2530 657 2590 deo,
707 2529 788 2592 qui
822 2527 1050 2577 Troianis
1109 2528 1272 2590 favet,
1338 2529 1654 2578 occubiturus
1707 2534 1801 2582 est.

108 2607 286 2672 Neque
319 2606 466 2657 fracti
507 2608 681 2657 dolore
715 2607 945 2665 Troiani,
995 2608 1085 2656 sed
1130 2608 1192 2656 ad
1235 2608 1569 2658 ulciscendam
1603 2609 1801 2658 calami-

107 2693 263 2738 tatem
312 2689 567 2737 nocturnis
625 2687 818 2736 insidiis
853 2686 1039 2735 illatam
1074 2686 1402 2751 paratissimi,
1453 2703 1645 2738 summa
1689 2705 1801 2739 cum

105 2767 362 2818 alacritate
408 2769 638 2818 continuo
683 2768 734 2816 in
790 2766 1061 2814 certamina
1118 2766 1407 2815 descensuri
1462 2773 1591 2818 sunt.
1666 2768 1802 2821 Vere

243 2937 382 2980 melia
427 2936 615 2994 dignum
648 2948 746 2978 esse
792 2933 967 2990 putavit
1001 2933 1161 2976 ducem
1201 2935 1524 2992 Troianorum,
1578 2937 1674 2993 qui,
1718 2951 1800 2983 au-

245 2996 370 3051 die'ns
399 3006 744 3059 criminationes,
777 3019 864 3047 non
900 3003 1103 3062 graviter
1135 3007 1445 3051 exardesceret
1478 3011 1522 3051 et
1541 3009 1801 3053 vehementi

242 3077 414 3134 impetu
448 3077 766 3121 moribundum
807 3079 1129 3132 prosterneret,
1177 3076 1333 3132 quasi,
1373 3078 1449 3134 qui
1482 3093 1571 3121 ιιοιι
1602 3078 1659 3122 sit
1691 3080 1800 3122 sub-

239 3150 378 3192 misso
402 3148 567 3203 animo,
600 3148 794 3190 eundem
819 3146 1097 3190 humanitate
1124 3148 1383 3192 destitutum
1407 3163 1503 3192 esse
1525 3164 1708 3193 necesse
1725 3151 1798 3196 sit.

157 3227 201 3284 *)
241 3226 341 3271 Nou
362 3239 493 3282 posse
520 3226 726 3269 Rhesum
746 3239 828 3281 pro
864 3238 1056 3281 persona
1085 3225 1287 3283 principe
1314 3227 1492 3280 haberi,
1522 3227 1562 3270 si
1586 3228 1684 3283 quis
1712 3242 1799 3271 non

245 3313 301 3341 ex
334 3296 561 3353 prioribus
600 3297 815 3340 dramatis
843 3296 1046 3353 partibus
1076 3296 1317 3351 intellexit,
1348 3302 1468 3341 certe
1495 3314 1550 3342 ex
1572 3299 1664 3342 fine
1693 3298 1799 3342 dili-

243 3372 404 3427 genter
423 3367 677 3412 examinato
698 3368 953 3424 perspicere
977 3368 1162 3424 poterit3
1193 3373 1238 3412 et
1260 3369 1447 3413 iniectus
1476 3374 1544 3412 est
1562 3371 1799 3425 scrupulus

242 3439 380 3483 etiam
398 3440 559 3482 Vatero
579 3438 771 3495 (Vindio.
795 3454 839 3496 p.
859 3438 1053 3495 XLIV),
1083 3440 1288 3495 quamvis
1309 3440 1526 3484 tenaciter
1557 3442 1798 3498 vulgarem

240 3523 438 3554 errorem
463 3512 684 3567 amplexo.
1253 3567 1282 3598 *
