2176 3874
942 307 1063 367 521

155 460 309 514 credo
339 457 671 516 sententiam,
722 457 766 507 si
809 456 932 507 satis
977 473 1007 506 a
1039 455 1359 507 multitudine
1404 453 1658 506 intellecta
1690 460 1845 517 esset,

152 557 251 593 non
283 539 447 590 minus
479 539 804 600 invidiosam,
839 553 983 603 quam
1018 538 1142 587 illud
1174 536 1211 604 ἦ
1242 537 1435 602 yae-‘⁴266’
1469 534 1730 602 ὀμώμοκε,
1759 537 1843 586 fu-

153 627 317 677 turam
367 620 544 670 fuisse.
623 618 898 669 Manifesta
941 618 1073 667 enim
1119 619 1271 667 docet
1311 619 1500 668 nullum
1544 618 1722 668 foedus
1765 618 1844 668 vel

150 701 400 752 vinculum
448 707 554 750 tam
597 701 796 750 firmum
831 715 944 748 esse
990 699 1203 760 debere,
1250 699 1382 764 quod
1417 715 1517 749 non
1561 697 1843 749 violandum

152 781 236 844 sit,
272 783 315 831 si
347 787 536 847 pugnet
571 799 684 831 cum
717 782 779 831 iis
808 780 1017 844 legibuS,
1052 779 1234 844 quibus
1262 796 1362 829 non
1392 780 1618 830 homines
1635 784 1844 842 tantum,

150 862 244 912 sed
278 863 427 913 etiam
471 863 543 912 dii
586 868 864 912 teneantur.
932 858 1237 908 Necessitati
1282 861 1414 910 enim
1459 877 1639 926 parere
1672 876 1843 910 servo-

149 958 264 992 rum
314 949 422 1006 est,
481 943 751 1006 iustitiam,
804 940 1043 1007 pietatem
1101 939 1522 1007 honestatemque
1565 942 1706 1007 sequi
1763 957 1844 991 sa-

150 1022 420 1089 pientium:

283 1107 396 1154 πᾶν
428 1102 555 1166 τούξ
589 1100 824 1169 ἀνάγκης
858 1099 1061 1152 δοῦλόν
1093 1097 1197 1152 ἐστ’
1232 1097 1291 1152 ἐν
1323 1102 1436 1162 τοῖς
1469 1103 1663 1167 σοφοῖς

153 1182 345 1250 (Orest.
378 1187 535 1250 4⁷89.
604 1185 753 1235 Unde
774 1184 1015 1242 efficitur,
1049 1188 1104 1232 ut
1128 1183 1322 1250 legibus
1350 1183 1629 1247 parendum
1655 1183 1723 1233 sit
1747 1198 1846 1234 non

150 1271 396 1330 quatenus
430 1265 532 1315 sint
566 1265 783 1314 sancitae
820 1265 926 1314 sive
961 1265 1021 1313 iis
1071 1264 1190 1313 insit
1236 1263 1537 1326 necessitas,
1589 1265 1680 1314 sed
1722 1281 1845 1328 qua-

148 1353 294 1396 tenus
330 1362 441 1396 cum
476 1346 669 1395 iustitia
699 1346 1037 1395 consentiant:
1072 1360 1184 1394 nam
1219 1344 1442 1394 iustitiae
1473 1344 1600 1394 ratio
1622 1346 1843 1396 necessi-

146 1430 304 1477 tatem
338 1427 616 1487 constituit,
652 1442 751 1476 non
783 1427 1060 1475 necessitas
1091 1425 1349 1474 iustitiam.

291 1506 624 1571 Cognatorum
681 1512 898 1556 mortem
940 1507 1123 1556 iniuste
1178 1506 1431 1571 impieque
1485 1505 1846 1557 trucidatorum

146 1586 485 1636 ulciscendam
518 1603 632 1636 esse
666 1591 765 1636 tam
800 1588 1117 1637 consentiens
1152 1592 1261 1637 erat
1294 1592 1517 1636 veterum
1550 1588 1737 1654 opinio,
1772 1592 1846 1651 ut,

147 1683 264 1716 cum
309 1670 482 1717 contra
525 1674 751 1718 naturam
803 1669 1262 1733 humanitatemque
1306 1667 1367 1716 ab
1418 1667 1601 1718 Oreste
1654 1668 1847 1719 factum

148 1752 314 1810 esset,
361 1755 527 1798 tamen
573 1748 716 1798 iussu
761 1749 846 1798 dei
891 1749 955 1798 ad
1002 1750 1210 1798 caedem
1243 1749 1485 1813 impulsus
1521 1748 1865 1814 eiusdemque.

145 1827 330 1878 auxilio
366 1829 572 1877 crimine
605 1829 866 1879 absolutus
911 1844 1028 1878 esse
1078 1830 1385 1879 crederetur.
1453 1829 1652 1892 Quanto
1685 1830 1846 1898 magis

145 1907 335 1973 hospes
381 1913 534 1972 atque
584 1910 773 1959 alienus
807 1910 1088 1977 puniendus
1121 1909 1259 1959 fuit?
1328 1910 1514 1961 Oculos
1547 1915 1713 1961 autem
1748 1913 1848 1961 im-

144 1990 315 2054 probis
350 1989 506 2038 effodi
539 2005 639 2040 non
671 1991 937 2040 temeraria
972 1990 1279 2052 crudelitaS,
1330 1991 1421 2041 sed
1455 1991 1692 2042 usitatum
1726 2009 1847 2060 sup-

144 2069 285 2136 plicii
329 2086 488 2136 genus
537 2076 678 2127 erat,
722 2077 888 2121 morte
932 2072 1179 2121 acerbius.
1247 2073 1633 2135 Agamemnonis
1678 2079 1847 2124 autem

146 2150 394 2200 beneficio
441 2166 542 2200 non
585 2155 779 2201 tantum
822 2152 971 2201 huius
1024 2150 1284 2213 sumendi,
1341 2153 1433 2201 sed
1475 2153 1604 2202 iusta
1649 2170 1848 2220 quoque

143 2229 433 2296 Polyxenae
481 2231 699 2281 faciendi
742 2232 955 2282 facultas
1000 2237 1222 2297 paratur.
1300 2231 1480 2298 Neque
1525 2233 1614 2284 ille
1656 2241 1848 2286 tantum

146 2310 416 2374 Talthybio
440 2311 596 2360 misso
623 2312 883 2363 Hecubam
909 2313 1184 2375 arcessivit,
1220 2312 1310 2361 sed
1334 2318 1596 2363 cunctante
1630 2331 1707 2375 ea,
1742 2317 1848 2366 ius-

147 2390 219 2439 sis
253 2390 496 2439 militibus
531 2391 712 2440 funere
762 2393 1046 2453 abstinere,
1090 2408 1240 2440 anum
1273 2394 1516 2442 ducturus
1550 2395 1663 2459 ipse
1695 2396 1846 2447 adve-

147 2469 238 2530 nit,
272 2469 359 2518 ubi
395 2468 601 2520 foedum
634 2488 693 2520 ac
726 2472 971 2521 nefarium
1004 2470 1366 2536 Polymestoris
1402 2473 1568 2522 scelus
1602 2480 1654 2524 et
1687 2477 1846 2527 oculis

144 2549 388 2616 perspicit
421 2556 472 2599 et
497 2551 745 2601 audiendo
774 2553 1044 2616 cognoscit,
1074 2552 1279 2602 alternis
1295 2553 1523 2602 versibus
1548 2553 1659 2618 ipso
1693 2572 1846 2620 quae-

146 2638 323 2692 rente,
383 2631 594 2681 Hecuba
649 2633 1000 2698 respondente.
1077 2633 1402 2683 Humanitate
1457 2634 1846 2698 Agamemnonis

145 2713 342 2763 animus
375 2711 604 2762 mulieris
643 2714 979 2774 confirmatur,
1013 2716 1071 2763 ut
1103 2722 1222 2779 post
1253 2714 1454 2763 brevem
1488 2713 1847 2767 dubitationem

144 2808 238 2857 spe
273 2796 532 2857 concepta,
568 2809 624 2843 se
656 2810 764 2843 rem
797 2795 908 2859 ipsa
939 2794 1170 2844 libertate
1204 2794 1299 2844 sibi
1332 2795 1573 2844 cariorem
1606 2796 1846 2862 impetra-

144 2878 325 2933 turam,
362 2874 426 2922 ad
459 2890 619 2939 genua
644 2874 751 2923 eius
775 2874 988 2940 supplex
1013 2874 1252 2923 volvatur.
1321 2874 1579 2934 Oratione,
1614 2892 1712 2940 qua
1746 2880 1845 2927 uti-

143 2957 255 3013 tur,
303 2955 500 3017 gravior
531 2955 664 3004 nulla
711 2956 920 3021 cogitari
954 2959 1138 3020 potest.
1205 2955 1453 3016 „Audito,
1501 2959 1553 3004 et
1601 2956 1645 3005 si
1687 2973 1847 3022 aequa

143 3035 237 3084 tibi
267 3035 373 3102 pati
406 3034 637 3098 videbor,
673 3051 831 3100 aequo
866 3036 1032 3085 animo
1066 3035 1257 3096 feram3
1293 3036 1369 3085 sin
1401 3051 1520 3085 vero
1554 3041 1753 3099 contra,
1788 3043 1845 3089 tu

145 3115 216 3165 sis
250 3116 376 3165 mihi
411 3117 590 3166 vindex
624 3117 839 3180 hospitis
885 3116 1275 3183 improbissimi,
1320 3116 1405 3181 qui
1450 3133 1614 3183 neque
1652 3118 1845 3168 'inferos

144 3211 309 3261 neque
343 3213 555 3263 superos
590 3197 712 3246 deos
739 3199 925 3247 veritus
956 3197 1150 3247 facinus
1176 3198 1390 3263 patravit
1414 3197 1844 3258 immanissimum,

147 3281 199 3326 et
233 3293 345 3326 cum
379 3294 533 3342 saepe
569 3279 820 3327 communi
854 3295 1053 3328 mecum
1086 3294 1258 3328 mensa
1290 3295 1414 3328 usus
1450 3279 1545 3337 sit,
1580 3279 1847 3329 trucidavit

144 3356 303 3405 filium
337 3358 740 3424 trucidatumque
773 3375 837 3408 ne
869 3359 1100 3423 sepulcro
1122 3359 1325 3424 quidem
1353 3359 1581 3423 dignatus
1620 3364 1717 3420 est,
1752 3361 1845 3410 sed

147 3437 200 3486 in
232 3454 372 3487 mare
406 3440 632 3504 proiecit.
699 3440 767 3489 Et
801 3455 894 3505 ego
928 3440 1132 3506 quidem
1166 3456 1310 3490 serva
1345 3455 1457 3490 sum
1483 3444 1634 3504 atque
1666 3438 1843 3489 imbel-

143 3517 235 3580 lis3
283 3523 335 3568 at
370 3518 439 3568 dii
470 3520 616 3571 validi
651 3527 765 3572 sunt
808 3527 859 3571 et
895 3522 975 3573 cui
1007 3521 1078 3572 dii
1110 3525 1286 3588 parent
1320 3520 1427 3572 lex:
1474 3522 1684 3585 propter
1716 3519 1845 3570 hanc
