2176 3874
1074 284 1196 339 438

439 435 687 496 „Publica
713 430 934 496 privatis
966 444 1258 487 secernere,
1292 442 1441 476 sacra
1466 428 1723 493 profanis,

440 512 717 563 Concubitu
742 508 1012 575 prohibere
1044 524 1191 574 vago,
1228 506 1354 556 dare
1388 507 1506 555 iura
1539 507 1756 567 maritis,

437 591 640 657 oppida
671 590 872 649 moliri,
908 590 1049 654 leges
1083 586 1313 636 incidere
1347 587 1522 652 ligno.-

435 668 527 719 Sic
561 669 718 718 honor
755 675 804 716 et
840 684 1023 716 nomen
1057 666 1243 716 divinis
1275 666 1477 715 vatibus
1513 671 1669 732 atque

439 747 758 798 Carminibus
791 749 998 796 venit”.·

301 828 451 878 iidem
484 829 755 891 iniquarum
799 827 958 891 legum
1005 826 1207 875 vinculis
1257 825 1544 874 constrictos
1577 822 1787 890 populos
1819 823 1871 874 in
1902 823 1966 872 li·-

302 909 541 957 bertatem
576 907 820 956 vindicare
853 906 1037 965 solent,
1083 906 1143 953 ad
1188 904 1373 953 divinas
1406 904 1565 967 leges,
1601 919 1697 954 non
1737 903 1968 967 scriptas,

302 988 392 1036 sed
413 987 716 1052 ingeneratas
739 982 890 1033 menti
929 984 1320 1047 uniuscuiusque,
1356 1000 1384 1032 a
1415 988 1728 1048 tyrannorum
1760 983 1968 1034 libidine

301 1081 581 1130 provocare,
616 1065 677 1115 ad
711 1065 951 1114 rationem
986 1063 1337 1126 veritatemque
1371 1063 1431 1112 ab
1466 1064 1749 1128 opinionum
1782 1061 1966 1113 errori-

300 1146 392 1194 bus
418 1144 693 1194 traducere.
761 1143 906 1202 Inde,
949 1158 1074 1206 quae
1121 1141 1273 1189 fuerit
1317 1143 1641 1207 satyricorum
1687 1144 1966 1204 dramatum

301 1224 391 1283 vis,
426 1224 668 1272 aestimari
700 1228 867 1288 potest
899 1219 968 1285 *).
1035 1220 1312 1269 Divinorum
1348 1221 1597 1270 hominum
1630 1223 1813 1283 virtuS,
1847 1221 1966 1272 dum

300 1306 501 1351 naturae
535 1302 748 1350 bonitate
781 1301 842 1349 ad
874 1301 1033 1358 iusta,
1077 1315 1191 1348 vera
1223 1300 1531 1365 honestaque
1578 1303 1827 1366 sequenda
1870 1302 1965 1351 im·-

300 1381 562 1446 pelluntur,
595 1380 787 1445 legibus
819 1379 967 1429 facile
992 1383 1141 1439 caret,
1173 1395 1336 1442 neque
1362 1379 1528 1438 iidem,
1563 1381 1754 1429 etiamsi
1772 1382 1966 1448 quandp

298 1460 409 1508 vino
443 1459 519 1507 vel
553 1459 883 1523 voluptatibus
919 1458 1119 1507 liberius
1153 1458 1451 1523 indulgeant,
1487 1476 1515 1508 a
1536 1464 1670 1509 recta
1702 1460 1777 1508 via
1808 1459 1964 1509 decli-

298 1544 432 1587 nant.
500 1537 660 1587 Huius
693 1538 887 1601 generis
922 1537 1014 1586 fuit
1047 1538 1300 1597 BacchuS‚
1348 1539 1430 1602 qui
1463 1554 1490 1586 a
1530 1538 1695 1587 Sileno
1727 1539 1966 1588 educatus

298 1618 574 1680 satyrisque
608 1618 814 1681 stipatus
850 1617 1019 1665 orbem
1055 1622 1293 1666 terrarum
1319 1617 1478 1666 victor
1503 1617 1808 1683 peragravit3
1842 1617 1963 1668 item

298 1695 570 1756 Hercules,
604 1697 685 1759 qui
718 1701 872 1745 terras
907 1700 959 1744 et
991 1697 1141 1745 maria
1174 1697 1305 1745 intra
1340 1697 1613 1757 columnas,
1649 1712 1775 1761 quae
1806 1698 1867 1747 ab
1901 1713 1964 1747 eo

297 1789 474 1823 nomen
507 1781 786 1836 traxerunt,
823 1776 939 1824 sitas
974 1776 1203 1824 monstris
1238 1782 1383 1841 atque
1415 1776 1687 1826 latronibus
1720 1777 1963 1842 purgavit,

297 1854 683 1918 quotiescunque
732 1870 787 1903 se
829 1855 1109 1904 remittebat
1141 1862 1287 1919 atque
1320 1873 1347 1904 a
1380 1856 1628 1904 laboribus
1661 1855 1963 1920 quiescebat,

297 1937 571 1995 satyrorum
605 1933 893 1983 festivorum
926 1935 1060 1983 lusus
1095 1935 1312 1984 amabat:
1362 1935 1495 1984 unde
1540 1934 1720 1984 factum
1755 1940 1863 1998 est,
1906 1942 1963 1986 ut

297 2009 543 2060 Hercules
575 2012 706 2060 inter
738 2018 929 2076 satyros
963 2014 1220 2061 convivans
1249 2013 1496 2076 plerisque
1520 2014 1700 2063 fabulis
1735 2015 1962 2078 satyricis

298 2089 630 2139 exhiberetur.
698 2090 750 2139 ln
775 2091 1002 2156 Cyclopis
1036 2091 1201 2139 fabula
1224 2091 1454 2140 Herculis
1478 2097 1644 2156 partes
1666 2092 1839 2156 Ulyssi
1871 2093 1960 2142 de·

294 2167 423 2216 latae
455 2174 582 2228 sunt,
621 2169 897 2218 comissatio
931 2175 1093 2219 autem
1139 2170 1199 2219 ab
1233 2170 1387 2220 heroe
1431 2171 1493 2220 ad
1527 2171 1764 2220 latronem
1799 2175 1960 2221 trans-

294 2246 393 2295 lata
427 2252 519 2295 est.

422 2326 562 2374 Haec
596 2325 705 2376 fere
737 2331 909 2376 natura
953 2332 1031 2376 est
1075 2333 1125 2376 et
1158 2328 1376 2377 conditio
1410 2328 1733 2392 satyricorum
1767 2328 1960 2378 drama-

293 2408 399 2452 tum
434 2404 714 2467 Euripidis3
765 2406 1063 2469 reliquorum
1109 2412 1364 2470 poetarum
1408 2423 1558 2472 opera
1590 2408 1650 2456 ab
1683 2407 1830 2457 huius
1861 2422 1959 2457 non

294 2483 500 2531 multum
536 2483 842 2548 discrepasse
874 2485 996 2533 mihi
1041 2488 1330 2549 persuadeo.
1397 2486 1583 2550 Legem
1625 2487 1755 2536 enim
1786 2491 1960 2537 natura

291 2562 398 2626 ipsa
433 2563 713 2626 scripserat,
749 2579 894 2627 quam
931 2580 1141 2629 sequens
1175 2565 1351 2614 ducem
1385 2555 1784 2630 Schaeisperius,
1815 2582 1958 2630 grae-

292 2655 458 2689 carum
491 2641 764 2691 fabularum
792 2643 1005 2706 ignarus,
1041 2646 1260 2694 dramata
1275 2645 1468 2694 illorum
1500 2644 1680 2694 fabulis
1713 2645 1957 2695 simillima

296 2722 586 2785 composuit,
621 2723 669 2770 in
705 2723 881 2786 quibus
907 2723 1238 2774 Falistafflum
1266 2740 1376 2773 cum
1410 2723 1655 2774 sodalibus
1689 2724 1793 2774 eius
1824 2724 1957 2773 haud

291 2798 534 2862 disparem
584 2801 751 2851 Sileno
797 2803 1073 2868 satyrisque
1117 2803 1329 2862 induxit,
1387 2801 1606 2866 Dionysii
1664 2807 1831 2852 autem
1877 2804 1955 2853 vel

290 2877 517 2928 Herculis
549 2886 718 2945 partes
750 2881 968 2931 Henrico
1003 2883 1108 2947 regi
1142 2883 1319 2933 detulit
1359 2887 1411 2933 et
1442 2881 1689 2932 ridiculas
1723 2897 1806 2932 res
1838 2898 1955 2948 per-

344 3023 393 3078 ³³)
421 3024 617 3080 Dignum
657 3031 721 3069 est
769 3028 885 3081 quod
931 3029 1020 3070 hoc
1068 3030 1168 3071 loco
1216 3040 1582 3080 commemorem,
1631 3029 1886 3084 neglectum
1922 3039 1953 3070 a

426 3094 689 3146 Welckero,
739 3097 896 3139 drama
937 3097 1219 3140 Pherecratis
1259 3099 1500 3154 satyricum
1539 3094 1951 3151 misanthropi,

425 3165 500 3219 qui
516 3165 769 3207 iniustitiam
792 3166 1021 3209 hominum
1041 3168 1086 3209 in
1101 3168 1354 3211 civitatibus
1376 3166 1629 3224 degentium
1647 3166 1794 3222 perosi
1814 3179 1950 3220 quum

426 3233 471 3276 in
501 3234 782 3278 solitudinem
814 3236 1137 3294 confugissent,
1167 3238 1213 3280 in
1241 3238 1519 3294 Eurybatum
1549 3240 1594 3279 et
1619 3235 1952 3290 Phrynondam,

426 3304 547 3346 feros
586 3306 803 3358 latrones,
847 3306 1120 3360 inciderunt,
1159 3309 1444 3363 Scyllamque
1484 3306 1769 3361 Charybdide
1807 3305 1950 3347 multo

427 3373 675 3416 saeviorem
703 3375 821 3418 nacti
849 3376 1012 3421 civium
1041 3378 1362 3422 humanitatem
1390 3375 1718 3428 desiderarunt3
1747 3374 1804 3419 cf.
1832 3375 1949 3419 Plat.

369 3467 372 3470 >
424 3443 603 3500 Protag.
636 3459 677 3498 p.
705 3443 802 3487 327.
834 3446 888 3488 D.
