2144 3854
1131 313 1212 371 84

329 469 587 518 aestimare
620 464 754 522 licet,
789 460 921 523 quod
955 459 1094 523 plura
1117 458 1249 508 dicta
1275 460 1380 508 eius
1405 459 1453 505 in
1481 459 1741 522 proverbia
1766 459 2007 519 abierunt,

328 550 463 596 velut
496 544 616 593 illud
649 541 722 608 τῷ
759 537 1037 605 Κορινθίῳ
1081 536 1226 605 ξένῳ,
1264 543 1479 588 testante
1504 538 1773 601 Hesychio,
1811 539 2009 589 Cratino

326 643 405 690 ap.
443 624 621 673 Athen.
655 620 736 670 Xl.
775 637 824 684 p.
872 623 982 669 782.
1040 625 1185 683 atque
1242 619 1567 682 Aristophane
1627 618 1833 667 Thesm.
1879 621 2008 668 403:

328 701 463 769 ἀνὴρ
501 698 701 766 {pc-ov&-
751 704 824 764 τῷ
866 698 1118 764 κατέαγεν
1150 698 1186 766 ἦ
1226 697 1419 764 χύτρας
1473 697 1573 748 οὐκ
1620 695 1732 748 ἔσθ’
1768 696 1911 757 ὅπως
1945 697 2011 748 οὐ

326 785 400 852 τῷ
435 779 711 847 Κορινθίῳ
745 778 890 845 ξένῳ.
959 780 1069 829 Non
1114 781 1289 828 minori
1321 780 1604 827 celebritate
1638 780 1879 827 utebatur·
1900 795 2010 827 ver-

329 879 414 914 sus
449 862 683 912 dramatis
717 862 932 926 primus:
968 859 1067 910 οὐκ
1103 858 1242 913 ἔστιν
1270 856 1405 919 ὅςτις
1430 858 1580 908 πάντ’
1604 855 1740 924 ἀνὴρ
1765 856 2009 924 εὐδαιμο-

327 943 423 1005 νεῖ,
460 958 609 1006 quum
643 941 953 1006 paucissimis
989 941 1152 989 verbis
1187 942 1335 989 totius
1383 942 1510 988 vitae
1554 941 1793 988 rationem
1841 945 2007 990 osten-

329 1025 450 1073 dere
482 1021 756 1079 videretur3
808 1021 917 1068 vide
951 1037 1061 1068 eum
1096 1020 1347 1069 laudantes
1384 1020 1719 1068 Nicostratum
1756 1020 2009 1068 Comicum

329 1105 381 1151 in
416 1103 554 1151 Stob.
593 1101 751 1150 Serm.
789 1102 916 1159 103„
967 1099 1217 1164 Diphilum
1260 1100 1378 1148 ibid.
1414 1118 1461 1165 p.
1499 1102 1629 1162 106„
1679 1099 2009 1164 Chrysippum

328 1179 447 1245 περὶ
479 1178 710 1243 άποφατ.
746 1196 793 1244 Ρ.
828 1182 876 1227 7.
914 1179 1088 1242 Bergk.
1108 1215 1121 1239 ‚
1158 1180 1473 1228 Plutarchum
1502 1180 1697 1228 Consol.
1726 1196 1774 1244 p.
1815 1182 1926 1228 103.
1953 1179 2008 1228 Β.

330 1262 458 1310 Tum
495 1276 693 1320 eornm,
742 1274 868 1322 quae
916 1258 978 1306 de
1022 1260 1202 1308 amoris
1253 1265 1421 1308 natura
1470 1261 1601 1308 dicta
1636 1264 1780 1316 sunt,
1827 1259 2009 1307 veritas

330 1341 545 1390 omnium
578 1340 758 1388 tulerat
792 1353 1115 1396 consensum,
1159 1345 1213 1387 ut
1246 1339 1462 1387 Platonis
1497 1341 1546 1387 in
1595 1339 1763 1403 Symp.
1810 1341 1918 1387 196.
1948 1338 2010 1398 E,

330 1419 581 1469 Plutarchi
607 1419 769 1468 Amat.
801 1434 850 1481 p.
876 1420 987 1466 762.
1017 1418 1073 1477 Β,
1110 1418 1171 1466 de
1193 1419 1337 1482 Pyth.
1374 1436 1502 1471 orac.
1530 1437 1581 1484 Ρ.
1611 1421 1723 1467 405.
1755 1418 1812 1479 F,
1837 1417 2009 1482 Symp.

331 1518 383 1565 Ρ.
417 1502 531 1548 622.
569 1498 626 1558 G,
662 1497 895 1546 Aristidis
929 1495 989 1545 T.
1025 1496 1058 1545 1.
1092 1515 1142 1562 Ρ.
1180 1501 1259 1546 30.
1293 1495 1423 1562 (55.)
1456 1504 1507 1547 et
1547 1502 1658 1551 198.
1695 1496 1874 1566 (345),
1910 1499 2011 1548 Ga-

332 1578 431 1627 leni
479 1577 542 1625 de
594 1577 755 1640 dogm.
808 1576 1046 1640 Hippocr.
1127 1576 1476 1641 Respexerunt
1523 1580 1586 1626 ad
1634 1578 1806 1627 eadem
1859 1579 2010 1627 comi-

334 1674 499 1706 corum
535 1655 826 1716 Menander,
860 1655 1113 1720 Euripidis
1149 1656 1428 1714 admirator,
1464 1657 1512 1704 in
1547 1656 1796 1707 Poenulo:

465 1733 612 1802 χρεία
647 1733 898 1798 διδάσκει,
932 1733 1034 1785 κᾶν
1067 1737 1303 1800 ἄμουσος
1336 1731 1388 1801 ᾗ,
1423 1735 1599 1801 σοφὸν

466 1814 850 1881 Καρχηδόνιον.

336 1898 428 1961 (cf.
465 1896 684 1945 Meinek.
719 1913 769 1960 Ρ.
804 1894 910 1960 93.)
945 1900 1091 1962 atque
1126 1898 1497 1961 Aristophanes,
1550 1897 1855 1946 obtrectator
1886 1898 2013 1946 eius-

337 1978 468 2039 dem,
502 1977 553 2025 in
586 1974 738 2040 Vesp.
776 1978 942 2024 1074:

469 2053 663 2123 ῥᾳδίως
698 2051 799 2119 ἐγὼ
836 2053 1044 2117 διδάξω,
1080 2053 1182 2106 κᾶν
1214 2057 1452 2121 ἄμουσος
1483 2051 1521 2122 ᾗ
1553 2055 1612 2107 τὸ
1646 2055 1785 2121 πρίν.

337 2139 552 2201 itemque
584 2153 631 2185 v.
667 2138 798 2198 111„
835 2136 918 2186 ubi
942 2138 1120 2186 amoris
1141 2137 1361 2186 furorem
1395 2138 1444 2187 in
1469 2137 1762 2187 indiciorum
1795 2137 2014 2186 furorem

338 2218 654 2282 permutavit:
743 2229 745 2231 ’

469 2297 671 2346 τοιαῦτ’
704 2294 867 2356 άλύει,
901 2295 1323 2361 νουθετούμενος
1356 2296 1403 2348 δ’
1437 2295 1516 2347 άεὶ

382 2381 386 2385 ’
473 2378 673 2438 μᾶλλον
706 2374 913 2438 δικάζει.

341 2455 487 2506 Unde
519 2458 758 2506 honorem
793 2459 986 2521 operis,
1023 2473 1118 2506 non
1153 2461 1482 2515 contemtum,
1517 2456 1763 2506 alludendi
1797 2471 2018 2505 caussam

341 2537 497 2586 fuisse
552 2537 831 2601 intelligere
873 2537 1019 2585 etiam
1072 2537 1470 2586 obstinatissimis
1505 2538 1639 2585 licet.
1704 2537 1835 2586 Fere
1868 2538 2017 2594 enim,

343 2632 440 2681 quo
474 2617 645 2664 maiori
678 2616 832 2681 gloria
864 2616 1062 2666 fabulae
1094 2616 1347 2681 Euripidis
1381 2617 1640 2674 florebant,
1673 2617 1770 2666 hoc
1786 2617 2018 2682 frequen-

341 2696 442 2744 tius
475 2697 830 2760 Aristophanes
862 2697 1109 2761 respexit,
1144 2696 1275 2744 velut
1307 2697 1450 2745 huius
1486 2702 1684 2761 praeter
1707 2697 1860 2758 locos,
1896 2710 2020 2761 quos

344 2775 572 2837 diximus,
606 2777 751 2824 etiam
785 2776 835 2824 in
871 2775 984 2824 Pac.
1017 2793 1059 2824 v.
1096 2778 1205 2825 126.
1247 2782 1298 2823 et
1331 2776 1382 2824 in
1416 2777 1537 2824 Ran.
1567 2793 1609 2825 v.
1635 2777 1776 2823 1050.
1798 2781 1850 2824 et
1875 2777 2019 2825 1217.

345 2870 536 2903 memor
568 2855 677 2905 fuit.
743 2855 1029 2904 Artificibus
1080 2870 1274 2919 quoque
1318 2855 1571 2919 Euripidis
1607 2871 1731 2919 opus
1764 2856 2021 2904 materiam

345 2933 569 2982 imitandi
631 2935 974 2999 suppeditasse
1035 2949 1303 3001 cognosces
1359 2950 1421 2983 ex
1481 2936 1746 2999 amphorae
1808 2935 2019 2999 pictura,

347 3027 492 3075 quam
538 3015 935 3062 commemoravit
979 3014 1168 3062 Welck.
1213 3031 1260 3079 p.
1314 3016 1426 3065 782.
1470 3019 1571 3063 not.
1614 3018 1663 3063 3.
1732 3014 2024 3065 ostenditur

348 3092 477 3140 enim
510 3092 839 3156 Bellerophon
871 3094 920 3141 in
954 3108 1088 3141 mare
1120 3093 1447 3158 praecipitans
1481 3093 1860 3144 Stheneboeam.
1910 3096 2024 3161 lpse

349 3171 509 3240 rubris
555 3172 776 3221 vestibus
808 3172 1005 3221 indutus
1038 3174 1285 3236 rubroque
1315 3173 1477 3237 pileo,
1527 3175 1677 3238 pallio
1718 3176 1874 3224 ventis
1917 3175 2020 3240 agi-

349 3253 481 3311 tato,
527 3251 754 3316 opposita
798 3251 949 3299 fronti
990 3268 1136 3301 manu
1177 3258 1460 3318 prospectat
1499 3253 1755 3303 mulierem
1799 3253 1863 3301 de
1897 3269 2022 3317 equo

351 3330 734 3395 praecipitatam.
805 3330 1025 3396 Pegasus
1074 3332 1184 3381 albo
1235 3332 1400 3381 colore
1443 3334 1687 3398 variisque
1728 3332 1902 3398 pennis
1948 3334 2022 3382 di-

353 3407 562 3459 stinctus
595 3415 687 3460 est.
753 3409 896 3460 Mare
927 3410 1229 3475 significatur
1253 3427 1460 3478 persona
1484 3412 1698 3473 Sirenis,
1743 3427 1869 3476 quae
1885 3411 2051 3462 vultu*
