2144 3854
940 274 1068 332 27⁶6

171 423 233 472 ad
265 421 452 471 inferos
496 420 772 479 redituruS,
818 421 911 470 hac
957 419 1223 469 Laodamia
1254 420 1386 470 inter
1416 418 1644 484 Bacchici
1675 419 1838 471 cultus

170 502 492 551 instrumenta
539 501 764 565 languida
806 501 855 549 in
898 500 1028 549 lecto
1046 535 1060 558 ,
1106 504 1370 565 praesente
1415 505 1578 566 patre,
1639 501 1838 550 exhibe-

173 587 270 640 tur,
304 582 454 631 etiam
489 582 538 631 in
571 596 743 630 museo
775 579 830 629 P.
865 579 1104 630 Clement.
1139 580 1202 632 T.
1236 578 1295 631 V.
1333 582 1431 633 tab.
1470 583 1548 631 19.
1577 586 1630 630 et
1659 582 1738 630 18.
1762 581 1836 630 in-

171 664 444 713 veniuntur.

848 788 1180 795 —--—-

690 972 760 1028 D.
846 969 1334 1045 Scyriae.

301 1131 683 1196 Tragoediarum
727 1145 934 1179 numero
974 1131 1071 1178 hoc
1117 1129 1285 1180 drama
1315 1131 1538 1182 habitum
1573 1148 1688 1182 esse
1721 1132 1839 1182 Ovi-

170 1213 283 1263 dius
314 1215 523 1261 testatur
554 1209 708 1259 Trist.
745 1210 806 1269 11,
840 1212 966 1258 409:

301 1290 437 1354 „Est
474 1297 525 1340 et
559 1291 614 1340 in
649 1291 884 1340 obscenos
918 1289 1125 1353 deflexa
1164 1290 1458 1358 Tragoedia
1491 1293 1626 1341 risus

438 1369 712 1438 Multaque
742 1372 1024 1438 praeteriti
1051 1371 1209 1420 verba
1237 1371 1454 1438 pudoris
1487 1372 1677 1422 habet.-

304 1450 421 1503 Nec
451 1458 602 1501 nocet
637 1453 856 1512 auctori,
891 1451 1091 1500 mollem
1125 1453 1215 1519 qui
1233 1453 1372 1515 fecit
1405 1452 1664 1502 Achillem

433 1532 713 1597 Infregisse
744 1533 852 1580 suis
871 1534 1045 1596 sortia
1064 1533 1224 1598 sacta
1257 1532 1470 1580 modis.'’

171 1612 380 1678 Propius
426 1616 592 1660 tamen
638 1613 700 1660 ad
752 1612 1057 1660 comoediam
1118 1611 1393 1660 accessisse
1455 1627 1517 1661 ex
1562 1611 1840 1675 fragmento

170 1693 330 1758 primo
361 1691 665 1756 intelligitur.
730 1691 1064 1753 Quamobrem
1109 1692 1157 1740 ei
1186 1691 1356 1756 generi
1387 1691 1507 1739 illud
1540 1690 1840 1752 adscribere,

170 1772 302 1838 quod
342 1772 558 1820 medium
610 1771 768 1819 locum
812 1773 942 1819 inter
986 1773 1225 1836 tragicum
1272 1772 1635 1834 satyricumque
1667 1775 1840 1820 tenens

169 1852 277 1901 vice
310 1852 453 1900 huius
490 1857 775 1915 usurpatum
810 1851 893 1908 sit,
927 1866 1022 1898 non
1055 1850 1350 1900 dubitamus.

302 1931 637 1995 Reliquiarum
673 1934 807 1979 tanta
841 1935 919 1978 est
952 1931 1187 1995 paucitas,
1223 1935 1295 1990 ut,
1330 1930 1423 1979 nisi
1458 1929 1642 1980 Statius
1674 1930 1839 1979 lumen

167 2011 476 2070 accenderet,
511 2012 575 2060 de
609 2010 949 2074 cognoscenda
980 2011 1250 2075 argumenti
1285 2009 1673 2059 conformatione
1696 2010 1842 2075 plane

167 2090 528 2156 desperandum
564 2096 711 2139 esset.
778 2089 878 2139 Sed
920 2090 1051 2139 hunc
1099 2090 1353 2154 Euripidis
1399 2090 1713 2154 potissimum
1757 2105 1839 2138 ve-

168 2171 329 2234 stigiis
359 2171 597 2220 institisse
629 2171 742 2219 inde
776 2170 1009 2234 colligere
1042 2171 1178 2231 licet,
1212 2170 1341 2235 quod
1377 2176 1601 2235 stuprum
1638 2169 1841 2234 virginis

168 2251 475 2315 lepidissime
507 2251 781 2311 exornavit,
830 2266 973 2314 quam
1022 2255 1214 2314 partem
1262 2268 1324 2299 ne
1369 2251 1598 2314 tetigisse
1644 2250 1841 2314 quidem

169 2331 362 2379 videtur
395 2329 686 2394 Sophocles,
722 2330 857 2378 cuius
893 2346 1016 2394 opus
1050 2317 1134 2393 qui
1168 2331 1462 2379 adumbrare
1496 2330 1687 2391 volent,
1733 2330 1839 2394 Hy-

169 2410 269 2474 gini
301 2409 628 2457 narrationem
665 2409 804 2471 sequi
840 2410 1102 2459 debebunt.
1172 2411 1295 2459 Cum
1331 2411 1486 2458 Statio
1519 2415 1685 2459 autem
1719 2409 1840 2458 Phi-

171 2490 403 2538 lostratus
438 2489 526 2538 Im.
563 2488 600 2535 Ι.
635 2505 685 2552 p.
722 2491 833 2537 8:32.
869 2496 925 2538 ut
969 2489 1230 2553 plurimum
1277 2491 1537 2538 consentit.
1604 2490 1714 2538 Hoc
1746 2490 1840 2538 mi-

171 2585 279 2629 nus,
315 2569 430 2630 quin
466 2568 588 2615 haec
623 2583 816 2631 quoque
850 2584 910 2615 ex
946 2568 1184 2632 Euripide
1214 2570 1391 2616 hausta
1424 2570 1538 2628 sint,
1574 2569 1759 2616 dubito.

302 2647 569 2698 Videamus
603 2648 779 2711 igitur,
825 2648 1070 2710 quomodo
1117 2649 1240 2697 haec
1274 2649 1488 2697 narratio
1523 2649 1584 2696 ad
1620 2648 1840 2696 actiones
1928 2708 1936 2715 ⁴

173 2730 331 2795 possit
376 2727 613 2777 revocari.

302 2809 521 2858 Primum
565 2810 790 2872 prodisse
837 2809 1070 2873 Ulyssem
1105 2815 1318 2876 oportet.
1397 2810 1444 2859 ls
1479 2811 1608 2859 enim
1641 2807 1840 2857 Troiam

172 2890 495 2954 proficiscens
530 2890 592 2936 ad
627 2890 836 2954 Scyrum
870 2891 1079 2939 insulam
1114 2908 1283 2940 navem
1311 2891 1585 2956 applicavit,
1621 2889 1725 2948 ubi,

301 2967 566 3034 „Hospita
599 2986 664 3018 ne
697 2971 862 3019 subito
896 2977 1152 3019 terrerent
1186 2973 1391 3021 moenia
1426 2976 1591 3031 coetu,

303 3047 485 3114 Puppe
517 3049 658 3099 iubet
690 3067 963 3099 remanere
994 3053 1160 3113 suos,''

172 3130 284 3194 ipse
315 3128 377 3176 ad
411 3128 559 3177 aedes
595 3131 752 3193 regias
789 3148 843 3180 se
878 3132 1101 3180 contulit.
1168 3133 1267 3181 Uni
1299 3147 1361 3180 ex
1395 3132 1541 3181 sociis
1579 3128 1841 3189 mandavit,

172 3212 246 3268 ut,
280 3209 365 3256 ubi
397 3213 595 3274 tempus
630 3216 792 3269 esset,
847 3212 1093 3271 calathos,
1128 3213 1263 3262 colos
1297 3213 1487 3276 aliaque
1518 3210 1842 3258 instrumenta

172 3287 434 3336 mulierum
467 3305 530 3337 ex
562 3306 684 3339 nave
717 3290 875 3340 ferret
909 3299 1060 3356 utque
1092 3308 1226 3341 arma
1259 3297 1309 3341 et
1342 3293 1567 3357 clypeum
1602 3290 1664 3337 iis
1700 3288 1846 3338 donis

173 3367 474 3432 adiungeret.
541 3370 635 3418 His
669 3371 799 3419 enim
833 3372 1026 3422 auxiliis
1075 3372 1315 3423 Achillem
1358 3372 1490 3422 inter
1536 3369 1725 3435 puellas
1769 3368 1841 3416 la-

172 3453 360 3499 tentem
393 3448 678 3501 detecturus
714 3456 804 3504 est.
