2176 3874
939 289 1063 350 5⁰7

158 437 382 489 Eandem
416 437 727 503 Polymestor
760 439 1088 500 conveniens,
1136 438 1277 504 quasi
1323 453 1380 488 se
1422 436 1612 487 iactans
1646 434 1712 486 de
1743 435 1837 485 im-

160 519 330 585 punita
362 518 677 584 improbitate
711 535 816 581 sua,

294 601 417 665 φεΰ,
452 599 629 663 inquit,

290 679 391 732 οὐκ
424 675 566 731 ἔστιν
600 676 761 729 οὐδὲν
792 675 980 728 πιστὸν
1012 678 1123 728 οὔτ’
1159 676 1388 741 εὐδοξία,

291 761 406 813 οὔτ’
442 754 512 811 αὖ
546 761 720 822 καλῶς
752 757 1057 823 πράσσοντα
1092 757 1164 825 μὴ
1197 758 1412 823 πράξειν
1442 759 1642 822 κακῶς·

296 841 539 908 φύρουσι
575 841 622 892 δ’
659 839 788 892 αὔθ’
823 838 878 890 οἱ
906 837 1026 889 θεοὶ
1057 838 1218 890 πάλιν
1251 856 1304 891 τε
1338 839 1429 892 καὶ
1461 841 1666 906 πρόσω,

292 923 567 990 ταραγμὸν
600 918 908 980 ἐντυθέντες,
943 917 1015 981 ὡς
1052 919 1287 990 ἄγνωσίᾳ

293 1001 535 1070 σέβωμεν
568 1002 778 1062 αὐτούς.

162 1084 304 1135 Haec
338 1093 506 1136 tamen
551 1085 764 1134 imbellis
811 1088 960 1148 atque
1003 1082 1198 1132 abiecta
1244 1084 1423 1134 mulier
1453 1100 1622 1148 regem
1658 1085 1844 1136 fretum

162 1165 378 1215 amicitia
401 1166 602 1215 victoris
627 1164 875 1214 exercitus
899 1170 951 1212 et
982 1164 1163 1213 ducum
1185 1164 1641 1229 potentissimorum
1663 1169 1846 1216 auxilio

163 1246 404 1295 munitum
436 1246 635 1310 penitus
671 1261 784 1293 cum
819 1246 972 1308 stirpe
1007 1244 1214 1305 evertit,
1250 1245 1334 1308 qui
1366 1246 1606 1296 mirabilis
1639 1253 1846 1298 eventus

164 1325 568 1376 manifestissima
601 1326 811 1375 numinis
846 1325 1059 1374 vindicta
1091 1324 1336 1383 efficitur:

293 1405 355 1457 τὸ
388 1404 491 1472 γὰρ
525 1403 799 1471 ὑπέγγυον

295 1486 451 1554 δίκᾳ
483 1485 601 1537 καὶ
635 1488 917 1537 θεοῖσιν
952 1473 1019 1535 οὗ
1054 1483 1343 1550 ξυμπιτνεῖ,

294 1565 546 1632 ὀλέθριον
581 1565 831 1631 ὀλέθριον
864 1565 1050 1619 κακόν.

162 1648 241 1697 Ad
274 1657 579 1699 contemtum
612 1650 766 1716 igitur
797 1665 964 1698 rerum
998 1649 1292 1707 divinarum,
1340 1662 1487 1711 quem
1536 1648 1735 1711 quidam
1769 1654 1848 1700 te-

164 1745 304 1778 mere
339 1731 754 1794 impudenterque
803 1729 1194 1794 profitebantur,
1237 1743 1338 1777 non
1382 1728 1545 1777 minus
1580 1729 1848 1795 Euripides

165 1823 311 1872 quam
345 1812 705 1875 Aristophanes
739 1810 974 1875 respexit.

294 1890 470 1940 Eidem
529 1890 828 1939 didascaliae
883 1889 1075 1939 fabulas
1120 1888 1387 1938 Alcmenae
1434 1888 1538 1937 sive
1587 1889 1848 1955 Licymnii‚

165 1969 440 2020 Plisthenis
486 1972 592 2020 sive
638 1971 1018 2043 Pelopidarum,
1077 1976 1128 2020 et
1169 1968 1358 2017 Thesei
1406 1985 1679 2020 accenseo:
1725 1988 1851 2037 quae

165 2052 452 2102 coniectura
486 2054 663 2117 quibus
697 2051 893 2100 indiciis
928 2052 1127 2112 nitatur,
1160 2049 1291 2099 infra
1324 2048 1532 2101 docebo.

705 2395 773 2449 A.
857 2393 1315 2448 Hecuba.

302 2515 405 2565 Res
439 2514 600 2580 agitur
631 2513 834 2579 reginae
875 2512 1005 2561 illius
1039 2511 1284 2562 Troianae
1331 2509 1577 2576 quondam
1617 2512 1853 2563 felicissi-

169 2613 279 2657 mae
312 2602 461 2660 atque
495 2593 944 2661 opulentissimae,v
975 2609 1103 2642 nunc
1146 2599 1279 2643 tanta
1314 2593 1555 2642 malorum
1589 2594 1728 2658 eopia
1763 2596 1853 2644 ob-

169 2682 343 2738 rutae,
394 2683 574 2738 quanta
611 2675 694 2722 vix
728 2690 1022 2738 quemquam
1057 2674 1335 2724 mortalium
1367 2689 1468 2722 uno
1501 2679 1727 2738 tempore
1760 2692 1854 2741 op-

167 2771 398 2822 pressum
445 2770 558 2803 esse
602 2755 901 2819 accepimus.
980 2753 1153 2819 Regno
1206 2769 1409 2816 everso,
1469 2753 1594 2802 urbe
1635 2754 1855 2818 incensa,

170 2837 380 2900 coniuge
414 2835 682 2899 liberisque
716 2835 1008 2895 trucidatis,
1053 2835 1163 2898 ipsa
1205 2835 1256 2883 in
1292 2834 1583 2884 servitutem
1630 2833 1851 2897 detrusa,

168 2917 292 2966 nihil
325 2915 554 2964 relictum
589 2919 669 2963 est
699 2915 912 2963 miserae
946 2921 1145 2979 praeter
1167 2915 1291 2963 duos
1313 2914 1516 2976 liberos,
1553 2914 1854 2979 Polyxenam

169 3001 223 3046 et
255 2994 573 3059 Polydorum.
640 2994 763 3044 Nam
802 2994 1078 3045 Cassandra
1112 2999 1368 3059 superstes
1401 2994 1600 3060 quidem
1635 3001 1728 3058 est,
1762 2995 1854 3045 sed

170 3077 376 3141 abrepta
409 3076 470 3124 ab
503 3075 887 3140 Agamemnone.
954 3075 1050 3124 His
1084 3085 1250 3125 autem
1297 3075 1415 3124 solis
1449 3075 1687 3126 malorum
1722 3076 1853 3126 sola-

170 3156 253 3206 tiis
286 3172 395 3206 eam
429 3171 528 3206 uno
563 3161 790 3219 tempore
823 3155 1008 3220 duplici
1039 3157 1294 3206 hominum
1321 3156 1616 3206 crudelitate
1649 3156 1853 3222 spoliari

171 3235 413 3287 videmus.
495 3235 756 3284 Ferendae
805 3240 920 3285 sunt
967 3237 1175 3286 deorum
1223 3236 1434 3286 iniuriae
1491 3235 1654 3285 animo
1705 3252 1852 3301 quam

173 3321 341 3380 potest
372 3316 485 3365 fieri
518 3316 846 3380 aequissimo:
893 3321 943 3364 at
983 3316 1235 3367 hominum
1270 3316 1526 3366 saevitiam
1561 3316 1705 3379 quin,
1757 3315 1854 3364 nisi

172 3395 405 3461 ignavum,
449 3397 696 3460 patienter
743 3397 909 3445 ferat?
975 3395 1146 3462 ltaque
1193 3397 1372 3447 mulier
1415 3395 1722 3461 magnanima
1755 3411 1853 3444 non

173 3475 359 3525 vermis
392 3475 578 3539 instar,
624 3477 708 3542 qni
742 3476 988 3538 calcatur,
1032 3477 1122 3527 sed
1154 3475 1290 3528 fetae
1323 3478 1554 3536 leaenae,
1590 3475 1671 3524 oui
1705 3475 1853 3524 catuli
