2176 3874
933 301 1060 362 499

157 455 393 525 pentibus
415 452 483 503 nil
509 452 605 503 nisi
624 452 890 502 mediocria
918 451 1151 500 accidere
1175 454 1389 514 possunt
1414 447 1484 514 *).
1536 451 1849 517 Audendum,

157 535 462 596 conandum,
509 533 810 583 moliendum
846 535 924 581 est
958 531 1276 580 mortalibus:
1309 545 1422 578 nam
1458 530 1526 580 dii
1556 532 1655 596 ipsi
1694 549 1850 599 expu-

155 617 312 685 gnari,
346 615 491 680 eripi,
526 613 809 677 extorqueri
829 611 919 661 sibi
945 611 1113 659 volunt
1137 624 1457 675 quaecunque
1493 627 1590 661 non
1626 628 1850 664 commu—

157 697 239 748 nia
262 700 315 746 et
337 695 558 761 vulgaria
585 693 880 743 concedunt.
947 692 1128 741 Fortes
1163 690 1359 739 fortuna
1385 691 1609 752 adiuvat3
1636 693 1850 745 fortibus

156 776 401 836 Minerva,
438 775 621 824 summi
656 774 785 822 Iovis
819 771 950 831 filia,
986 770 1129 818 cuius
1165 785 1344 819 nomen
1379 770 1541 835 ipsum
1579 789 1648 821 co
1668 774 1849 824 usili-

155 873 251 906 um
285 872 356 905 ac
390 856 703 904 virtutem
739 851 997 914 significat,
1032 850 1080 897 in
1105 849 1352 898 laboribus
1370 852 1704 918 periculisque
1733 855 1850 903 sub-

157 937 334 986 eundis
369 937 541 997 adest;
578 934 736 983 fortes
763 930 984 995 Iuppiter
1011 945 1102 993 pro
1128 929 1245 977 filiis
1274 930 1369 977 sibi
1398 931 1617 996 adoptat.
1656 934 1853 983 Gaudet

156 1017 401 1081 Iuppiter,
436 1015 567 1081 quod
603 1012 780 1077 Apollo
816 1017 869 1060 et
893 1010 1170 1059 Mercurius
1206 1009 1305 1058 nati
1340 1012 1504 1059 statim
1540 1012 1849 1076 ingeniorum

156 1097 430 1146 sollertiam
466 1094 816 1156 audaciamque
863 1091 1184 1140 manifestant
1218 1086 1426 1153 (γέλασε
1461 1089 1538 1154 δ’,
1591 1089 1670 1142 ὅτι
1704 1092 1852 1154 τέκος

155 1177 306 1242 ἄφαρ
339 1174 451 1241 ἔβα,
485 1170 797 1239 πολύχρυσα
819 1170 997 1222 θέλων
1029 1168 1363 1234 λατρεύματα
1395 1175 1553 1237 σχεῖν,
1588 1173 1744 1239 Iphig.
1785 1175 1846 1228 T.

156 1256 363 1321 1274.);
397 1256 559 1317 ridet,
610 1255 742 1319 quod
778 1253 1046 1302 Diomedes
1091 1252 1292 1301 iubente
1325 1251 1550 1302 Minerva
1597 1252 1847 1305 Venerem

154 1335 430 1386 vulneravit
465 1334 543 1399 (ll.
581 1350 622 1397 ε,
657 1332 827 1396 426.);
862 1349 959 1382 ηοη
992 1332 1279 1392 ulciscitur,
1314 1333 1405 1381 sed
1439 1334 1655 1397 graviter
1687 1335 1850 1385 incre-

154 1421 243 1481 pat
278 1415 495 1465 Martem
528 1415 590 1463 ab
643 1415 824 1463 eodem
865 1413 1103 1480 fugatum.
1175 1412 1260 1461 Sic
1296 1412 1432 1462 Mars
1468 1414 1529 1462 ab
1565 1413 1663 1463 Oto
1697 1419 1849 1479 atque

153 1495 390 1562 Ephialte
439 1495 645 1544 vinculis
706 1495 903 1543 clausus
950 1509 1108 1558 paene
1161 1493 1372 1554 interiit3
1420 1495 1490 1542 sic
1536 1493 1696 1544 Orcus
1746 1497 1850 1546 sive

153 1578 325 1627 Hades
362 1578 422 1626 ab
456 1574 680 1624 Hercule
724 1575 853 1623 inter
899 1573 1137 1622 cadavera
1187 1577 1372 1622 stratus
1408 1580 1486 1624 est
1519 1573 1848 1628 mortuorum.

154 1655 347 1722 Pegaso
398 1656 588 1704 domito
623 1656 672 1703 in
719 1655 910 1703 coelum
947 1653 1156 1703 evolavit
1189 1653 1553 1718 Bellerophon,
1600 1655 1849 1705 Hercules

155 1737 219 1786 ad
253 1736 444 1785 inferos
478 1734 738 1800 profectus
773 1735 824 1783 in
859 1735 1020 1783 lucem
1056 1735 1299 1799 protraxit
1334 1733 1626 1797 Cerberum,
1660 1741 1848 1785 morta-

153 1815 274 1865 lium
308 1822 577 1877 terrorem3
613 1817 746 1864 idem
772 1814 1055 1880 Neptunum
1091 1814 1349 1876 domitum,
1387 1831 1482 1880 quo
1506 1816 1667 1865 minus
1702 1817 1849 1867 undis

151 1912 303 1947 naves
335 1896 618 1945 mortalium
647 1897 899 1953 obrueret,
936 1895 1201 1961 prohibuit.
1270 1894 1457 1945 Verum
1492 1913 1653 1960 neque
1680 1898 1732 1946 hi
1760 1914 1849 1946 nc-

156 1993 253 2042 que
287 1976 594 2040 reliquorum
625 1977 885 2042 quisquam
910 1992 1036 2041 quae
1063 1976 1228 2024 invitis
1254 1975 1348 2024 diis
1376 1977 1484 2025 ausi
1511 1983 1625 2026 sunt
1647 1977 1850 2043 impune

152 2057 404 2108 tulerunt:

286 2134 492 2201 νήπιος,
528 2133 656 2186 οὐδὲ
688 2130 749 2186 τὸ
784 2128 897 2185 οἶδε
929 2132 1064 2185 κατὰ
1098 2132 1271 2200 φρένα
1312 2133 1515 2195 Τυδέος
1549 2133 1683 2199 υἱός,

282 2213 393 2267 ὅττι
427 2215 546 2280 μάλ’
583 2215 652 2267 ού
688 2215 908 2282 δηναιὸς
943 2211 1001 2276 ὃς
1034 2213 1355 2266 ἀθανάτοισι
1388 2215 1629 2283 μάχηται,

285 2294 411 2347 οὐδέ
441 2295 493 2347 τί
525 2314 619 2362 μιν
649 2297 836 2356 παῖδες
868 2294 991 2347 ποτὶ
1023 2295 1254 2361 γούνασι
1285 2299 1664 2360 παππάζουσιν

291 2373 499 2427 ἐλθόντ’
535 2373 591 2426 ἐκ
627 2376 880 2444 πολέμοιο
914 2374 1003 2427 καὶ
1039 2375 1194 2443 αἰνῆς
1231 2375 1523 2444 δηϊοτῆτος.

155 2457 325 2523 ltaque
357 2456 604 2506 Hercules
651 2458 826 2508 furore
868 2458 1102 2507 divinitus
1137 2458 1361 2505 immisso
1397 2473 1599 2506 uxorem
1638 2474 1751 2507 cum
1786 2459 1846 2507 li-

150 2538 284 2588 beris
319 2552 407 2586 sua
441 2552 587 2586 manu
623 2555 685 2587 ex
718 2539 971 2587 laboribus
1003 2550 1234 2585 reversus
1261 2536 1477 2598 occidit3
1513 2537 1847 2603 Bellerophon

153 2622 317 2667 autem
365 2616 461 2666 diis
507 2619 697 2667 cunctis
745 2618 952 2667 invisus·
983 2614 1274 2683 (ἀπήχθετο
1331 2619 1461 2667 πᾶσι
1516 2617 1749 2682 θεοῖσιν)
1796 2618 1847 2667 ἰη

154 2712 330 2762 campo
366 2697 488 2745 Aleo
523 2698 706 2747 erravit

284 2775 350 2827 ὃν
382 2774 567 2842 θυμὸν
599 2774 853 2840 κατέδων,
888 2776 1059 2828 πάτον
1092 2775 1399 2841 ἀνθρώπων
1433 2775 1700 2829 ἀλεείνων.

157 2855 241 2905 Sic
272 2873 368 2906 non
405 2859 587 2908 sudore
622 2863 811 2908 tantum
847 2874 906 2906 ac
941 2858 1127 2921 labore,
1164 2866 1218 2907 ut
1252 2860 1392 2907 aiunt
1414 2859 1666 2908 Hesiodus
1701 2864 1848 2922 atque

152 2936 483 3002 Epicharmus
518 2936 629 3002 **)‚
676 2939 766 2987 sed
800 2938 1086 2988 infortuniis
1137 2954 1334 3004 qnoque
1371 2944 1422 2988 et
1456 2940 1661 2988 summis
1697 2939 1848 2988 animi

154 3018 479 3084 corporisque
525 3018 774 3067 doloribus
823 3024 1049 3068 constant
1094 3035 1416 3084 quaecunque
1459 3020 1530 3069 dii
1563 3019 1847 3068 hominibus

152 3112 357 3162 magna,
406 3100 710 3164 praestantia
746 3103 799 3148 et
831 3099 1049 3164 gloriosa
1083 3100 1376 3150 concedunt.
1443 3100 1584 3149 Haec
1619 3105 1698 3149 est
1732 3115 1846 3148 sen-

211 3222 262 3278 ὅ)
291 3224 444 3278 „Aber
471 3225 547 3267 ich
577 3224 689 3268 bitte
720 3223 839 3277 dich,
868 3224 1063 3278 Frenml,
1095 3238 1191 3269 was
1218 3226 1337 3268 kann
1365 3225 1480 3268 deun
1510 3227 1656 3269 dieser
1678 3227 1845 3268 Misere

407 3295 594 3338 Grol'ses
621 3294 895 3353 begeguen‘ss
936 3309 1034 3340 was
1070 3297 1190 3340 kann
1220 3297 1406 3339 Grol'ses
1447 3298 1563 3340 denn
1603 3297 1748 3339 durch
1777 3295 1843 3340 sie

1127 3365 1425 3425 geschehn‘P'

183 3431 265 3486 **)
302 3432 397 3488 Τῆς
425 3430 465 3477 δ’
495 3432 662 3493 viget-{2⁴9
685 3435 859 3495 ἱδρῶτα
879 3436 987 3481 θεοὶ
1012 3435 1335 3497 προπάροιθεν
1362 3435 1554 3494 ἔθηκαν.

294 3502 402 3547 Τῶν
425 3501 584 3550 πόνων
611 3507 845 3552 πωλοῦσιν
872 3504 986 3565 ἡμῖν
1014 3507 1169 3553 πάντα
1196 3506 1367 3566 τάγάθ’
1397 3507 1445 3553 οὶ
1473 3507 1594 3552 θεοί.

1398 3581 1464 3629 32
