<?xml version="1.0" encoding="UTF-8"?>
<!DOCTYPE html PUBLIC "-//W3C//DTD XHTML 1.0 Transitional//EN"
    "http://www.w3.org/TR/xhtml1/DTD/xhtml1-transitional.dtd">
<html xmlns="http://www.w3.org/1999/xhtml" xml:lang="en" lang="en">
 <head>
  <title>
</title>
<meta http-equiv="Content-Type" content="text/html;charset=utf-8" />
  <meta name='ocr-system' content='tesseract 3.04.00' />
  <meta name='ocr-capabilities' content='ocr_page ocr_carea ocr_par ocr_line ocrx_word'/>
</head>
<body>
  <div class='ocr_page' id='page_1' title='image "./euripidesrestitu01hartuoft_0247.png"; bbox 0 0 2144 3854; ppageno 0'>
   <div class='ocr_carea' id='block_1_1' title="bbox 943 263 1065 321">
    <p class='ocr_par' dir='ltr' id='par_1_1' title="bbox 943 263 1065 321">
     <span class='ocr_line' id='line_1_1' title="bbox 943 263 1065 321; baseline -0.016 -1"><span class='ocrx_word' id='word_1_1' title='bbox 943 263 1065 321; x_wconf 78' lang='lat'><strong>229</strong></span> 
     </span>
    </p>
   </div>
   <div class='ocr_carea' id='block_1_2' title="bbox 154 386 1855 2639">
    <p class='ocr_par' dir='ltr' id='par_1_2' title="bbox 154 386 1852 2317">
     <span class='ocr_line' id='line_1_2' title="bbox 155 386 1842 478; baseline -0.001 -15"><span class='ocrx_word' id='word_1_2' title='bbox 155 414 388 478; x_wconf 78' lang='lat' dir='ltr'>dignetur</span> <span class='ocrx_word' id='word_1_3' title='bbox 422 412 505 461; x_wconf 91' lang='lat' dir='ltr'><strong>ille</strong></span> <span class='ocrx_word' id='word_1_4' title='bbox 539 418 592 462; x_wconf 90' lang='lat' dir='ltr'><strong>et</strong></span> <span class='ocrx_word' id='word_1_5' title='bbox 626 412 918 460; x_wconf 88' lang='lat' dir='ltr'><strong>moriturum</strong></span> <span class='ocrx_word' id='word_1_6' title='bbox 954 426 1010 460; x_wconf 88' lang='lat' dir='ltr'><strong>se</strong></span> <span class='ocrx_word' id='word_1_7' title='bbox 1041 412 1198 474; x_wconf 87' lang='lat' dir='ltr'><strong>prius,</strong></span> <span class='ocrx_word' id='word_1_8' title='bbox 1234 425 1380 473; x_wconf 88' lang='lat' dir='ltr'><strong>quam</strong></span> <span class='ocrx_word' id='word_1_9' title='bbox 1397 386 1708 474; x_wconf 70' lang='lat' dir='ltr'><strong>proditurum</strong></span> <span class='ocrx_word' id='word_1_10' title='bbox 1729 421 1842 462; x_wconf 85' lang='lat' dir='ltr'><strong>esse</strong></span> 
     </span>
     <span class='ocr_line' id='line_1_3' title="bbox 155 489 1840 554; baseline -0.002 -11"><span class='ocrx_word' id='word_1_11' title='bbox 155 493 462 554; x_wconf 77' lang='lat' dir='ltr'><strong>defunctam,</strong></span> <span class='ocrx_word' id='word_1_12' title='bbox 497 493 735 554; x_wconf 82' lang='lat' dir='ltr'><strong>affirmet,</strong></span> <span class='ocrx_word' id='word_1_13' title='bbox 770 505 942 540; x_wconf 89' lang='lat' dir='ltr'><strong>rursus</strong></span> <span class='ocrx_word' id='word_1_14' title='bbox 975 491 1250 550; x_wconf 86' lang='lat' dir='ltr'><strong>mulierem,</strong></span> <span class='ocrx_word' id='word_1_15' title='bbox 1285 506 1432 554; x_wconf 86' lang='lat' dir='ltr'><strong>quam</strong></span> <span class='ocrx_word' id='word_1_16' title='bbox 1458 489 1676 553; x_wconf 86' lang='lat' dir='ltr'><strong>adducit,</strong></span> <span class='ocrx_word' id='word_1_17' title='bbox 1710 491 1840 540; x_wconf 87' lang='lat' dir='ltr'><strong>reci-</strong></span> 
     </span>
     <span class='ocr_line' id='line_1_4' title="bbox 154 570 1841 640; baseline -0.001 -17"><span class='ocrx_word' id='word_1_18' title='bbox 154 590 279 640; x_wconf 89' lang='lat' dir='ltr'><strong>pere</strong></span> <span class='ocrx_word' id='word_1_19' title='bbox 309 573 463 622; x_wconf 87' lang='lat' dir='ltr'><strong>iubet.</strong></span> <span class='ocrx_word' id='word_1_20' title='bbox 531 571 678 634; x_wconf 79' lang='lat' dir='ltr'><strong>Quod</strong></span> <span class='ocrx_word' id='word_1_21' title='bbox 724 571 942 635; x_wconf 89' lang='lat' dir='ltr'><strong>quamvis</strong></span> <span class='ocrx_word' id='word_1_22' title='bbox 977 570 1196 619; x_wconf 91' lang='lat' dir='ltr'><strong>omnium</strong></span> <span class='ocrx_word' id='word_1_23' title='bbox 1231 586 1398 619; x_wconf 87' lang='lat' dir='ltr'><strong>rernm</strong></span> <span class='ocrx_word' id='word_1_24' title='bbox 1432 570 1841 621; x_wconf 85' lang='lat' dir='ltr'><strong>molestissimum</strong></span> 
     </span>
     <span class='ocr_line' id='line_1_5' title="bbox 156 650 1841 716; baseline 0 -13"><span class='ocrx_word' id='word_1_25' title='bbox 156 654 256 712; x_wconf 89' lang='lat' dir='ltr'><strong>sit,</strong></span> <span class='ocrx_word' id='word_1_26' title='bbox 290 658 438 716; x_wconf 84' lang='lat' dir='ltr'><strong>atque</strong></span> <span class='ocrx_word' id='word_1_27' title='bbox 471 653 618 701; x_wconf 87' lang='lat' dir='ltr'><strong>etiam</strong></span> <span class='ocrx_word' id='word_1_28' title='bbox 651 652 909 700; x_wconf 87' lang='lat' dir='ltr'><strong>horrorem</strong></span> <span class='ocrx_word' id='word_1_29' title='bbox 943 650 1123 698; x_wconf 89' lang='lat' dir='ltr'><strong>mulier</strong></span> <span class='ocrx_word' id='word_1_30' title='bbox 1156 650 1482 698; x_wconf 81' lang='lat' dir='ltr'><strong>similitudine</strong></span> <span class='ocrx_word' id='word_1_31' title='bbox 1513 651 1704 701; x_wconf 85' lang='lat' dir='ltr'><strong>formae</strong></span> <span class='ocrx_word' id='word_1_32' title='bbox 1737 653 1841 703; x_wconf 90' lang='lat' dir='ltr'><strong>Ad-</strong></span> 
     </span>
     <span class='ocr_line' id='line_1_6' title="bbox 156 729 1842 796; baseline -0.001 -13"><span class='ocrx_word' id='word_1_33' title='bbox 156 739 292 783; x_wconf 85' lang='lat' dir='ltr'><strong>meto</strong></span> <span class='ocrx_word' id='word_1_34' title='bbox 325 733 530 792; x_wconf 89' lang='lat' dir='ltr'><strong>iniiciat,</strong></span> <span class='ocrx_word' id='word_1_35' title='bbox 565 732 702 796; x_wconf 88' lang='lat' dir='ltr'><strong>quasi</strong></span> <span class='ocrx_word' id='word_1_36' title='bbox 736 731 803 779; x_wconf 89' lang='lat' dir='ltr'><strong>sit</strong></span> <span class='ocrx_word' id='word_1_37' title='bbox 835 735 1087 794; x_wconf 81' lang='lat' dir='ltr'><strong>spectrum</strong></span> <span class='ocrx_word' id='word_1_38' title='bbox 1110 731 1171 778; x_wconf 91' lang='lat' dir='ltr'><strong>ab</strong></span> <span class='ocrx_word' id='word_1_39' title='bbox 1196 729 1372 778; x_wconf 86' lang='lat' dir='ltr'><strong>inferis</strong></span> <span class='ocrx_word' id='word_1_40' title='bbox 1401 731 1625 791; x_wconf 89' lang='lat' dir='ltr'><strong>missum,</strong></span> <span class='ocrx_word' id='word_1_41' title='bbox 1659 736 1842 795; x_wconf 87' lang='lat' dir='ltr'><strong>tamen,</strong></span> 
     </span>
     <span class='ocr_line' id='line_1_7' title="bbox 156 810 1844 878; baseline -0.001 -15"><span class='ocrx_word' id='word_1_42' title='bbox 156 830 253 878; x_wconf 84' lang='lat' dir='ltr'><strong>qua</strong></span> <span class='ocrx_word' id='word_1_43' title='bbox 286 817 368 862; x_wconf 87' lang='lat' dir='ltr'><strong>est</strong></span> <span class='ocrx_word' id='word_1_44' title='bbox 399 812 550 861; x_wconf 89' lang='lat' dir='ltr'><strong>animi</strong></span> <span class='ocrx_word' id='word_1_45' title='bbox 598 811 844 871; x_wconf 88' lang='lat' dir='ltr'><strong>bonitate,</strong></span> <span class='ocrx_word' id='word_1_46' title='bbox 892 810 1054 859; x_wconf 90' lang='lat' dir='ltr'><strong>amico</strong></span> <span class='ocrx_word' id='word_1_47' title='bbox 1099 810 1246 859; x_wconf 84' lang='lat' dir='ltr'><strong>enixe</strong></span> <span class='ocrx_word' id='word_1_48' title='bbox 1290 810 1486 874; x_wconf 78' lang='lat' dir='ltr'><strong>roganti</strong></span> <span class='ocrx_word' id='word_1_49' title='bbox 1533 811 1844 875; x_wconf 78' lang='lat' dir='ltr'><strong>obsequitur,</strong></span> 
     </span>
     <span class='ocr_line' id='line_1_8' title="bbox 155 890 1841 955; baseline -0.001 -13"><span class='ocrx_word' id='word_1_50' title='bbox 155 909 287 955; x_wconf 86' lang='lat' dir='ltr'><strong>mox,</strong></span> <span class='ocrx_word' id='word_1_51' title='bbox 322 893 410 942; x_wconf 88' lang='lat' dir='ltr'><strong>ubi</strong></span> <span class='ocrx_word' id='word_1_52' title='bbox 441 892 643 940; x_wconf 88' lang='lat' dir='ltr'><strong>iubente</strong></span> <span class='ocrx_word' id='word_1_53' title='bbox 664 890 823 939; x_wconf 90' lang='lat' dir='ltr'><strong>amico</strong></span> <span class='ocrx_word' id='word_1_54' title='bbox 849 890 1014 953; x_wconf 87' lang='lat' dir='ltr'><strong>tetigit</strong></span> <span class='ocrx_word' id='word_1_55' title='bbox 1042 890 1330 953; x_wconf 85' lang='lat' dir='ltr'><strong>vultumque</strong></span> <span class='ocrx_word' id='word_1_56' title='bbox 1354 890 1602 955; x_wconf 80' lang='lat' dir='ltr'><strong>adspexit,</strong></span> <span class='ocrx_word' id='word_1_57' title='bbox 1636 907 1841 940; x_wconf 84' lang='lat' dir='ltr'><strong>uxorem</strong></span> 
     </span>
     <span class='ocr_line' id='line_1_9' title="bbox 154 970 1845 1038; baseline -0.001 -17"><span class='ocrx_word' id='word_1_58' title='bbox 154 974 396 1038; x_wconf 85' lang='lat' dir='ltr'><strong>agnoscit.</strong></span> <span class='ocrx_word' id='word_1_59' title='bbox 463 971 670 1020; x_wconf 80' lang='lat' dir='ltr'><strong>Planum</strong></span> <span class='ocrx_word' id='word_1_60' title='bbox 717 975 812 1028; x_wconf 90' lang='lat' dir='ltr'><strong>est,</strong></span> <span class='ocrx_word' id='word_1_61' title='bbox 863 970 1094 1035; x_wconf 82' lang='lat' dir='ltr'><strong>Euripidi</strong></span> <span class='ocrx_word' id='word_1_62' title='bbox 1127 971 1257 1020; x_wconf 88' lang='lat' dir='ltr'><strong>hanc</strong></span> <span class='ocrx_word' id='word_1_63' title='bbox 1291 986 1492 1019; x_wconf 80' lang='lat' dir='ltr'><strong>scenam</strong></span> <span class='ocrx_word' id='word_1_64' title='bbox 1528 973 1845 1035; x_wconf 87' lang='lat' dir='ltr'><strong>componenti</strong></span> 
     </span>
     <span class='ocr_line' id='line_1_10' title="bbox 154 1051 1846 1117; baseline -0.001 -15"><span class='ocrx_word' id='word_1_65' title='bbox 154 1052 262 1111; x_wconf 84' lang='lat' dir='ltr'><strong>illa,</strong></span> <span class='ocrx_word' id='word_1_66' title='bbox 305 1068 431 1117; x_wconf 85' lang='lat' dir='ltr'><strong>quae</strong></span> <span class='ocrx_word' id='word_1_67' title='bbox 472 1051 537 1100; x_wconf 88' lang='lat' dir='ltr'><strong>de</strong></span> <span class='ocrx_word' id='word_1_68' title='bbox 580 1051 899 1116; x_wconf 81' lang='lat' dir='ltr'><strong>Pygmalione</strong></span> <span class='ocrx_word' id='word_1_69' title='bbox 941 1054 1298 1113; x_wconf 82' lang='lat' dir='ltr'><strong>narrabantur,</strong></span> <span class='ocrx_word' id='word_1_70' title='bbox 1346 1053 1408 1100; x_wconf 91' lang='lat' dir='ltr'><strong>ob</strong></span> <span class='ocrx_word' id='word_1_71' title='bbox 1445 1051 1616 1100; x_wconf 87' lang='lat' dir='ltr'><strong>oculos</strong></span> <span class='ocrx_word' id='word_1_72' title='bbox 1650 1056 1846 1100; x_wconf 83' lang='lat' dir='ltr'><strong>versata</strong></span> 
     </span>
     <span class='ocr_line' id='line_1_11' title="bbox 157 1131 1844 1196; baseline -0.001 -14"><span class='ocrx_word' id='word_1_73' title='bbox 157 1148 284 1184; x_wconf 86' lang='lat' dir='ltr'><strong>esse.</strong></span> <span class='ocrx_word' id='word_1_74' title='bbox 354 1131 684 1180; x_wconf 82' lang='lat' dir='ltr'><strong>Simulacrum</strong></span> <span class='ocrx_word' id='word_1_75' title='bbox 716 1133 883 1180; x_wconf 89' lang='lat' dir='ltr'><strong>uxoris</strong></span> <span class='ocrx_word' id='word_1_76' title='bbox 920 1147 976 1179; x_wconf 91' lang='lat' dir='ltr'><strong>se</strong></span> <span class='ocrx_word' id='word_1_77' title='bbox 1009 1147 1100 1196; x_wconf 88' lang='lat' dir='ltr'><strong>pro</strong></span> <span class='ocrx_word' id='word_1_78' title='bbox 1123 1148 1238 1181; x_wconf 89' lang='lat' dir='ltr'><strong>vera</strong></span> <span class='ocrx_word' id='word_1_79' title='bbox 1264 1131 1476 1196; x_wconf 88' lang='lat' dir='ltr'><strong>posthac</strong></span> <span class='ocrx_word' id='word_1_80' title='bbox 1501 1131 1844 1196; x_wconf 86' lang='lat' dir='ltr'><strong>amplexurum</strong></span> 
     </span>
     <span class='ocr_line' id='line_1_12' title="bbox 154 1211 1844 1271; baseline -0.001 -9"><span class='ocrx_word' id='word_1_81' title='bbox 154 1227 269 1262; x_wconf 84' lang='grc'>0880</span> <span class='ocrx_word' id='word_1_82' title='bbox 294 1212 489 1261; x_wconf 82' lang='lat' dir='ltr'><strong>dixerat</strong></span> <span class='ocrx_word' id='word_1_83' title='bbox 512 1211 774 1260; x_wconf 87' lang='lat' dir='ltr'><strong>Admetus.</strong></span> <span class='ocrx_word' id='word_1_84' title='bbox 827 1211 1090 1260; x_wconf 89' lang='lat' dir='ltr'><strong>Simulacri</strong></span> <span class='ocrx_word' id='word_1_85' title='bbox 1115 1213 1271 1261; x_wconf 88' lang='lat' dir='ltr'><strong>instar</strong></span> <span class='ocrx_word' id='word_1_86' title='bbox 1316 1212 1534 1261; x_wconf 82' lang='lat' dir='ltr'><strong>Alcestis</strong></span> <span class='ocrx_word' id='word_1_87' title='bbox 1557 1211 1844 1271; x_wconf 85' lang='lat' dir='ltr'><strong>reducitur3</strong></span> 
     </span>
     <span class='ocr_line' id='line_1_13' title="bbox 155 1278 1848 1356; baseline -0.001 -15"><span class='ocrx_word' id='word_1_88' title='bbox 155 1278 248 1341; x_wconf 81' lang='lat' dir='ltr'><strong>sed</strong></span> <span class='ocrx_word' id='word_1_89' title='bbox 282 1292 416 1356; x_wconf 84' lang='lat' dir='ltr'><strong>quod</strong></span> <span class='ocrx_word' id='word_1_90' title='bbox 448 1292 566 1340; x_wconf 81' lang='lat' dir='ltr'><strong>vivit</strong></span> <span class='ocrx_word' id='word_1_91' title='bbox 599 1298 751 1356; x_wconf 89' lang='lat' dir='ltr'><strong>atque</strong></span> <span class='ocrx_word' id='word_1_92' title='bbox 795 1291 954 1340; x_wconf 87' lang='lat' dir='ltr'><strong>aliena</strong></span> <span class='ocrx_word' id='word_1_93' title='bbox 1001 1307 1116 1341; x_wconf 90' lang='lat' dir='ltr'><strong>esse</strong></span> <span class='ocrx_word' id='word_1_94' title='bbox 1164 1292 1389 1353; x_wconf 87' lang='lat' dir='ltr'><strong>videtur,</strong></span> <span class='ocrx_word' id='word_1_95' title='bbox 1434 1292 1575 1342; x_wconf 82' lang='lat' dir='ltr'><strong>faces</strong></span> <span class='ocrx_word' id='word_1_96' title='bbox 1617 1291 1848 1340; x_wconf 85' lang='lat' dir='ltr'><strong>admovet</strong></span> 
     </span>
     <span class='ocr_line' id='line_1_14' title="bbox 156 1371 1846 1439; baseline -0.001 -18"><span class='ocrx_word' id='word_1_97' title='bbox 156 1371 347 1432; x_wconf 88' lang='lat' dir='ltr'><strong>dolori,</strong></span> <span class='ocrx_word' id='word_1_98' title='bbox 394 1388 558 1436; x_wconf 88' lang='lat' dir='ltr'><strong>neque</strong></span> <span class='ocrx_word' id='word_1_99' title='bbox 602 1371 854 1439; x_wconf 86' lang='lat' dir='ltr'><strong>desiderio</strong></span> <span class='ocrx_word' id='word_1_100' title='bbox 900 1371 1170 1436; x_wconf 79' lang='lat' dir='ltr'><strong>satisfacit,</strong></span> <span class='ocrx_word' id='word_1_101' title='bbox 1218 1373 1309 1421; x_wconf 89' lang='lat' dir='ltr'><strong>sed</strong></span> <span class='ocrx_word' id='word_1_102' title='bbox 1356 1373 1514 1422; x_wconf 87' lang='lat' dir='ltr'><strong>iuiicit</strong></span> <span class='ocrx_word' id='word_1_103' title='bbox 1557 1374 1846 1422; x_wconf 83' lang='lat' dir='ltr'><strong>horrorem:</strong></span> 
     </span>
     <span class='ocr_line' id='line_1_15' title="bbox 156 1450 1847 1518; baseline -0.001 -17"><span class='ocrx_word' id='word_1_104' title='bbox 156 1450 243 1518; x_wconf 78' lang='grc' dir='ltr'>111ιί</span> <span class='ocrx_word' id='word_1_105' title='bbox 274 1452 486 1502; x_wconf 86' lang='lat' dir='ltr'><strong>affectus</strong></span> <span class='ocrx_word' id='word_1_106' title='bbox 518 1457 730 1516; x_wconf 89' lang='lat' dir='ltr'><strong>repente</strong></span> <span class='ocrx_word' id='word_1_107' title='bbox 764 1453 813 1499; x_wconf 91' lang='lat' dir='ltr'><strong>in</strong></span> <span class='ocrx_word' id='word_1_108' title='bbox 848 1452 1086 1501; x_wconf 87' lang='lat' dir='ltr'><strong>laetitiam</strong></span> <span class='ocrx_word' id='word_1_109' title='bbox 1116 1457 1399 1512; x_wconf 90' lang='lat' dir='ltr'><strong>mutantur,</strong></span> <span class='ocrx_word' id='word_1_110' title='bbox 1442 1454 1526 1502; x_wconf 89' lang='lat' dir='ltr'><strong>ubi</strong></span> <span class='ocrx_word' id='word_1_111' title='bbox 1559 1468 1728 1501; x_wconf 88' lang='lat' dir='ltr'><strong>veram</strong></span> <span class='ocrx_word' id='word_1_112' title='bbox 1761 1453 1847 1501; x_wconf 82' lang='lat' dir='ltr'><strong>Al-</strong></span> 
     </span>
     <span class='ocr_line' id='line_1_16' title="bbox 157 1531 1849 1594; baseline -0.001 -11"><span class='ocrx_word' id='word_1_113' title='bbox 157 1533 319 1583; x_wconf 85' lang='lat' dir='ltr'><strong>cestin</strong></span> <span class='ocrx_word' id='word_1_114' title='bbox 351 1548 466 1582; x_wconf 87' lang='lat' dir='ltr'><strong>esse</strong></span> <span class='ocrx_word' id='word_1_115' title='bbox 498 1531 807 1580; x_wconf 88' lang='lat' dir='ltr'><strong>intellectum</strong></span> <span class='ocrx_word' id='word_1_116' title='bbox 844 1537 935 1579; x_wconf 86' lang='lat' dir='ltr'><strong>est.</strong></span> <span class='ocrx_word' id='word_1_117' title='bbox 1007 1531 1244 1580; x_wconf 83' lang='lat' dir='ltr'><strong>Ceterum</strong></span> <span class='ocrx_word' id='word_1_118' title='bbox 1287 1533 1423 1580; x_wconf 89' lang='lat' dir='ltr'><strong>vocis</strong></span> <span class='ocrx_word' id='word_1_119' title='bbox 1464 1548 1639 1594; x_wconf 85' lang='lat' dir='ltr'><strong>nsum,</strong></span> <span class='ocrx_word' id='word_1_120' title='bbox 1689 1533 1849 1582; x_wconf 87' lang='lat' dir='ltr'><strong>donec</strong></span> 
     </span>
     <span class='ocr_line' id='line_1_17' title="bbox 156 1610 1848 1675; baseline -0.001 -14"><span class='ocrx_word' id='word_1_121' title='bbox 156 1612 378 1661; x_wconf 90' lang='lat' dir='ltr'><strong>triduum</strong></span> <span class='ocrx_word' id='word_1_122' title='bbox 426 1615 685 1675; x_wconf 88' lang='lat' dir='ltr'><strong>peractum</strong></span> <span class='ocrx_word' id='word_1_123' title='bbox 730 1616 782 1660; x_wconf 90' lang='lat' dir='ltr'><strong>et</strong></span> <span class='ocrx_word' id='word_1_124' title='bbox 823 1611 953 1659; x_wconf 89' lang='lat' dir='ltr'><strong>iusta</strong></span> <span class='ocrx_word' id='word_1_125' title='bbox 996 1610 1170 1660; x_wconf 86' lang='lat' dir='ltr'><strong>inferis</strong></span> <span class='ocrx_word' id='word_1_126' title='bbox 1205 1612 1301 1661; x_wconf 91' lang='lat' dir='ltr'><strong>diis</strong></span> <span class='ocrx_word' id='word_1_127' title='bbox 1334 1614 1434 1661; x_wconf 91' lang='lat' dir='ltr'><strong>rite</strong></span> <span class='ocrx_word' id='word_1_128' title='bbox 1467 1612 1630 1661; x_wconf 82' lang='lat' dir='ltr'><strong>soluta</strong></span> <span class='ocrx_word' id='word_1_129' title='bbox 1663 1617 1848 1673; x_wconf 87' lang='lat' dir='ltr'><strong>essent,</strong></span> 
     </span>
     <span class='ocr_line' id='line_1_18' title="bbox 159 1690 1847 1755; baseline -0.001 -13"><span class='ocrx_word' id='word_1_130' title='bbox 159 1691 405 1742; x_wconf 84' lang='lat' dir='ltr'><strong>Alcestidi</strong></span> <span class='ocrx_word' id='word_1_131' title='bbox 435 1692 605 1755; x_wconf 88' lang='lat' dir='ltr'><strong>negari</strong></span> <span class='ocrx_word' id='word_1_132' title='bbox 637 1691 919 1739; x_wconf 87' lang='lat' dir='ltr'><strong>rectissime</strong></span> <span class='ocrx_word' id='word_1_133' title='bbox 952 1690 1095 1739; x_wconf 84' lang='lat' dir='ltr'><strong>finxit</strong></span> <span class='ocrx_word' id='word_1_134' title='bbox 1117 1696 1282 1753; x_wconf 87' lang='lat' dir='ltr'><strong>poeta.</strong></span> <span class='ocrx_word' id='word_1_135' title='bbox 1351 1693 1541 1742; x_wconf 87' lang='lat' dir='ltr'><strong>Carens</strong></span> <span class='ocrx_word' id='word_1_136' title='bbox 1567 1695 1698 1743; x_wconf 88' lang='lat' dir='ltr'><strong>enim</strong></span> <span class='ocrx_word' id='word_1_137' title='bbox 1735 1709 1847 1741; x_wconf 91' lang='lat' dir='ltr'><strong>ora-</strong></span> 
     </span>
     <span class='ocr_line' id='line_1_19' title="bbox 158 1771 1852 1839; baseline 0.001 -18"><span class='ocrx_word' id='word_1_138' title='bbox 158 1773 316 1833; x_wconf 89' lang='lat' dir='ltr'><strong>tione,</strong></span> <span class='ocrx_word' id='word_1_139' title='bbox 347 1786 476 1834; x_wconf 89' lang='lat' dir='ltr'><strong>quae</strong></span> <span class='ocrx_word' id='word_1_140' title='bbox 508 1776 587 1820; x_wconf 87' lang='lat' dir='ltr'><strong>est</strong></span> <span class='ocrx_word' id='word_1_141' title='bbox 615 1771 796 1819; x_wconf 88' lang='lat' dir='ltr'><strong>mentis</strong></span> <span class='ocrx_word' id='word_1_142' title='bbox 830 1771 1019 1834; x_wconf 86' lang='lat' dir='ltr'><strong>imago,</strong></span> <span class='ocrx_word' id='word_1_143' title='bbox 1066 1786 1165 1819; x_wconf 90' lang='grc'>11011</span> <span class='ocrx_word' id='word_1_144' title='bbox 1199 1777 1405 1836; x_wconf 87' lang='lat' dir='ltr'><strong>repente</strong></span> <span class='ocrx_word' id='word_1_145' title='bbox 1437 1774 1687 1839; x_wconf 88' lang='lat' dir='ltr'><strong>integrum</strong></span> <span class='ocrx_word' id='word_1_146' title='bbox 1718 1773 1852 1822; x_wconf 85' lang='lat' dir='ltr'><strong>vitae</strong></span> 
     </span>
     <span class='ocr_line' id='line_1_20' title="bbox 159 1850 1850 1917; baseline 0.001 -17"><span class='ocrx_word' id='word_1_147' title='bbox 159 1852 382 1917; x_wconf 81' lang='lat' dir='ltr'><strong>vigorem</strong></span> <span class='ocrx_word' id='word_1_148' title='bbox 414 1851 670 1916; x_wconf 87' lang='lat' dir='ltr'><strong>recepisse</strong></span> <span class='ocrx_word' id='word_1_149' title='bbox 703 1851 927 1913; x_wconf 87' lang='lat' dir='ltr'><strong>videtur,</strong></span> <span class='ocrx_word' id='word_1_150' title='bbox 976 1850 1028 1898; x_wconf 88' lang='lat' dir='ltr'><strong>id</strong></span> <span class='ocrx_word' id='word_1_151' title='bbox 1075 1852 1209 1913; x_wconf 86' lang='lat' dir='ltr'><strong>quod</strong></span> <span class='ocrx_word' id='word_1_152' title='bbox 1244 1858 1297 1899; x_wconf 91' lang='lat' dir='ltr'><strong>et</strong></span> <span class='ocrx_word' id='word_1_153' title='bbox 1330 1852 1525 1900; x_wconf 87' lang='lat' dir='ltr'><strong>veritati</strong></span> <span class='ocrx_word' id='word_1_154' title='bbox 1559 1858 1611 1901; x_wconf 89' lang='lat' dir='ltr'><strong>et</strong></span> <span class='ocrx_word' id='word_1_155' title='bbox 1643 1854 1850 1902; x_wconf 91' lang='lat' dir='ltr'><strong>deorum</strong></span> 
     </span>
     <span class='ocr_line' id='line_1_21' title="bbox 159 1928 1850 1996; baseline 0.001 -16"><span class='ocrx_word' id='word_1_156' title='bbox 159 1932 432 1981; x_wconf 81' lang='lat' dir='ltr'><strong>inferorum</strong></span> <span class='ocrx_word' id='word_1_157' title='bbox 475 1928 682 1979; x_wconf 87' lang='lat' dir='ltr'><strong>naturae</strong></span> <span class='ocrx_word' id='word_1_158' title='bbox 729 1936 1114 1980; x_wconf 88' lang='lat' dir='ltr'><strong>consentaneum</strong></span> <span class='ocrx_word' id='word_1_159' title='bbox 1165 1937 1270 1992; x_wconf 87' lang='lat' dir='ltr'><strong>est,</strong></span> <span class='ocrx_word' id='word_1_160' title='bbox 1307 1932 1408 1996; x_wconf 86' lang='lat' dir='ltr'><strong>qui,</strong></span> <span class='ocrx_word' id='word_1_161' title='bbox 1456 1933 1651 1981; x_wconf 90' lang='lat' dir='ltr'><strong>etiamsi</strong></span> <span class='ocrx_word' id='word_1_162' title='bbox 1694 1934 1850 1992; x_wconf 85' lang='lat' dir='ltr'><strong>inviti,</strong></span> 
     </span>
     <span class='ocr_line' id='line_1_22' title="bbox 162 2011 1850 2076; baseline 0.001 -15"><span class='ocrx_word' id='word_1_163' title='bbox 162 2016 326 2061; x_wconf 89' lang='lat' dir='ltr'><strong>tamen</strong></span> <span class='ocrx_word' id='word_1_164' title='bbox 358 2026 607 2074; x_wconf 82' lang='lat' dir='ltr'><strong>nunquam</strong></span> <span class='ocrx_word' id='word_1_165' title='bbox 642 2011 858 2076; x_wconf 86' lang='lat' dir='ltr'><strong>gratuito</strong></span> <span class='ocrx_word' id='word_1_166' title='bbox 893 2027 986 2060; x_wconf 89' lang='lat' dir='ltr'><strong>nec</strong></span> <span class='ocrx_word' id='word_1_167' title='bbox 1020 2011 1128 2060; x_wconf 91' lang='lat' dir='ltr'><strong>sine</strong></span> <span class='ocrx_word' id='word_1_168' title='bbox 1162 2012 1399 2061; x_wconf 90' lang='lat' dir='ltr'><strong>mercede</strong></span> <span class='ocrx_word' id='word_1_169' title='bbox 1431 2012 1622 2061; x_wconf 91' lang='lat' dir='ltr'><strong>iuribus</strong></span> <span class='ocrx_word' id='word_1_170' title='bbox 1642 2013 1745 2062; x_wconf 88' lang='lat' dir='ltr'><strong>suis</strong></span> <span class='ocrx_word' id='word_1_171' title='bbox 1766 2029 1850 2062; x_wconf 91' lang='lat' dir='ltr'><strong>ce-</strong></span> 
     </span>
     <span class='ocr_line' id='line_1_23' title="bbox 160 2091 1851 2157; baseline -0.001 -16"><span class='ocrx_word' id='word_1_172' title='bbox 160 2093 282 2141; x_wconf 89' lang='lat' dir='ltr'><strong>dere</strong></span> <span class='ocrx_word' id='word_1_173' title='bbox 315 2093 660 2141; x_wconf 82' lang='lat' dir='ltr'><strong>credebantur.</strong></span> <span class='ocrx_word' id='word_1_174' title='bbox 730 2091 822 2139; x_wconf 90' lang='lat' dir='ltr'><strong>His</strong></span> <span class='ocrx_word' id='word_1_175' title='bbox 859 2092 930 2140; x_wconf 91' lang='lat' dir='ltr'><strong>sic</strong></span> <span class='ocrx_word' id='word_1_176' title='bbox 964 2093 1196 2155; x_wconf 80' lang='lat' dir='ltr'><strong>peractis,</strong></span> <span class='ocrx_word' id='word_1_177' title='bbox 1230 2093 1612 2155; x_wconf 83' lang='lat' dir='ltr'><strong>gratulationem</strong></span> <span class='ocrx_word' id='word_1_178' title='bbox 1647 2098 1700 2142; x_wconf 90' lang='lat' dir='ltr'><strong>et</strong></span> <span class='ocrx_word' id='word_1_179' title='bbox 1732 2108 1851 2157; x_wconf 90' lang='lat' dir='ltr'><strong>sup-</strong></span> 
     </span>
     <span class='ocr_line' id='line_1_24' title="bbox 159 2171 1850 2238; baseline 0 -16"><span class='ocrx_word' id='word_1_180' title='bbox 159 2173 475 2238; x_wconf 87' lang='lat' dir='ltr'><strong>plicationem</strong></span> <span class='ocrx_word' id='word_1_181' title='bbox 510 2188 624 2221; x_wconf 92' lang='lat' dir='ltr'><strong>cum</strong></span> <span class='ocrx_word' id='word_1_182' title='bbox 661 2171 857 2221; x_wconf 80' lang='lat' dir='ltr'><strong>choreis</strong></span> <span class='ocrx_word' id='word_1_183' title='bbox 893 2172 1092 2236; x_wconf 90' lang='lat' dir='ltr'><strong>publice</strong></span> <span class='ocrx_word' id='word_1_184' title='bbox 1123 2173 1298 2221; x_wconf 87' lang='lat' dir='ltr'><strong>indicit</strong></span> <span class='ocrx_word' id='word_1_185' title='bbox 1332 2173 1603 2235; x_wconf 80' lang='lat' dir='ltr'><strong>AdmetuS‚</strong></span> <span class='ocrx_word' id='word_1_186' title='bbox 1654 2173 1850 2222; x_wconf 86' lang='lat' dir='ltr'><strong>Hercu-</strong></span> 
     </span>
     <span class='ocr_line' id='line_1_25' title="bbox 160 2253 1337 2317; baseline 0 -15"><span class='ocrx_word' id='word_1_187' title='bbox 160 2253 235 2303; x_wconf 88' lang='lat' dir='ltr'><strong>les</strong></span> <span class='ocrx_word' id='word_1_188' title='bbox 268 2253 501 2302; x_wconf 88' lang='lat' dir='ltr'><strong>continuo</strong></span> <span class='ocrx_word' id='word_1_189' title='bbox 536 2269 615 2310; x_wconf 87' lang='grc'><strong>00,</strong></span> <span class='ocrx_word' id='word_1_190' title='bbox 652 2268 748 2317; x_wconf 89' lang='grc'>11110</span> <span class='ocrx_word' id='word_1_191' title='bbox 769 2253 949 2310; x_wconf 88' lang='lat' dir='ltr'><strong>tendit,</strong></span> <span class='ocrx_word' id='word_1_192' title='bbox 983 2253 1337 2317; x_wconf 82' lang='lat' dir='ltr'><strong>proficiscitur.</strong></span> 
     </span>
    </p>

    <p class='ocr_par' dir='ltr' id='par_1_3' title="bbox 161 2333 1855 2639">
     <span class='ocr_line' id='line_1_26' title="bbox 295 2333 1852 2384; baseline 0.001 -3"><span class='ocrx_word' id='word_1_193' title='bbox 295 2333 486 2382; x_wconf 89' lang='lat' dir='ltr'><strong>Summi</strong></span> <span class='ocrx_word' id='word_1_194' title='bbox 529 2333 767 2381; x_wconf 86' lang='lat' dir='ltr'><strong>momenti</strong></span> <span class='ocrx_word' id='word_1_195' title='bbox 812 2334 874 2381; x_wconf 88' lang='lat' dir='ltr'><strong>ad</strong></span> <span class='ocrx_word' id='word_1_196' title='bbox 926 2333 1283 2381; x_wconf 86' lang='lat' dir='ltr'><strong>aestimandam</strong></span> <span class='ocrx_word' id='word_1_197' title='bbox 1329 2349 1427 2383; x_wconf 87' lang='grc'>11011</span> <span class='ocrx_word' id='word_1_198' title='bbox 1476 2335 1626 2384; x_wconf 83' lang='grc' dir='ltr'>111ιί118</span> <span class='ocrx_word' id='word_1_199' title='bbox 1657 2339 1852 2384; x_wconf 87' lang='grc'>1011111111</span> 
     </span>
     <span class='ocr_line' id='line_1_27' title="bbox 164 2413 1853 2478; baseline 0.002 -18"><span class='ocrx_word' id='word_1_200' title='bbox 164 2413 361 2462; x_wconf 85' lang='lat' dir='ltr'><strong>fabulae</strong></span> <span class='ocrx_word' id='word_1_201' title='bbox 394 2418 648 2472; x_wconf 90' lang='lat' dir='ltr'><strong>naturam,</strong></span> <span class='ocrx_word' id='word_1_202' title='bbox 697 2414 788 2461; x_wconf 87' lang='lat' dir='ltr'><strong>sed</strong></span> <span class='ocrx_word' id='word_1_203' title='bbox 822 2413 1025 2461; x_wconf 86' lang='lat' dir='ltr'><strong>aliarum</strong></span> <span class='ocrx_word' id='word_1_204' title='bbox 1063 2429 1279 2476; x_wconf 87' lang='grc'>1111011110,</span> <span class='ocrx_word' id='word_1_205' title='bbox 1313 2431 1442 2478; x_wconf 82' lang='lat' dir='ltr'><strong>quae</strong></span> <span class='ocrx_word' id='word_1_206' title='bbox 1478 2415 1701 2464; x_wconf 89' lang='lat' dir='ltr'><strong>eiusdem</strong></span> <span class='ocrx_word' id='word_1_207' title='bbox 1736 2420 1853 2465; x_wconf 89' lang='grc'>811111</span> 
     </span>
     <span class='ocr_line' id='line_1_28' title="bbox 161 2492 1852 2560; baseline 0.002 -19"><span class='ocrx_word' id='word_1_208' title='bbox 161 2494 390 2558; x_wconf 84' lang='lat' dir='ltr'><strong>generis,</strong></span> <span class='ocrx_word' id='word_1_209' title='bbox 427 2498 478 2540; x_wconf 91' lang='lat' dir='ltr'><strong>et</strong></span> <span class='ocrx_word' id='word_1_210' title='bbox 511 2493 729 2540; x_wconf 89' lang='lat' dir='ltr'><strong>omnium</strong></span> <span class='ocrx_word' id='word_1_211' title='bbox 763 2492 1018 2557; x_wconf 85' lang='lat' dir='ltr'><strong>Euripidis</strong></span> <span class='ocrx_word' id='word_1_212' title='bbox 1055 2508 1265 2558; x_wconf 88' lang='lat' dir='ltr'><strong>operum</strong></span> <span class='ocrx_word' id='word_1_213' title='bbox 1300 2495 1634 2544; x_wconf 89' lang='lat' dir='ltr'><strong>conditionem</strong></span> <span class='ocrx_word' id='word_1_214' title='bbox 1668 2511 1852 2560; x_wconf 86' lang='lat' dir='ltr'><strong>cogno-</strong></span> 
     </span>
     <span class='ocr_line' id='line_1_29' title="bbox 164 2571 1855 2639; baseline 0.002 -18"><span class='ocrx_word' id='word_1_215' title='bbox 164 2574 401 2621; x_wconf 84' lang='lat' dir='ltr'><strong>scendam</strong></span> <span class='ocrx_word' id='word_1_216' title='bbox 444 2571 778 2636; x_wconf 84' lang='lat' dir='ltr'><strong>fragmentum</strong></span> <span class='ocrx_word' id='word_1_217' title='bbox 823 2580 902 2620; x_wconf 89' lang='lat' dir='ltr'><strong>est</strong></span> <span class='ocrx_word' id='word_1_218' title='bbox 946 2572 1352 2634; x_wconf 88' lang='lat' dir='ltr'><strong>didascaliarum,</strong></span> <span class='ocrx_word' id='word_1_219' title='bbox 1409 2575 1540 2639; x_wconf 91' lang='lat' dir='ltr'><strong>quod</strong></span> <span class='ocrx_word' id='word_1_220' title='bbox 1591 2575 1644 2625; x_wconf 87' lang='lat' dir='ltr'><strong>in</strong></span> <span class='ocrx_word' id='word_1_221' title='bbox 1678 2576 1855 2624; x_wconf 88' lang='lat' dir='ltr'><strong>codice</strong></span> 
     </span>
    </p>
   </div>
   <div class='ocr_carea' id='block_1_3' title="bbox 72 2651 1855 2718">
    <p class='ocr_par' dir='ltr' id='par_1_4' title="bbox 72 2651 1855 2718">
     <span class='ocr_line' id='line_1_30' title="bbox 72 2651 1855 2718; baseline 0.001 -17"><span class='ocrx_word' id='word_1_222' title='bbox 72 2661 74 2663; x_wconf 74' lang='grc'><strong><em>’</em></strong></span> <span class='ocrx_word' id='word_1_223' title='bbox 165 2651 408 2701; x_wconf 88' lang='lat' dir='ltr'><strong>Vaticano</strong></span> <span class='ocrx_word' id='word_1_224' title='bbox 442 2653 691 2701; x_wconf 84' lang='lat' dir='ltr'><strong>inventum</strong></span> <span class='ocrx_word' id='word_1_225' title='bbox 727 2652 789 2700; x_wconf 80' lang='lat' dir='ltr'><strong>G.</strong></span> <span class='ocrx_word' id='word_1_226' title='bbox 825 2652 1111 2700; x_wconf 86' lang='lat' dir='ltr'><strong>Dindorfius</strong></span> <span class='ocrx_word' id='word_1_227' title='bbox 1145 2669 1305 2718; x_wconf 88' lang='lat' dir='ltr'><strong>nuper</strong></span> <span class='ocrx_word' id='word_1_228' title='bbox 1339 2654 1618 2718; x_wconf 81' lang='lat' dir='ltr'><strong>divulgavit.</strong></span> <span class='ocrx_word' id='word_1_229' title='bbox 1685 2655 1855 2703; x_wconf 84' lang='lat' dir='ltr'><strong>Doce-</strong></span> 
     </span>
    </p>
   </div>
   <div class='ocr_carea' id='block_1_4' title="bbox 163 2731 1898 3522">
    <p class='ocr_par' dir='ltr' id='par_1_5' title="bbox 163 2731 1898 3522">
     <span class='ocr_line' id='line_1_31' title="bbox 164 2731 1851 2796; baseline -0.001 -14"><span class='ocrx_word' id='word_1_230' title='bbox 164 2748 275 2782; x_wconf 91' lang='grc'>111111·</span> <span class='ocrx_word' id='word_1_231' title='bbox 322 2733 454 2781; x_wconf 90' lang='lat' dir='ltr'><strong>enim</strong></span> <span class='ocrx_word' id='word_1_232' title='bbox 508 2733 709 2796; x_wconf 87' lang='lat' dir='ltr'><strong>satyrici</strong></span> <span class='ocrx_word' id='word_1_233' title='bbox 756 2731 993 2780; x_wconf 89' lang='lat' dir='ltr'><strong>dramatis</strong></span> <span class='ocrx_word' id='word_1_234' title='bbox 1038 2732 1202 2782; x_wconf 89' lang='lat' dir='ltr'><strong>locum</strong></span> <span class='ocrx_word' id='word_1_235' title='bbox 1253 2734 1524 2783; x_wconf 88' lang='lat' dir='ltr'><strong>Alcestidis</strong></span> <span class='ocrx_word' id='word_1_236' title='bbox 1558 2735 1758 2784; x_wconf 87' lang='lat' dir='ltr'><strong>fabulae</strong></span> <span class='ocrx_word' id='word_1_237' title='bbox 1790 2735 1851 2783; x_wconf 88' lang='lat' dir='ltr'><strong>ab</strong></span> 
     </span>
     <span class='ocr_line' id='line_1_32' title="bbox 167 2812 1856 2878; baseline 0.001 -16"><span class='ocrx_word' id='word_1_238' title='bbox 167 2813 408 2877; x_wconf 79' lang='lat' dir='ltr'><strong>Euripide</strong></span> <span class='ocrx_word' id='word_1_239' title='bbox 441 2813 744 2878; x_wconf 86' lang='lat' dir='ltr'><strong>assignatum</strong></span> <span class='ocrx_word' id='word_1_240' title='bbox 777 2812 963 2874; x_wconf 83' lang='lat' dir='ltr'><strong>fuisse,</strong></span> <span class='ocrx_word' id='word_1_241' title='bbox 1017 2818 1071 2860; x_wconf 92' lang='lat' dir='ltr'><strong>et</strong></span> <span class='ocrx_word' id='word_1_242' title='bbox 1114 2819 1292 2863; x_wconf 88' lang='lat' dir='ltr'><strong>natura</strong></span> <span class='ocrx_word' id='word_1_243' title='bbox 1335 2830 1423 2863; x_wconf 90' lang='lat' dir='ltr'><strong>sua</strong></span> <span class='ocrx_word' id='word_1_244' title='bbox 1458 2815 1689 2878; x_wconf 87' lang='lat' dir='ltr'><strong>satyricis</strong></span> <span class='ocrx_word' id='word_1_245' title='bbox 1724 2830 1856 2875; x_wconf 88' lang='lat' dir='ltr'><strong>esse,</strong></span> 
     </span>
     <span class='ocr_line' id='line_1_33' title="bbox 166 2892 1853 2959; baseline 0.001 -17"><span class='ocrx_word' id='word_1_246' title='bbox 166 2908 314 2957; x_wconf 89' lang='lat' dir='ltr'><strong>quam</strong></span> <span class='ocrx_word' id='word_1_247' title='bbox 348 2893 563 2958; x_wconf 80' lang='lat' dir='ltr'><strong>tragiciS,</strong></span> <span class='ocrx_word' id='word_1_248' title='bbox 597 2893 779 2942; x_wconf 83' lang='lat' dir='ltr'><strong>fabulis</strong></span> <span class='ocrx_word' id='word_1_249' title='bbox 813 2892 1100 2956; x_wconf 88' lang='lat' dir='ltr'><strong>propiorem</strong></span> <span class='ocrx_word' id='word_1_250' title='bbox 1134 2894 1285 2942; x_wconf 82' lang='lat' dir='ltr'><strong>visam</strong></span> <span class='ocrx_word' id='word_1_251' title='bbox 1313 2911 1426 2943; x_wconf 90' lang='lat' dir='ltr'><strong>esse</strong></span> <span class='ocrx_word' id='word_1_252' title='bbox 1449 2895 1680 2959; x_wconf 79' lang='lat' dir='ltr'><strong>antiquis,</strong></span> <span class='ocrx_word' id='word_1_253' title='bbox 1752 2895 1853 2944; x_wconf 85' lang='lat' dir='ltr'><strong>Cu-</strong></span> 
     </span>
     <span class='ocr_line' id='line_1_34' title="bbox 164 2971 1855 3039; baseline 0.003 -20"><span class='ocrx_word' id='word_1_254' title='bbox 164 2973 244 3020; x_wconf 84' lang='lat' dir='ltr'><strong>ius</strong></span> <span class='ocrx_word' id='word_1_255' title='bbox 277 2971 447 3020; x_wconf 91' lang='lat' dir='ltr'><strong>iudicii</strong></span> <span class='ocrx_word' id='word_1_256' title='bbox 481 2988 707 3022; x_wconf 88' lang='lat' dir='ltr'><strong>caussam</strong></span> <span class='ocrx_word' id='word_1_257' title='bbox 739 2989 836 3022; x_wconf 88' lang='lat' dir='ltr'><strong>non</strong></span> <span class='ocrx_word' id='word_1_258' title='bbox 869 2973 923 3021; x_wconf 91' lang='lat' dir='ltr'><strong>in</strong></span> <span class='ocrx_word' id='word_1_259' title='bbox 957 2972 1064 3021; x_wconf 91' lang='lat' dir='ltr'><strong>solo</strong></span> <span class='ocrx_word' id='word_1_260' title='bbox 1100 2974 1263 3036; x_wconf 84' lang='lat' dir='ltr'><strong>exitu,</strong></span> <span class='ocrx_word' id='word_1_261' title='bbox 1306 2976 1440 3039; x_wconf 89' lang='lat' dir='ltr'><strong>quod</strong></span> <span class='ocrx_word' id='word_1_262' title='bbox 1486 2976 1538 3023; x_wconf 88' lang='lat' dir='ltr'><strong>in</strong></span> <span class='ocrx_word' id='word_1_263' title='bbox 1581 2975 1736 3024; x_wconf 87' lang='lat' dir='ltr'><strong>laetas</strong></span> <span class='ocrx_word' id='word_1_264' title='bbox 1771 2991 1855 3025; x_wconf 84' lang='lat' dir='ltr'><strong>res</strong></span> 
     </span>
     <span class='ocr_line' id='line_1_35' title="bbox 165 3053 1858 3116; baseline 0.003 -16"><span class='ocrx_word' id='word_1_265' title='bbox 165 3053 381 3101; x_wconf 86' lang='lat' dir='ltr'><strong>miserae</strong></span> <span class='ocrx_word' id='word_1_266' title='bbox 433 3058 808 3116; x_wconf 86' lang='lat' dir='ltr'><strong>convertantur,</strong></span> <span class='ocrx_word' id='word_1_267' title='bbox 859 3053 949 3101; x_wconf 91' lang='lat' dir='ltr'><strong>sed</strong></span> <span class='ocrx_word' id='word_1_268' title='bbox 996 3053 1047 3101; x_wconf 89' lang='lat' dir='ltr'><strong>in</strong></span> <span class='ocrx_word' id='word_1_269' title='bbox 1088 3055 1317 3104; x_wconf 86' lang='lat' dir='ltr'><strong>universa</strong></span> <span class='ocrx_word' id='word_1_270' title='bbox 1363 3055 1560 3104; x_wconf 88' lang='lat' dir='ltr'><strong>fabulae</strong></span> <span class='ocrx_word' id='word_1_271' title='bbox 1606 3060 1858 3105; x_wconf 88' lang='lat' dir='ltr'><strong>structura</strong></span> 
     </span>
     <span class='ocr_line' id='line_1_36' title="bbox 165 3133 1856 3200; baseline 0.002 -20"><span class='ocrx_word' id='word_1_272' title='bbox 165 3134 497 3197; x_wconf 86' lang='lat' dir='ltr'><strong>quaerendam</strong></span> <span class='ocrx_word' id='word_1_273' title='bbox 532 3149 645 3183; x_wconf 90' lang='lat' dir='ltr'><strong>esse</strong></span> <span class='ocrx_word' id='word_1_274' title='bbox 678 3138 899 3199; x_wconf 88' lang='lat' dir='ltr'><strong>apparet.</strong></span> <span class='ocrx_word' id='word_1_275' title='bbox 966 3133 1188 3199; x_wconf 83' lang='lat' dir='ltr'><strong>Excepta</strong></span> <span class='ocrx_word' id='word_1_276' title='bbox 1222 3135 1458 3185; x_wconf 87' lang='lat' dir='ltr'><strong>Herculis</strong></span> <span class='ocrx_word' id='word_1_277' title='bbox 1484 3152 1698 3200; x_wconf 87' lang='lat' dir='ltr'><strong>persona</strong></span> <span class='ocrx_word' id='word_1_278' title='bbox 1731 3136 1856 3185; x_wconf 87' lang='lat' dir='ltr'><strong>nihil</strong></span> 
     </span>
     <span class='ocr_line' id='line_1_37' title="bbox 163 3212 1853 3278; baseline 0.003 -18"><span class='ocrx_word' id='word_1_279' title='bbox 163 3212 347 3275; x_wconf 84' lang='lat' dir='ltr'><strong>vigoris</strong></span> <span class='ocrx_word' id='word_1_280' title='bbox 378 3228 471 3261; x_wconf 89' lang='lat' dir='ltr'><strong>nec</strong></span> <span class='ocrx_word' id='word_1_281' title='bbox 504 3214 696 3262; x_wconf 90' lang='lat' dir='ltr'><strong>roboris</strong></span> <span class='ocrx_word' id='word_1_282' title='bbox 731 3215 847 3262; x_wconf 90' lang='lat' dir='ltr'><strong>huic</strong></span> <span class='ocrx_word' id='word_1_283' title='bbox 882 3214 1091 3262; x_wconf 86' lang='lat' dir='ltr'><strong>dramati</strong></span> <span class='ocrx_word' id='word_1_284' title='bbox 1123 3215 1317 3278; x_wconf 87' lang='lat' dir='ltr'><strong>inesse,</strong></span> <span class='ocrx_word' id='word_1_285' title='bbox 1365 3216 1454 3266; x_wconf 91' lang='lat' dir='ltr'><strong>sed</strong></span> <span class='ocrx_word' id='word_1_286' title='bbox 1490 3217 1641 3266; x_wconf 89' lang='lat' dir='ltr'><strong>molle</strong></span> <span class='ocrx_word' id='word_1_287' title='bbox 1675 3222 1728 3266; x_wconf 88' lang='lat' dir='ltr'><strong>et</strong></span> <span class='ocrx_word' id='word_1_288' title='bbox 1761 3217 1853 3265; x_wconf 87' lang='lat' dir='ltr'><strong>fle-</strong></span> 
     </span>
     <span class='ocr_line' id='line_1_38' title="bbox 164 3291 1853 3361; baseline 0.002 -20"><span class='ocrx_word' id='word_1_289' title='bbox 164 3291 268 3341; x_wconf 88' lang='lat' dir='ltr'><strong>bile</strong></span> <span class='ocrx_word' id='word_1_290' title='bbox 301 3308 502 3341; x_wconf 89' lang='lat' dir='ltr'><strong>carmen</strong></span> <span class='ocrx_word' id='word_1_291' title='bbox 534 3294 694 3343; x_wconf 84' lang='lat' dir='ltr'><strong>videri</strong></span> <span class='ocrx_word' id='word_1_292' title='bbox 725 3300 874 3358; x_wconf 90' lang='lat' dir='ltr'><strong>atque</strong></span> <span class='ocrx_word' id='word_1_293' title='bbox 909 3294 1097 3359; x_wconf 86' lang='lat' dir='ltr'><strong>elegiae</strong></span> <span class='ocrx_word' id='word_1_294' title='bbox 1138 3297 1439 3361; x_wconf 88' lang='lat' dir='ltr'><strong>propiorem,</strong></span> <span class='ocrx_word' id='word_1_295' title='bbox 1474 3313 1620 3361; x_wconf 90' lang='lat' dir='ltr'><strong>quam</strong></span> <span class='ocrx_word' id='word_1_296' title='bbox 1654 3300 1853 3359; x_wconf 84' lang='lat' dir='ltr'><strong>tragoe-</strong></span> 
     </span>
     <span class='ocr_line' id='line_1_39' title="bbox 166 3371 1898 3436; baseline 0.005 -17"><span class='ocrx_word' id='word_1_297' title='bbox 166 3371 306 3433; x_wconf 89' lang='lat' dir='ltr'><strong>diae,</strong></span> <span class='ocrx_word' id='word_1_298' title='bbox 353 3374 571 3436; x_wconf 88' lang='lat' dir='ltr'><strong>speciem</strong></span> <span class='ocrx_word' id='word_1_299' title='bbox 616 3374 805 3424; x_wconf 86' lang='lat' dir='ltr'><strong>habere</strong></span> <span class='ocrx_word' id='word_1_300' title='bbox 863 3379 1004 3423; x_wconf 90' lang='lat' dir='ltr'><strong>recte</strong></span> <span class='ocrx_word' id='word_1_301' title='bbox 1049 3374 1283 3425; x_wconf 88' lang='lat' dir='ltr'><strong>iudicavit</strong></span> <span class='ocrx_word' id='word_1_302' title='bbox 1326 3377 1661 3427; x_wconf 86' lang='lat' dir='ltr'><strong>Hermannus.</strong></span> <span class='ocrx_word' id='word_1_303' title='bbox 1752 3374 1855 3424; x_wconf 89' lang='lat' dir='ltr'><strong>Sed</strong></span> <span class='ocrx_word' id='word_1_304' title='bbox 1895 3426 1898 3428; x_wconf 72' lang='grc'><strong>,</strong></span> 
     </span>
     <span class='ocr_line' id='line_1_40' title="bbox 169 3451 1855 3522; baseline 0.003 -23"><span class='ocrx_word' id='word_1_305' title='bbox 169 3451 276 3515; x_wconf 88' lang='lat' dir='ltr'><strong>ipsa</strong></span> <span class='ocrx_word' id='word_1_306' title='bbox 308 3451 389 3500; x_wconf 89' lang='lat' dir='ltr'><strong>illa</strong></span> <span class='ocrx_word' id='word_1_307' title='bbox 423 3452 654 3504; x_wconf 87' lang='lat' dir='ltr'><strong>Herculis</strong></span> <span class='ocrx_word' id='word_1_308' title='bbox 690 3470 903 3519; x_wconf 83' lang='lat' dir='ltr'><strong>persona</strong></span> <span class='ocrx_word' id='word_1_309' title='bbox 938 3454 1052 3505; x_wconf 88' lang='lat' dir='ltr'><strong>talis</strong></span> <span class='ocrx_word' id='word_1_310' title='bbox 1089 3459 1183 3517; x_wconf 88' lang='lat' dir='ltr'><strong>est,</strong></span> <span class='ocrx_word' id='word_1_311' title='bbox 1219 3456 1374 3519; x_wconf 80' lang='lat' dir='ltr'><strong>qualis</strong></span> <span class='ocrx_word' id='word_1_312' title='bbox 1408 3458 1622 3522; x_wconf 83' lang='lat' dir='ltr'><strong>satyrico</strong></span> <span class='ocrx_word' id='word_1_313' title='bbox 1644 3455 1855 3507; x_wconf 85' lang='lat' dir='ltr'><strong>dramati</strong></span> 
     </span>
    </p>
   </div>
  </div>
 </body>
</html>
