2144 3854
920 253 1043 312 313

139 405 299 456 iorum
347 403 569 470 ipsorum
616 402 846 469 sepulcra
888 405 941 451 et
987 400 1292 451 sanctissima
1337 400 1544 451 delubra
1574 400 1816 464 habebat;

139 491 396 537 vastarunt
428 502 574 551 agros
608 484 780 550 populi
813 482 950 543 eius,
996 482 1080 546 qui
1123 481 1313 547 primus
1364 488 1615 532 auctorem
1661 483 1821 547 gentis

140 568 362 633 ipsorum
396 566 574 616 divinis
607 563 877 614 honoribus
911 561 1154 610 affecerat
1197 566 1252 611 et
1299 562 1434 612 solus
1479 561 1759 612 Heraclidi·
1793 579 1824 612 a

142 654 319 697 cuncta
352 646 559 696 Graecia
591 643 850 708 exagitatis
883 642 1186 706 praesidium
1220 643 1552 707 auxiliumque
1581 643 1824 707 praebue-

142 732 252 789 ταῖς
306 727 488 776 bellum
532 725 807 774 intulerunt
851 722 1004 783 deae,
1039 722 1179 770 cuius
1213 738 1364 787 opera
1399 739 1461 772 ex
1494 724 1720 773 omnibus
1754 724 1825 772 la·

142 807 344 856 boribus
375 806 712 872 periculisque
755 803 1000 852 Hercules
1046 807 1268 851 servatus
1315 807 1439 852 erat.
1524 804 1666 854 Pium
1708 820 1828 870 pro·

142 886 360 950 bumque
386 902 499 935 esse
513 885 696 935 bellum
713 884 796 933 tali
812 885 875 933 de
897 899 1075 932 caussa
1102 888 1406 948 susceptum,
1433 900 1594 948 neque
1622 883 1827 932 deorum

142 967 322 1016 auxilio
357 968 598 1016 carituros
633 965 959 1015 Athenienses
994 963 1045 1012 in
1079 962 1163 1012 tali
1212 963 1500 1024 certamine,
1534 964 1681 1012 docet
1724 964 1828 1012 Eu-

142 1046 349 1112 ripideS,
385 1047 593 1111 eiusque
612 1045 688 1095 rei
711 1044 966 1094 docendae
999 1043 1166 1093 studio
1200 1043 1379 1094 ductus
1414 1059 1489 1105 ea,
1526 1043 1702 1109 quibus
1734 1043 1828 1092 oti-

142 1127 219 1175 osi
251 1126 479 1176 homines
513 1132 568 1176 et
598 1125 649 1174 in
683 1125 790 1175 sola
815 1141 982 1175 rerum
1019 1124 1300 1190 cognitione
1333 1125 1561 1189 occupati
1610 1123 1829 1172 delecta-

142 1213 344 1269 rentur,
363 1206 595 1270 neglexit.
665 1205 959 1272 Composuit
991 1204 1208 1254 fabulam
1245 1220 1373 1262 eam,
1408 1221 1536 1268 quae
1568 1205 1649 1255 vel
1677 1205 1831 1254 maxi-

142 1301 225 1336 me
258 1287 419 1336 dulcis
453 1286 690 1350 utilisque
724 1291 861 1336 esset
893 1286 1080 1335 civibus
1124 1285 1255 1345 suia,
1304 1290 1356 1333 et
1399 1301 1496 1350 qua
1542 1284 1831 1351 spectanda,

139 1371 373 1433 tanquam
409 1368 540 1417 bono
575 1369 742 1416 omine
774 1371 997 1432 accepto,
1033 1381 1224 1416 summa
1259 1365 1374 1415 belli
1414 1365 1620 1432 gerendi
1654 1366 1832 1414 alacri-

141 1452 248 1497 tate
281 1448 646 1507 imbuerentur3
682 1448 794 1496 fore
827 1452 1053 1512 tempus,
1088 1462 1185 1511 quo
1219 1445 1280 1495 ab
1315 1446 1655 1512 Hyperboreis
1687 1445 1831 1510 frigi-

144 1527 363 1578 dissimis
399 1529 613 1578 carmina
650 1545 739 1577 sua
772 1527 1088 1592 legerentur,
1123 1543 1221 1591 quo
1256 1526 1609 1587 a-Germanis,
1645 1527 1833 1592 scripta

146 1607 302 1672 pluris
352 1625 497 1673 quam
532 1625 614 1658 res
650 1614 817 1672 gestas
851 1608 1182 1669 facientibuS‚
1234 1607 1296 1656 ad
1342 1608 1462 1657 artis
1494 1607 1692 1672 regulas
1725 1623 1832 1657 mo-

145 1703 261 1738 rose
297 1690 708 1749 examinarentur,
744 1700 840 1738 non
874 1689 1036 1754 potuit
1069 1689 1306 1737 divinare.

278 1768 391 1818 Non
425 1770 631 1830 invenit,
665 1770 797 1833 quod
830 1769 880 1818 iu
912 1770 1009 1818 hoc
1029 1768 1252 1818 dramate
1275 1767 1685 1833 reprehenderet,
1720 1768 1834 1817 Ari-

146 1848 448 1914 stophanen
474 1849 640 1899 semel
674 1849 736 1899 ad
772 1849 894 1899 illud
928 1850 1150 1915 respexit
1182 1849 1311 1898 Plut.
1348 1851 1460 1898 382.
1512 1848 1605 1910 (cf.
1642 1848 1835 1898 Welck.

146 1946 195 1994 p.
230 1933 330 1979 '109
363 1932 515 1995 seq.),
551 1935 602 1979 et
634 1930 849 1979 fortasse
883 1930 1021 1979 Eccl.
1057 1931 1173 1981 412.
1209 1928 1302 1992 (cf.
1338 1929 1513 1979 Elmsl.
1549 1930 1612 1978 ad
1634 1928 1833 1978 Heracl.

145 2025 189 2061 ν.
223 2010 346 2072 11.).
442 2009 769 2075 Reliquorum
831 2011 1128 2076 scriptorum
1184 2009 1329 2060 multi
1378 2008 1440 2058 ad
1487 2010 1539 2060 id
1591 2024 1836 2074 respexe-

146 2094 278 2154 runt,
312 2104 437 2156 quos
471 2105 864 2142 commemorare
901 2106 1323 2156 supervacaneum
1358 2095 1437 2141 est
1467 2089 1533 2156 ³⁹).

500 2441 612 2496 J).
707 2441 1454 2516 Eurystheus,

283 2573 558 2624 Herculem
592 2574 654 2624 ad
690 2575 878 2626 inferos
912 2577 1297 2627 descendentem
1320 2585 1372 2627 et
1395 2581 1703 2643 protractum
1725 2578 1841 2628 inde

154 2655 427 2706 Cerberum
482 2655 582 2704 hoc
638 2655 860 2706 dramate
906 2659 1122 2722 satyrico
1172 2659 1445 2708 exhibitum
1492 2674 1606 2707 esse
1659 2659 1844 2707 docent

150 2735 442 2801 fragmenta.
509 2736 756 2786 Perfectis
801 2738 1028 2786 omnibus
1075 2739 1280 2802 reliquis
1327 2739 1578 2787 laboribus
1613 2744 1666 2788 et
1697 2754 1840 2803 pera-

152 2824 292 2885 grato
327 2818 451 2867 orbe
483 2817 580 2866 hoc
615 2817 688 2866 illi
722 2824 973 2867 certamen
1006 2818 1279 2868 iniunctum
1315 2835 1428 2868 esse
1460 2821 1520 2869 ab
1556 2818 1842 2883 Eurystheo

151 2897 314 2948 refert
347 2897 595 2948 Diodorus
631 2897 717 2959 IV,
755 2899 832 2949 25.
903 2900 957 2948 In
992 2899 1122 2962 agris
1157 2905 1270 2949 ante
1304 2899 1543 2964 Mycenas
1588 2899 1713 2948 haec
1765 2898 1844 2963 agi

150 2978 492 3043 fingebantur:
544 2984 771 3029 vetuerat
805 2980 936 3028 enim
965 2980 1279 3044 Eurystheus
1310 2982 1482 3031 urbem
1507 2981 1689 3029 intrare
1713 2979 1843 3028 Her-

153 3059 339 3120 culem,
387 3060 568 3108 timens
619 3061 713 3108 viri
746 3061 897 3109 robur
930 3066 1081 3124 atque
1116 3061 1411 3112 violentiam.
1480 3062 1653 3124 Itaque
1686 3061 1843 3110 vitans

153 3145 474 3205 conspectum
510 3141 616 3190 eius
650 3157 742 3206 per
761 3140 1010 3206 Copreum
1046 3157 1343 3205 praeconem
1379 3147 1428 3191 et
1462 3143 1691 3192 mandata
1725 3140 1845 3188 ede-

153 3219 238 3269 bat
271 3226 324 3270 et
355 3220 420 3270 de
452 3221 604 3271 rebus
638 3222 795 3284 gestis
829 3222 1116 3283 docebatur,
1151 3227 1283 3272 teste
1318 3222 1621 3287 Apollodoro
1645 3221 1706 3282 ΙΙ,
1730 3224 1778 3281 5,
1798 3222 1843 3270 1.

285 3299 554 3367 Fingamus
600 3302 752 3369 igitur
795 3302 1066 3353 Herculem
1105 3302 1167 3352 ab
1214 3302 1398 3353 ultimis
1446 3303 1582 3355 orbis
1616 3301 1845 3354 terminis

215 3466 265 3524 ³⁸)
296 3467 366 3512 Cf.
395 3469 570 3516 Welck.
600 3485 644 3526 p.
674 3469 774 3513 709.
832 3471 1038 3528 Apollod.
1068 3471 1128 3529 11,
1161 3471 1204 3526 8,
1233 3472 1275 3514 1.
