2144 3854
897 258 978 312 43

227 402 408 472 Pergit
428 404 631 469 J‘uroris
661 403 844 452 socius.
913 400 1083 452 Haud
1115 403 1263 454 illum
1294 405 1448 454 timor

230 474 504 552 Pudorque
535 484 739 534 tenuit.-
782 488 1022 549 stupra
1070 488 1134 532 et
1185 485 1494 535 illicitos
1540 491 1723 535 toros

231 565 623 616 Acheronte
675 563 745 613 in
777 562 898 613 imo
930 563 1210 631 quaerit
1260 562 1635 634 Hippolyti
1671 582 1781 633 pa·

1004 640 1158 693 ten”

98 725 177 777 Ad
210 725 395 776 inferos
430 724 559 774 enim
592 722 847 773 Theseum
883 740 995 773 cum
1028 723 1256 774 Pirithoo
1299 724 1581 790 profectum
1628 726 1785 776 fuisse

99 821 162 855 ex
208 805 387 872 fragm.
440 802 568 854 Vlll.
622 803 927 870 intelligitur.
1005 804 1271 869 Reliquam
1325 821 1521 870 quoque
1567 806 1788 857 Senecae

96 885 377 955 orationem·
400 900 461 934 ex
493 884 768 950 Euripideo
813 885 1070 950 prooemio
1117 900 1403 951 expressam
1438 902 1554 935 esse
1612 887 1785 936 verisi-

94 965 215 1015 mile
248 969 339 1015 est.
404 964 652 1016 Venerem
688 970 854 1015 autem
888 967 958 1015 ibi
981 965 1210 1015 Phaedra
1235 970 1452 1028 accusat,
1487 966 1637 1032 quod,
1673 967 1787 1015 odio

95 1045 243 1095 ducta
287 1045 502 1096 filiarum
558 1045 690 1096 Solis
707 1081 723 1107 ,
786 1046 996 1097 nefariis
1041 1047 1290 1097 amoribus
1344 1061 1542 1099 omnem
1594 1046 1788 1113 prolem

94 1125 313 1177 vexarit:

226 1205 510 1274 „Stirpem
536 1198 737 1274 perosa
763 1205 904 1256 Solis
936 1208 1094 1257 invisi
1137 1206 1307 1258 Venus

226 1287 330 1338 Per
361 1304 454 1338 nos
488 1293 704 1338 catenas
736 1287 973 1339 vindicat
1011 1287 1205 1338 Martis
1236 1289 1322 1338 sui

225 1367 496 1436 Suasque5
521 1370 728 1436 probris
761 1386 911 1420 omne
945 1369 1236 1419 Phoebeum
1269 1384 1436 1435 genus

231 1449 427 1500 Onerat
461 1449 720 1515 nefandis,
791 1450 963 1500 Nulla
1003 1449 1198 1499 Minois
1232 1447 1337 1499 levi

227 1529 498 1596 Defuncto
533 1547 710 1580 amore
746 1538 855 1580 est.-
890 1531 1127 1595 iungitur
1158 1546 1361 1596 semper
1393 1529 1592 1596 nefas.’'

95 1609 264 1659 Potuit
294 1610 552 1664 Phaedrae
585 1611 774 1675 magica
809 1627 949 1659 sacra
983 1610 1186 1659 facienti
1218 1609 1403 1659 famula
1437 1611 1543 1660 sive
1593 1608 1786 1663 Θέστυ-

98 1690 178 1749 au,-
212 1695 410 1755 praesto
445 1707 574 1750 esse,
609 1707 723 1740 cum
758 1706 854 1754 qua
889 1690 1275 1755 colloqueretur,
1311 1691 1364 1740 id
1396 1693 1531 1755 quod
1555 1692 1787 1744 Welcke-

97 1786 184 1820 rus
219 1770 458 1832 coniecit3
503 1771 668 1836 potuit
710 1771 860 1820 etiam
895 1771 1061 1819 statim
1110 1775 1228 1837 post
1273 1772 1611 1836 prooemium,
1657 1776 1792 1825 nullo

96 1850 392 1916 interposito
427 1866 684 1913 sermone,
733 1851 916 1899 chorus
964 1850 1257 1900 famularum
1303 1851 1533 1916 prodire,
1581 1870 1793 1917 quanam

97 1947 214 1980 cura
263 1936 351 1980 aut
397 1946 494 1995 quo
546 1932 719 1980 morbo
778 1931 976 1979 domina
1033 1931 1366 1992 cruciaretur,
1420 1933 1791 1986 sciscitantium.

95 2011 278 2061 Parodi
309 2026 423 2060 esse
454 2016 647 2076 partem
684 2013 911 2077 suspicor
942 2011 1123 2078 fragm.
1159 2012 1259 2060 inc.
1309 2014 1451 2072 198„
1500 2029 1597 2078 quo
1643 2016 1791 2066 mire—

95 2098 178 2142 tur
196 2092 393 2155 chorus,
417 2091 550 2156 quod
573 2107 745 2141 somno
773 2108 947 2141 carens
971 2098 1087 2141 ante
1110 2092 1273 2141 lucem
1295 2093 1469 2158 regina
1491 2097 1791 2146 surrexerit:

230 2167 363 2242 ἑῷος
395 2165 524 2238 ἡνίχ’
561 2170 784 2233 ἱππότας
816 2169 1103 2238 ἐξέλαμψεν
1138 2170 1321 2239 ἀστήρ.

227 2255 448 2304 Alterius
491 2259 630 2304 actus
675 2260 902 2304 naturam
949 2260 1100 2319 atque
1135 2258 1480 2320 argumentum
1515 2269 1579 2303 ex
1612 2255 1791 2306 eodem

96 2334 288 2385 Seneca
323 2351 628 2399 cognoscere
655 2337 788 2385 licet.
858 2335 1118 2385 Contraria
1153 2337 1282 2385 enim
1317 2336 1525 2394 ratione,
1561 2339 1709 2400 atque
1739 2338 1792 2386 in

98 2417 256 2466 altero
288 2416 565 2481 Hippolyto
598 2416 674 2478 fit,
707 2431 952 2482 praeceps
986 2415 1243 2467 ferebatur
1276 2417 1472 2480 regina,
1521 2416 1669 2466 nullis
1704 2434 1788 2467 ve-

97 2496 363 2546 recundiae
394 2497 701 2561 pudorisque
730 2496 890 2546 frenis
923 2502 1141 2558 retenta3
1176 2498 1440 2547 coercebat
1464 2503 1632 2546 autem
1649 2499 1792 2547 casti-

98 2577 342 2641 gabatque
397 2575 650 2626 furentem
696 2578 874 2626 nutrix.
957 2577 1248 2643 congruunt
1289 2583 1459 2627 autem
1513 2577 1794 2644 fragmenta

94 2656 353 2722 Euripidis
409 2672 520 2704 cum
557 2655 778 2710 Senecae
811 2657 1046 2724 carmine.
1113 2658 1354 2706 Hortatur
1386 2658 1516 2724 apud
1551 2659 1793 2709 Senecam

94 2737 288 2799 nutrix,
335 2741 392 2788 ut
425 2737 594 2786 obstet
625 2736 903 2802 principiiS,
941 2752 1005 2786 ne
1039 2752 1154 2786 sero
1182 2741 1388 2803 paretur
1420 2739 1694 2790 medicina:

513 2816 792 2884 „Quisquis
826 2817 882 2866 in
906 2818 1080 2885 primo
1114 2817 1314 2868 obstitit

230 2896 541 2964 Pepulitque
576 2913 818 2961 amorem,
853 2904 999 2948 tutus
1035 2915 1098 2949 ac
1130 2900 1299 2949 victor
1320 2900 1467 2966 fuit3

239 2978 342 3042 Qui
377 2978 691 3029 blandiendo
726 2979 880 3030 dulce
913 2982 1135 3030 nutrivit
1168 2981 1379 3042 malum,

233 3058 369 3110 Sero
402 3066 611 3110 recusat
632 3063 803 3126 ferre,
840 3061 976 3129 quod
1007 3061 1194 3124 subiit,
1229 3062 1413 3127 iugum
1448 3066 1544 3111 etc.

237 3139 477 3192 Honesta
504 3142 735 3208 primum
769 3148 844 3192 est
879 3143 1028 3203 velle,
1064 3159 1160 3192 uec
1197 3142 1304 3191 labi
1337 3144 1462 3203 via,-

234 3220 410 3272 Pudor
447 3229 522 3271 est
555 3221 830 3285 secundus,
866 3239 1012 3274 nosse
1036 3222 1304 3290 peccandi
1335 3223 1555 3275 modum.

236 3302 398 3366 Quo,
442 3303 722 3366 misera,
777 3305 1050 3371 pergis?
1106 3303 1264 3371 quid
1309 3303 1559 3354 domum
1611 3307 1791 3371 iufam-

1012 3401 1168 3436 mem
1203 3384 1549 3452 adgravas

234 3461 678 3531 Supera-sque
711 3463 1058 3515 matrem?''
