2144 3854
922 295 1042 352 163

255 442 392 509 πρὸς
424 445 573 496 ταῦτ’
609 442 704 494 ’ίτω
735 440 834 508 μὲν
865 443 995 506 πῦρ,
1029 439 1126 492 ἰ’τω
1162 441 1220 493 δὲ
1258 440 1529 510 φάσγανα,

257 525 485 591 πίμπρη,
517 523 740 577 κάταιθε
773 522 991 586 σάρκας,
1026 519 1354 589 ἐμπλήσθητί
1389 542 1498 590 μου

258 605 434 657 πίνων
466 603 714 657 κελαινὸν
747 596 906 670 αἷμα·
940 602 1148 668 πρόσθε
1180 601 1284 669 γὰρ
1318 603 1462 655 κάτω

256 689 358 754 γῆς
389 681 525 738 εἶσιν
557 687 743 749 ἄστρα,
781 687 851 752 γῆ
886 682 936 735 δ’
971 686 1137 736 ἄνεισ’
1173 682 1246 744 εἰς
1282 682 1494 751 αἰθέρα,

256 765 384 834 πρὶν
416 765 470 831 ἐξ
503 765 638 833 ἐμοῦ
672 776 759 817 σοι
790 765 934 816 θῶπ’
968 764 1271 833 ἀπαντῆσαι
1302 766 1482 833 λόγον.

124 848 336 899 Frustra
365 850 523 915 igitur
556 850 715 898 saevit
747 863 805 896 ac
838 847 1165 896 tumultuatur
1200 847 1408 912 Syleus‚
1458 849 1651 899 frustra
1683 849 1830 900 fami-

126 929 240 978 liam
278 931 511 991 concitat,
547 928 674 978 nihil
708 929 1065 978 extimescente
1097 927 1349 977 Hercule:
1385 930 1501 991 quin
1536 929 1683 980 etiam
1720 930 1831 997 ipse

126 1012 254 1059 servi
296 1016 462 1076 partes
514 1009 681 1058 subire
726 1009 952 1068 iubetur,
999 1008 1208 1057 verbera
1257 1008 1529 1058 intentante
1574 1009 1692 1070 illo,
1737 1012 1834 1061 nisi

125 1091 272 1140 dictis
307 1091 373 1140 sit
414 1089 650 1150 audiens3
695 1088 760 1138 cf.
810 1087 944 1136 Phil.
979 1104 1029 1153 p.
1064 1090 1191 1137 681:
1237 1091 1436 1139 τοῦτον
1471 1081 1573 1140 οὖν
1603 1088 1833 1155 πότερον

126 1169 330 1222 δοῦλον
360 1167 396 1237 ἢ
430 1168 625 1235 κύριον
668 1171 769 1224 νοῦ
817 1166 1082 1220 δεσπότου
1128 1166 1503 1234 άποφαντέον,
1554 1165 1628 1236 μὴ
1663 1171 1834 1238 μόνον

123 1249 602 1316 άπελευθεριάζειν,
637 1248 770 1302 άλλὰ
788 1247 880 1302 καὶ
911 1247 1236 1316 ἐπιτάγματα
1273 1248 1569 1303 ἐπιτάσσειν
1602 1257 1676 1318 τῷ
1709 1271 1830 1321 κτη-

124 1331 335 1402 σαμένῳ
367 1331 486 1395 καί,
521 1331 566 1383 εἰ
600 1330 912 1398 άφηνιάζοι,
946 1329 1163 1383 τύπτειν
1194 1331 1286 1383 καὶ
1318 1332 1753 1400 προπηλακίζειν,
1789 1335 1835 1388 εἰ

124 1413 185 1467 δὲ
217 1413 310 1466 καὶ
341 1406 589 1482 βοηθοὺς
622 1410 894 1480 ἐπάγοιτο,
928 1412 1133 1474 πάντας
1166 1413 1340 1481 ἄρδην
1372 1409 1682 1467 α’πολλύναι.
1716 1418 1832 1468 Pla-

127 1502 301 1548 centas
336 1497 466 1547 enim
486 1532 502 1555 ‚
554 1501 607 1546 et
641 1496 883 1562 quidquid
917 1500 1195 1562 tempestas
1230 1495 1405 1545 tulerit
1436 1496 1724 1560 fructuum,
1758 1499 1834 1548 af-

124 1576 265 1627 ferre
289 1593 405 1626 eum
425 1577 586 1637 iubet3
621 1581 876 1641 postremo
911 1576 1062 1625 fluvio
1098 1577 1161 1625 ad
1193 1576 1357 1624 villam
1384 1576 1538 1626 ducto
1569 1579 1732 1627 omnia
1755 1579 1832 1628 in·-

126 1657 316 1708 undat:
351 1655 519 1708 Gram.
555 1656 745 1705 Anecd.
775 1657 807 1705 l.
835 1657 895 1704 1.:
930 1652 1022 1706 καὶ
1046 1659 1120 1721 τῷ
1144 1655 1436 1721 προεστῶτι
1454 1654 1512 1706 δὲ
1540 1661 1641 1707 τοῦ
1661 1656 1835 1724 άγροῦ

129 1729 294 1802 δριμὺ
328 1733 535 1801 ἐνορῶν
569 1733 755 1801 φέρειν
787 1732 1027 1787 ἐκέλευεν
1060 1734 1232 1801 ὠραῖά
1265 1752 1319 1786 τε
1352 1733 1443 1787 καὶ
1476 1738 1833 1801 πλακοῦντας,

125 1815 218 1870 καὶ
263 1815 411 1877 τέλος
458 1814 589 1867 ὅλον
635 1814 877 1883 ποταμὸν
929 1816 1065 1880 πρὸς
1106 1814 1206 1883 τὴν
1253 1812 1477 1877 ἔπαυλιν
1529 1817 1729 1883 τρέψας
1770 1819 1836 1871 τὰ

126 1898 302 1951 πάντα
334 1894 670 1950 κατέκλυσεν.
739 1897 875 1947 Inter
922 1899 1048 1947 haec
1095 1914 1328 1963 pavorem
1380 1898 1679 1950 clamoribus
1715 1919 1834 1966 pro-

126 1980 249 2031 dere
295 1984 564 2047 potuerunt
616 1978 798 2042 satyri,
850 1977 981 2041 quod
1032 1984 1169 2027 esset
1202 1979 1404 2028 tertium
1440 1980 1581 2028 chori
1616 1997 1834 2035 carmen.

127 2061 512 2111 Perseveranter
538 2059 800 2124 imperium
825 2059 1135 2107 detrectante
1156 2057 1324 2122 Syleo‚
1357 2059 1607 2110 Hercules
1632 2068 1836 2128 arrepto

127 2147 307 2203 rastro,
343 2157 439 2205 quo
473 2139 667 2188 vineam
701 2138 882 2188 fodere
916 2138 1081 2187 iussus
1117 2143 1225 2187 erat
1259 2136 1434 2205 (armis
1470 2139 1604 2189 enim
1639 2147 1692 2190 ut
1728 2159 1834 2192 ser-

129 2238 217 2272 vus
252 2218 472 2286 carebat)
488 2218 556 2285 *),
1285 2265 1290 2269 .

79 2294 82 2297 ⁴
615 2292 697 2350 εἶα
732 2298 817 2365 δή,
852 2299 1025 2364 inquit,
1062 2296 1223 2363 φίλον
1256 2295 1435 2362 ξύλον,

266 2377 430 2445 ἔγειρέ
464 2397 554 2445 μοι
589 2379 780 2432 σεαυτὸ
815 2377 904 2430 καὶ
936 2378 1129 2445 γίγνου
1163 2378 1360 2444 θρασύ.

134 2463 323 2526 Quibus
369 2461 513 2510 dictis
561 2460 804 2511 latronem
839 2460 1091 2510 interficit.
1161 2460 1292 2510 Tum
1327 2462 1392 2510 de
1426 2461 1563 2510 facto
1599 2462 1694 2511 sibi
1728 2463 1836 2529 ipse

131 2541 437 2606 gratulatur:

265 2622 378 2680 τοῖς
410 2617 507 2684 μὲν
541 2619 766 2679 δικαίοις
800 2615 1023 2681 ἔνδικος,
1057 2622 1171 2678 τοῖς
1204 2619 1251 2669 δ’
1288 2613 1358 2669 αὖ
1393 2623 1579 2680 κακοῖς

266 2701 485 2753 πάντων
519 2701 761 2767 μέγιστος
792 2699 1040 2764 πολέμιος
1072 2698 1206 2750 κατὰ
1240 2699 1431 2765 χθόνα.

265 2784 578 2833 Messoribus
614 2784 773 2832 locum
809 2782 995 2831 nullum
1030 2781 1080 2830 in
1113 2782 1210 2829 hoc
1246 2781 1469 2830 dramate
1514 2780 1673 2830 fuisse
1706 2782 1837 2830 falli-

135 2881 233 2930 que
264 2864 602 2925 Welckerum‚
641 2865 725 2928 qui
760 2862 959 2927 Syleum
997 2877 1054 2909 ac
1089 2861 1347 2910 Messores
1382 2863 1592 2910 eandem
1619 2861 1838 2911 fabulam

133 2945 294 2994 fuisse
327 2949 488 3011 putet,
526 2951 747 3010 apparet.
814 2943 1021 2992 Praeter
1066 2941 1326 2990 Philonem
1358 2948 1410 2991 et
1443 2942 1838 3005 grammaticum,

138 3042 286 3090 quem
321 3025 556 3082 diximus,
593 3025 654 3073 ad
691 3041 801 3073 eam
835 3027 1162 3087 respexerunt
1187 3022 1456 3082 Eusebius,
1493 3023 1838 3071 Artemidorus

138 3105 337 3171 (fragm.
366 3103 458 3170 1.),
494 3105 804 3161 Eustathius,
841 3102 1103 3154 StobaeuS.
1171 3103 1500 3167 Antiquorum
1532 3118 1651 3151 vero
1678 3102 1839 3166 philo-

139 3185 408 3252 sophorum
456 3187 666 3235 maxime
713 3184 981 3233 admiratus
1029 3198 1141 3232 esse
1174 3182 1368 3230 videtur
1403 3179 1650 3248 Diogenes
1698 3182 1840 3231 Sino-³

140 3281 283 3331 peut„
315 3265 440 3314 adeo
475 3272 530 3316 ut
563 3267 714 3316 etiam
748 3265 897 3314 sactis
930 3278 1195 3328 personam
1229 3262 1465 3314 Herculis
1498 3263 1683 3312 imitari
1720 3278 1836 3311 con—

141 3346 377 3397 stituerit.
1091 3360 1094 3363 ⁴

206 3458 252 3512 *J
280 3458 522 3502 Diodorus:
549 3461 613 3517 τῷ
635 3460 838 3515 σκαφείῳ
862 3454 1070 3511 πατάξας
1094 3452 1374 3502 ἀπέκτεινεν.

1409 3638 1510 3687 11*
