2144 3854
933 260 1057 318 247

157 419 295 463 recte
337 411 550 476 quidem.
619 409 926 458 Gravissime
973 409 1102 456 enim
1153 422 1546 467 commovemur,
1595 422 1708 458 cum
1754 410 1833 460 vel

157 493 372 543 maxime
416 490 696 540 adversaria
739 505 852 538 esse
899 487 1126 552 personis
1159 503 1247 549 ea,
1297 503 1424 552 quae
1466 487 1709 537 acerrimo
1756 489 1834 538 sui

158 572 418 623 adiuvandi
453 571 617 621 studio
649 571 743 635 ipsi
777 568 1057 624 moliantur,
1093 573 1143 616 et
1176 567 1278 616 suis
1311 568 1488 632 gladiis
1521 569 1658 634 ipsos
1691 569 1833 634 iugu-

156 654 249 703 lari
283 652 617 737 intelligimus
685 648 831 698 Unde
863 647 1248 712 prooemiorum,
1283 661 1410 712 quae
1441 649 1578 698 multi
1601 665 1837 714 perverse

156 737 416 791 accusant,
470 731 660 790 utilitas
693 729 868 777 elucet.
938 727 1160 776 Necesse
1192 725 1343 788 igitur
1376 727 1472 777 fuit
1524 735 1612 779 aut
1658 747 1689 779 a
1738 731 1835 781 deo

155 814 318 877 aliquo
352 818 437 861 aut
472 828 500 859 a
533 811 638 859 Laii
671 810 846 858 umbra
879 808 985 857 sive
1018 807 1242 857 manibus
1287 808 1453 857 statim
1499 809 1551 858 in
1594 811 1835 876 principio

155 892 393 943 dramatis
427 890 797 940 accuratissime
830 889 1079 938 theatrum
1113 887 1179 936 de
1213 903 1389 937 caussa
1421 905 1587 938 rerum
1621 896 1674 939 et
1706 907 1835 940 nexu

156 972 374 1022 edoceri.
441 971 663 1021 Alteram
712 969 905 1034 prologi
952 974 1145 1034 partem
1194 969 1298 1017 sive
1332 969 1628 1034 colloquium
1647 1008 1662 1031 ,
1706 973 1836 1035 quod

155 1052 411 1118 prooemio
446 1050 671 1100 subnecti
705 1050 850 1110 solet,
885 1066 915 1098 a
947 1048 1225 1098 Menoeceo
1258 1051 1405 1114 atque
1443 1048 1638 1099 Tiresia
1671 1058 1836 1100 actum

153 1149 269 1183 esse
302 1138 682 1182 consentaneum
717 1135 811 1179 est.
878 1129 1014 1179 Illius
1047 1131 1178 1178 enim
1211 1135 1345 1191 erat,
1392 1130 1472 1178 cui
1505 1133 1645 1197 regni
1679 1132 1834 1181 admi-

152 1213 406 1273 nistratio,
441 1212 558 1261 dum
594 1210 1081 1275 Oedipusabesset,
1117 1210 1348 1259 mandata
1380 1216 1518 1273 erat,
1563 1218 1723 1262 vatem
1758 1229 1835 1262 ar·

152 1293 390 1344 cessitnm
421 1292 488 1342 de
519 1293 742 1342 remedio
775 1290 1095 1356 pestilentiae
1129 1291 1414 1341 consulere:
1458 1292 1598 1342 cuius
1642 1294 1837 1358 cognito

152 1388 396 1440 responso
431 1388 586 1422 senex
619 1372 936 1437 decrepitus,
989 1388 1138 1436 quum
1181 1372 1428 1422 neminem
1461 1378 1664 1438 praeter
1695 1390 1753 1423 se
1785 1379 1838 1423 et

85 1507 89 1513 ,
153 1455 420 1504 Creontem
462 1469 526 1503 ex
559 1452 838 1502 Draconteo
871 1468 1056 1516 genere
1089 1454 1408 1518 superstitem
1445 1469 1559 1502 esse
1592 1454 1838 1515 crederet,

153 1535 304 1583 vitam
338 1535 529 1598 patriae
562 1533 766 1583 obferre
800 1549 955 1597 seque
980 1533 1045 1582 de
1075 1535 1229 1582 muris
1259 1534 1591 1599 praecipitare
1625 1550 1721 1583 non
1744 1535 1835 1584 du-

155 1614 344 1663 bitavit.
410 1614 767 1678 Fragmentum
801 1614 994 1679 prologi
1026 1629 1178 1664 unum
1224 1619 1416 1676 exstat,
1462 1631 1562 1680 quo
1605 1614 1837 1681 Sphingis

154 1699 323 1744 natura
358 1693 669 1742 declaratur:

286 1771 458 1837 οὐρὰν
490 1771 538 1824 δ’
573 1771 782 1825 ὑπίλασ’
817 1773 925 1826 ὑπὸ
958 1773 1286 1826 λεοντόπουν
1320 1774 1478 1841 βάσιν

284 1851 522 1917 καθέζετ’
654 1883 721 1892 ·-—
854 1883 920 1891 ——
1051 1884 1117 1891 —-
1248 1885 1340 1907 —.

286 1937 442 1987 Chori
476 1940 641 2001 partes
685 1936 975 1985 mulieribus
1011 1937 1302 2000 Corinthiis,
1339 1938 1608 1987 Periboeae
1640 1936 1837 2001 reginae

152 2017 369 2077 famulis,
399 2022 547 2082 poeta
569 2015 845 2077 detulerat,
880 2033 1002 2081 quas
1028 2016 1264 2081 Oedipus,
1298 2024 1561 2082 antequam
1586 2017 1698 2082 ipse
1723 2030 1836 2065 cum

153 2097 475 2158 satellitibus,
522 2096 869 2161 patrimonium
921 2096 1157 2162 plaustris
1192 2099 1519 2164 curribusque
1551 2097 1836 2162 impositum

152 2177 384 2237 avehens,
419 2176 661 2227 Corintho
697 2177 1117 2241 proficisceretur,
1151 2193 1264 2227 cum
1299 2185 1476 2240 matre,
1512 2195 1658 2246 quam
1689 2181 1837 2242 puta-

152 2259 250 2320 bat,
279 2259 617 2322 praemiserat.
684 2257 879 2313 Initium
915 2258 1089 2323 parodi
1123 2258 1306 2311 Strabo
1334 2259 1465 2310 VllI.
1494 2279 1544 2327 p.
1559 2262 1658 2309 3⁵29
1672 2256 1837 2324 (582.)

152 2339 363 2388 servavit
397 2337 601 2403 (Matth.
624 2356 674 2403 p.
702 2340 815 2430 382.
837 2339 932 2387 inc.
959 2337 1136 2403 fragm.
1166 2357 1215 2391 n.
1237 2340 1374 2405 94.):

282 2414 439 2468 ὕδατι
471 2418 657 2487 χλωρῷ
691 2417 1138 2484 περικλυζόμενον

281 2496 393 2564 ἥκω
426 2499 739 2562 προλιποΰσ’
774 2498 1210 2565 Ἀκροκόρινθον,

287 2577 432 2645 ἱερὸν
465 2580 650 2646 ὄχθον,
681 2579 839 2631 πόλιν
864 2575 1195 2646 Ἀφροδίτας.

283 2661 405 2709 Post
437 2662 676 2727 parodum
711 2663 758 2712 in
795 2678 993 2711 scenam
1027 2663 1213 2728 prodiit
1256 2662 1449 2720 Creon,
1501 2665 1580 2712 cui
1629 2662 1836 2711 Menoe-

153 2758 300 2802 ceus,
347 2747 607 2805 antequam
655 2759 710 2791 se
763 2743 1139 2808 praecipitaret,
1192 2743 1331 2808 regni
1365 2743 1837 2791 administrationem

153 2822 528 2873 commendavit.
598 2822 644 2871 ls
679 2824 810 2873 iusta
846 2822 1010 2872 funeri
1046 2823 1179 2872 senis
1214 2823 1617 2889 generosissimi,
1660 2823 1744 2885 qui
1778 2822 1838 2870 li-

151 2903 398 2953 berandae
430 2904 557 2952 malo
592 2903 780 2968 patriae
816 2920 989 2953 caussa
1023 2903 1172 2952 morti
1197 2920 1253 2952 se
1284 2904 1481 2964 obtulit,
1515 2902 1840 2969 persolvenda

153 2988 309 3033 curat.
380 2984 536 3032 Adest
581 2984 773 3033 Iocaste
820 2985 1019 3050 regina,
1070 2984 1341 3034 lamentans
1375 2989 1663 3055 sortemque
1698 2999 1838 3032 suam

152 3063 436 3127 deplorans,
470 3064 600 3128 quod
636 3067 843 3115 absente
876 3065 1054 3114 marito
1080 3065 1146 3114 sit
1173 3066 1363 3131 privata
1387 3070 1613 3130 parente,
1647 3068 1838 3128 optanS,

153 3147 208 3192 ut
242 3143 496 3208 Oedipus,
531 3145 726 3208 pridem
762 3146 1105 3206 desideratus,
1142 3151 1448 3208 revertatur,
1483 3146 1567 3210 qui
1600 3144 1841 3195 laboranti

152 3222 374 3288 patriae,
427 3224 557 3273 sicut
589 3227 863 3290 quondam,
898 3242 1009 3276 cum
1047 3223 1280 3290 Sphingis
1317 3227 1523 3276 saevitia
1556 3231 1839 3281 vexaretur,

153 3309 425 3354 succurrat.
494 3304 608 3354 Hoc
652 3299 761 3372 ipso
796 3313 1021 3372 tempore
1061 3304 1301 3356 satellites
1336 3306 1577 3357 Corintho
1611 3305 1840 3364 redeunt,

157 3389 210 3432 et
242 3384 486 3447 producto
521 3385 572 3435 in
604 3387 822 3436 medinm
857 3403 1022 3446 curru,
1058 3387 1140 3450 qui
1174 3386 1421 3451 quondam
1446 3387 1554 3435 Laii
1578 3386 1690 3442 fuit,
1727 3399 1839 3432 cum

156 3465 305 3515 armis
339 3465 582 3531 eiusdem,
618 3460 863 3533 Oedipum
897 3467 948 3516 in
981 3467 1177 3531 itinere,
1212 3467 1343 3532 quod
1365 3467 1540 3518 Laium
1565 3465 1626 3514 ab
1653 3463 1739 3512 illo
1765 3463 1839 3512 in-
