2176 3874
1121 282 1243 338 344

346 431 635 499 tempestive
668 444 820 494 saepe
863 442 1010 479 usum
1054 443 1170 477 esse
1214 426 1501 492 Euripidem
1545 427 1827 491 affirmant,
1871 431 2014 482 inane

347 519 440 564 est.
507 511 681 574 Neque
725 509 852 558 enim
898 508 1206 572 frequentius
1251 513 1333 556 aut
1368 507 1519 572 magis
1554 508 1723 558 alienis
1755 508 1880 558 locis
1911 510 2013 560 hu—

345 594 423 640 ius
455 591 647 654 generis
682 587 963 657 sententia-s,
1000 604 1146 652 quam
1180 588 1412 651 reliquas,
1447 587 1644 653 posuit,
1679 589 1774 638 uisi
1809 589 1853 638 si
1887 605 2015 654 quae

344 671 406 720 ab
441 668 868 734 interpolatoribus
902 669 1132 718 obtrusae
1166 672 1304 727 sunt,
1340 673 1393 716 et
1424 667 1578 716 multa
1612 668 1854 718 eiusmodi
1886 669 2017 718 dicta

344 749 502 815 magis
551 748 835 813 ingenuitati
869 747 1062 796 illorum
1097 753 1396 812 temporum,
1445 763 1587 810 quam
1623 748 1877 813 Euripidis
1910 765 2017 798 ma·

343 828 566 896 lignitati,
600 827 886 878 tribuendae
921 833 1051 886 sunt,
1083 827 1217 875 velut
1247 826 1367 874 illud
1404 822 1471 892 (v.
1507 829 1681 889 945.):

479 906 621 972 εἴπερ
655 907 929 973 γυναικῶν
961 902 1067 956 ἐστι
1099 906 1207 956 τῶν
1239 906 1415 956 ἄλλων
1447 905 1557 971 μία.

481 987 826 1037 Destituerunt
857 994 909 1037 et
943 987 1170 1036 Theseus
1206 987 1454 1036 Ariadnen
1505 993 1555 1036 et
1601 987 1767 1036 Minos
1801 985 2018 1051 Scyllam

350 1071 402 1116 et
432 1066 624 1116 Aeneas
675 1067 945 1127 Didonem,
995 1067 1214 1130 quamvis
1250 1067 1683 1116 vehementissime
1731 1082 1787 1115 se
1835 1067 1896 1114 ab
1938 1065 2019 1115 his

348 1148 501 1197 amari
533 1147 863 1210 intelligerent
896 1153 948 1195 et
982 1147 1168 1208 magnis
1202 1147 1369 1194 affecti
1395 1152 1562 1195 essent
1593 1145 1860 1196 beneficiis.
1895 1145 2020 1194 Ete-

346 1225 446 1275 nim
481 1242 578 1274 non
612 1232 724 1275 sunt
758 1227 1073 1274 suavissimae
1105 1224 1399 1274 feminarum
1434 1242 1540 1286 eae,
1576 1242 1702 1289 quae
1727 1241 1920 1274 amores
1948 1224 2021 1273 vi-

347 1321 517 1354 rorum
569 1306 706 1368 quasi
751 1321 1031 1370 expugnare
1082 1304 1296 1353 student.
1379 1304 1586 1354 Minime
1635 1321 1751 1353 vero
1804 1305 2020 1354 omnium

348 1383 563 1432 Medeae
609 1401 773 1434 mores
818 1385 1052 1433 amabiles
1097 1389 1251 1432 erant.
1320 1385 1429 1446 Quo
1464 1386 1621 1434 minus
1656 1390 1819 1434 autem
1855 1399 2022 1433 amore

349 1463 651 1512 retinebatur
683 1464 841 1523 Iason,
876 1465 971 1513 hoc
1005 1463 1162 1527 magis
1197 1479 1309 1512 eum
1343 1463 1568 1513 utilitatis
1594 1465 1760 1513 studio
1788 1463 1905 1512 duci
1932 1479 2021 1513 ne-

350 1557 493 1591 cesse
526 1547 660 1603 erat3
709 1545 976 1593 accedente
1027 1559 1144 1592 vero
1179 1543 1328 1592 etiam
1364 1543 1592 1608 cupidine
1626 1543 2022 1607 potiundaeivir-

349 1622 478 1685 ginis
511 1623 681 1682 multo,
717 1639 862 1687 quam
898 1615 1079 1672 Medea
1113 1629 1235 1679 erat,
1271 1624 1579 1684 venustioris,
1613 1639 1710 1672 non
1737 1627 1816 1671 est
1841 1622 2024 1671 miran-

349 1700 484 1763 dum,
518 1704 648 1766 quod
683 1702 912 1752 Medeam
948 1705 1185 1752 deseruit.
1252 1702 1456 1751 Praeter
1499 1703 1722 1752 lasonem
1766 1700 2023 1751 Medeam-

350 1797 448 1845 que
493 1782 630 1830 nulla·
671 1782 789 1831 huic
834 1783 1031 1832 fabulae
1077 1799 1288 1848 persona
1337 1782 1468 1831 inest
1510 1782 1789 1847 conspicua.
1871 1781 2025 1830 Chori

349 1875 470 1909 vero
505 1877 707 1911 munera
741 1868 839 1911 tam
876 1870 987 1911 sunt
1019 1864 1215 1926 gravia,
1250 1868 1303 1912 ut
1336 1877 1495 1927 paene
1530 1862 1712 1910 actoris
1748 1863 1854 1910 vice
1885 1861 2027 1926 fungi

349 1940 590 1991 videatur.
669 1942 747 1990 Ad
792 1943 1073 1991 universum
1124 1943 1251 1990 enim
1299 1958 1470 1990 sexum
1516 1941 1815 1997 feminarum
1846 1942 2027 1990 iniuria

350 2025 404 2069 et
438 2022 762 2082 contumelia,
806 2037 901 2084 qua
934 2021 1114 2070 Medea
1146 2022 1387 2079 afficitur,
1435 2022 1687 2083 pertinere
1732 2021 1780 2069 ei
1831 2022 2025 2069 videtur

348 2098 566 2162 ideoque
611 2101 856 2149 communi
901 2116 1052 2164 opera
1099 2106 1271 2148 censet
1316 2099 1644 2147 ulciscendam
1700 2116 1829 2151 esse.
1913 2099 2026 2150 Hoc

351 2183 544 2227 tantum
579 2185 746 2240 curat,
781 2195 843 2228 ne
877 2180 954 2228 vel
989 2195 1108 2227 suae
1141 2180 1217 2227 vel
1252 2179 1519 2226 liberorum
1556 2179 1681 2226 vitae
1714 2181 1810 2228 vim
1844 2179 2025 2229 inferat

351 2255 550 2310 Medea.
631 2259 787 2320 Quam
836 2259 952 2307 dum
1001 2258 1061 2306 ad
1099 2259 1394 2320 colloquium
1440 2259 1578 2307 chori
1625 2264 1796 2307 evocat
1842 2259 2023 2321 nutrix,

353 2340 508 2401 optat,
544 2342 597 2385 ut
631 2340 841 2387 carmina
875 2340 951 2387 vel
986 2339 1344 2386 incantamenta
1376 2338 1572 2385 inventa
1607 2338 1722 2397 sint,
1758 2339 1934 2402 quibus
1964 2338 2024 2387 li-

352 2416 547 2464 bidines
591 2418 843 2466 hominum
890 2419 1035 2468 nimis
1071 2418 1301 2465 incitatae
1334 2426 1597 2480 motusque
1631 2418 1904 2467 animorum
1939 2434 2025 2468 se-

353 2495 459 2543 dari
505 2497 811 2560 mitigarique
857 2498 1049 2562 possint
1085 2499 1162 2562 ²²²):
1215 2513 1340 2560 quae
1388 2498 1633 2545 sententia
1667 2498 1914 2561 aptissime
1948 2499 2026 2547 in-

353 2582 484 2624 serta
519 2583 596 2624 est
630 2579 676 2625 ei
708 2577 923 2636 fabulae,
956 2578 1005 2626 in
1038 2593 1132 2641 qua
1167 2578 1343 2625 amoris
1374 2577 1578 2640 iraeque
1611 2576 1780 2625 surore
1804 2583 1903 2626 tam
1931 2578 2025 2626 im-

352 2671 495 2704 mane
530 2656 692 2705 scelus
728 2657 1007 2721 perficitur,
1059 2664 1290 2722 quantum
1336 2655 1536 2718 reliquis
1583 2656 1731 2703 animi
1762 2658 2023 2720 perturba-

353 2736 569 2785 tionibus
616 2737 791 2800 perfici
836 2738 915 2786 vix
959 2752 1109 2802 posse
1155 2737 1363 2784 videtur.
1448 2735 1555 2783 Nec
1600 2736 1757 2784 minus
1801 2736 2023 2799 reliquae

354 2817 627 2864 sententiae
676 2817 737 2864 ad
789 2817 1101 2880 aperiendam
1134 2822 1314 2881 poetae
1347 2814 1644 2862 voluntatem
1679 2816 2025 2880 docendasque

355 2910 557 2943 caussas
592 2911 758 2944 rerum
793 2897 1000 2946 idoneae
1033 2903 1178 2945 sunt:
1230 2896 1363 2944 velut
1395 2894 1513 2942 illud
1550 2895 1612 2942 ad
1646 2894 1869 2943 Iasonem
1906 2910 2020 2960 spe-

355 2980 494 3023 ctans
529 2975 715 3023 dictum
751 2974 819 3040 (v.
855 2975 976 3041 85),
1011 2993 1065 3025 se
1100 2991 1341 3041 quemque
1376 2974 1547 3038 magis,
1588 2990 1729 3037 quam
1754 2974 2019 3038 proximos,

355 3070 547 3114 amare,
594 3070 740 3116 quem
791 3072 1039 3118 amorem,
1092 3057 1312 3120 quamvis
1346 3054 1506 3119 possit
1540 3069 1649 3101 cum
1684 3054 1869 3102 iustitia
1904 3069 2020 3102 con-

354 3149 551 3197 gruere,
586 3139 748 3183 tamen
783 3151 932 3200 saepe
965 3138 1024 3186 ab
1060 3152 1117 3186 ea
1149 3136 1358 3186 alienum
1394 3148 1534 3193 esse3
1580 3137 1686 3181 tum
1721 3132 1785 3182 de
1816 3133 2022 3201 libidine

413 3383 465 3439 *Ἴ
493 3382 718 3426 Laudavit
745 3383 865 3426 hanc
883 3385 1143 3428 sententiam
1156 3385 1420 3430 Plutarchus
1437 3383 1483 3428 in
1504 3382 1618 3428 coni.
1633 3393 1784 3439 praec.
1796 3396 1842 3438 p.
1856 3378 1953 3424 143.
1969 3380 2018 3423 G.

493 3458 536 3497 et
563 3454 608 3497 in
636 3455 793 3512 Symp.
821 3455 915 3507 vll,
941 3454 983 3498 7.
1013 3470 1057 3511 p.
1088 3455 1185 3499 710.
1217 3456 1268 3498 E.
