2144 3854
954 261 1075 319 223

171 414 333 465 minus
382 428 494 462 rara
527 415 698 461 essent
730 409 944 459 virorum
976 408 1173 457 feminis
1206 406 1565 472 praestantium
1598 408 1857 473 exempla-

171 495 247 544 ria
272 492 345 560 '‘).
414 493 516 542 Sed
549 492 773 557 plerique
806 489 928 538 nihil
952 488 1164 553 probare
1185 493 1561 551 consueverunt,
1595 488 1692 538 nisi
1725 489 1857 554 quod

172 574 511 625 effeminatum
548 576 643 632 est,
678 570 936 620 mollitiem
971 568 1119 616 animi
1152 569 1510 617 humanitatem
1534 586 1647 619 esse
1671 571 1858 620 ducunt

172 654 506 717 damnantque
537 652 888 716 ingenuitatem
923 665 1125 697 vacuam
1159 649 1220 696 ab
1257 647 1592 700 affectatione.

305 733 518 799 Dignum
569 730 788 780 Hercule
831 729 1041 776 amicum
1101 745 1158 777 se
1204 733 1427 793 praestat
1482 729 1725 779 Admetus
1779 747 1861 793 eo,

170 814 322 879 quod,
358 813 646 879 gravissimo
678 811 814 859 luctu
848 809 1087 866 affectuS,
1122 824 1274 857 sensu
1309 809 1493 857 doloris
1529 825 1625 858 non
1660 815 1859 875 pertur-

171 897 335 953 batur,
371 908 532 957 neque
564 890 768 956 proprio
802 888 1114 939 incommodo
1142 889 1211 938 sic
1237 895 1523 955 occupatur,
1559 894 1614 939 ut
1639 891 1861 941 officium

171 975 416 1025 amicitiae
448 973 684 1037 negligat.
755 970 852 1032 Qui
899 970 1047 1019 alieni
1099 970 1347 1018 commodi
1383 985 1556 1018 caussa
1590 971 1663 1019 sic
1695 972 1860 1021 animo

171 1056 434 1120 imperare,
469 1053 669 1102 vincere
703 1051 1190 1100 vehementissimum
1225 1050 1467 1108 dolorem,
1503 1050 1691 1100 luctum
1719 1068 1860 1101 acer-

170 1135 429 1186 bissimum
465 1132 778 1182 dissimulare
813 1137 1011 1197 potest,
1065 1132 1192 1180 adeo
1239 1137 1325 1190 ut,
1381 1132 1568 1181 recenti
1600 1133 1861 1197 perculsus

171 1214 480 1276 calamitate,
527 1229 591 1262 ne
635 1213 752 1276 quid
799 1229 861 1261 ex
906 1212 1079 1262 dolore
1114 1226 1206 1262 suo
1239 1212 1539 1261 incommodi
1569 1213 1619 1261 in
1652 1213 1861 1274 amicum

170 1289 446 1356 redundet}
497 1294 854 1344 humanissime
899 1298 1090 1354 caveat,
1149 1309 1262 1342 eum
1297 1293 1507 1342 duritiae
1539 1294 1684 1341 animi
1716 1309 1864 1343 accu-

174 1392 315 1436 sare,
363 1393 478 1425 eum
523 1375 690 1424 dicere
737 1373 818 1423 vel
865 1374 1058 1440 proprii
1105 1373 1352 1423 commodi
1399 1373 1564 1422 studio
1604 1373 1684 1423 vel
1734 1375 1866 1425 vitae

172 1472 343 1506 amore
387 1457 470 1506 vel
517 1462 654 1505 metu
705 1456 879 1504 mortis
914 1456 1183 1504 adductum
1218 1470 1357 1503 suam
1393 1454 1543 1503 vitam
1577 1454 1707 1504 vitae
1740 1471 1865 1505 uxo-

173 1538 246 1587 ris
294 1538 645 1602 praeposuisse
707 1552 864 1601 paene
898 1535 1042 1584 nefas
1077 1539 1169 1584 est.
1236 1535 1397 1584 Nemo
1429 1551 1644 1599 unquam
1676 1535 1866 1586 amicus

173 1633 269 1683 pro
312 1618 473 1666 amico
522 1617 622 1665 ullo
667 1617 746 1665 vel
779 1616 959 1665 coniux
992 1632 1082 1681 pro
1117 1615 1327 1678 coniuge
1359 1615 1672 1665 incommoda
1703 1632 1761 1665 ac
1796 1617 1867 1666 la-

175 1698 323 1747 bores
358 1703 538 1761 sponte
571 1697 790 1762 suscepit
820 1698 916 1746 nisi
950 1713 1042 1756 eo,
1088 1713 1235 1761 quem
1270 1697 1562 1759 honestum,
1609 1697 1866 1746 liberalem

175 1783 231 1828 et
261 1794 558 1842 generosum
594 1793 707 1826 esse
742 1777 1004 1836 crederet,
1050 1782 1105 1826 ut
1148 1782 1348 1841 posset,
1401 1777 1444 1825 si
1478 1777 1697 1826 venisset
1731 1793 1866 1840 usust,

175 1873 322 1909 suum
356 1858 671 1907 commodum
707 1858 852 1906 amici
887 1857 1150 1906 commodo
1199 1864 1530 1923 postponere3
1578 1873 1741 1921 neque
1783 1858 1868 1908 Al-

175 1939 327 1988 cestis
359 1953 451 2002 pro
484 1938 698 1987 Admeto
733 1943 948 1987 mortem
985 1939 1190 1997 obisset,
1229 1939 1327 1987 nisi
1364 1939 1468 1987 eius
1503 1939 1653 1988 animi
1681 1940 1868 2004 magni-

173 2018 399 2069 tudInem
441 2019 502 2066 ad
551 2019 746 2082 quidvis
782 2035 872 2082 pro
907 2020 1082 2068 amicis
1117 2019 1330 2068 honeste
1362 2019 1647 2084 patiendum
1681 2019 1868 2068 facien-

173 2099 393 2163 dumque
426 2106 649 2164 paratam
685 2115 799 2148 esse
834 2100 1148 2165 cognovisset
1181 2100 1496 2164 dignamque,
1532 2116 1624 2165 pro
1660 2116 1756 2163 qua
1794 2101 1869 2150 in-

173 2181 332 2229 vicem
368 2180 559 2244 quidvis
594 2186 882 2246 paterentur
912 2180 1236 2245 facerentque
1270 2180 1432 2228 amici.
1482 2181 1643 2229 Huius
1670 2197 1870 2246 magna-

175 2261 410 2309 nimitatis
444 2261 780 2309 testimonium
814 2265 871 2309 ut
905 2267 1142 2318 exstaret,
1178 2260 1453 2324 prudenter
1486 2262 1674 2310 curavit
1704 2267 1870 2327 poeta,

178 2356 331 2404 quum
364 2340 671 2390 dissimulato
707 2342 843 2389 luctu
877 2341 1116 2402 amicum,
1153 2342 1468 2405 ambiguitate
1502 2342 1744 2392 dictorum
1781 2343 1871 2392 de-

180 2427 407 2485 ceptum,
460 2422 511 2469 in
545 2421 820 2485 hospitium
855 2422 914 2470 ab
949 2421 1164 2470 Admeto
1198 2423 1353 2486 recipi
1390 2421 1580 2471 fecerit.
1649 2424 1774 2473 Eam
1809 2424 1872 2472 li-

179 2501 491 2551 beralitatem
527 2516 676 2564 supra
708 2501 958 2565 vulgarem
994 2501 1252 2551 hominum
1287 2507 1484 2567 captum
1513 2505 1871 2567 magnanimam

180 2581 272 2644 (cf.
307 2597 352 2629 v.
387 2580 528 2645 565.)
564 2581 755 2630 meritis
789 2580 1017 2629 laudibus
1050 2583 1367 2645 prosequitur
1402 2582 1614 2643 choruS,
1671 2587 1873 2635 uberta-

179 2667 284 2712 tem
316 2677 548 2726 agrorum
583 2665 636 2710 et
667 2661 1024 2709 fecunditatem
1058 2678 1264 2727 gregum
1301 2668 1352 2712 et
1384 2664 1624 2726 insignem
1662 2665 1872 2728 opulen-

179 2742 299 2792 tiam
346 2742 465 2791 inde
509 2748 671 2790 natam
720 2757 833 2790 esse
867 2742 1149 2793 ostendens.
1219 2742 1414 2792 Motum
1451 2744 1583 2792 enim
1617 2745 1711 2793 hac
1744 2745 1872 2795 libe-

178 2823 378 2873 ralitate
411 2823 691 2886 Apollinem
726 2823 926 2872 Admeti
960 2822 1158 2870 domum
1192 2823 1416 2874 habitare
1450 2824 1705 2891 dignatum
1741 2842 1872 2890 esse,

181 2919 280 2969 quo
318 2919 496 2970 greges
533 2904 844 2952 custodiente
874 2903 1005 2952 inter
1033 2903 1316 2953 dulcissima
1346 2905 1562 2955 carmina
1602 2908 1873 2971 pastoralia

182 2989 379 3033 auctum
428 3000 541 3034 esse
584 2984 762 3033 mirum
812 2985 860 3033 in
907 2983 1106 3032 modum
1152 3001 1390 3050 pecorum
1439 2987 1876 3053 iumentorumque

184 3081 441 3114 numerum
463 3101 476 3123 ,
512 3081 739 3114 arvorum
773 3070 940 3114 autem
977 3064 1135 3128 spatia
1169 3072 1402 3130 porrecta
1437 3084 1551 3117 esse
1584 3068 1648 3117 ad
1681 3069 1874 3119 Molos-

243 3262 295 3317 *)
322 3262 450 3305 Idem
483 3263 538 3307 de
574 3264 742 3306 Valerii
764 3264 830 3306 M.
857 3265 939 3317 lv,
962 3265 1015 3318 6,
1035 3264 1077 3307 1.
1116 3264 1284 3308 iudicio
1321 3266 1558 3310 dicendum
1596 3268 1693 3311 erit.
1767 3269 1870 3312 Tib.

328 3333 445 3376 enim
466 3334 738 3389 Gracchum,
768 3336 841 3390 qui
862 3337 1101 3393 coniugem
1130 3350 1265 3391 quam
1283 3351 1331 3380 se
1349 3340 1632 3393 superstitem
1654 3353 1751 3383 esse
1770 3354 1873 3383 ma-

326 3404 473 3457 luerit,
506 3408 647 3447 multo
676 3407 913 3448 Admetum
942 3407 1243 3463 generositate
1272 3410 1537 3452 antecedere
1558 3414 1696 3465 putat.
1755 3411 1873 3469 Quid

307 3473 513 3517 autem?
541 3476 658 3519 Num
686 3477 763 3521 ille
791 3477 981 3521 invitam
1010 3479 1216 3523 occidere
1244 3494 1433 3523 uxorem
1463 3480 1640 3536 potuit?
