2144 3854
1118 266 1241 322 296

470 417 607 468 Idem
639 415 998 481 argumentum,
1031 411 1123 462 sed
1157 411 1346 461 ratione
1378 409 1523 476 plane
1553 409 1770 478 dispari,
1816 412 2012 479 Sopho·

345 497 448 546 cles
482 499 823 554 exornaverat3
866 492 980 541 vide
1011 491 1202 541 Welck.
1237 489 1299 540 T.
1335 490 1372 539 Ι.
1406 507 1456 555 p.
1491 492 1590 540 205
1624 507 1764 556 seqq.
1830 491 2014 543 Finxe-

342 583 421 625 rat
454 576 582 624 enim
619 590 822 634 senem,
857 588 886 621 a
919 572 1020 622 suis
1055 572 1170 621 filiis
1203 586 1355 635 regno
1388 570 1614 634 pulsum,
1649 572 1775 620 duce
1806 572 2016 622 muliere

341 655 549 718 quadam
583 659 856 710 errantem,
902 651 953 700 in
995 651 1175 700 Phthia
1209 650 1341 699 forte
1376 667 1403 699 a
1438 650 1763 715 Neoptolemo
1808 651 2015 701 inveniri

340 733 734 797 vindicatumque
782 733 845 781 de
889 730 986 779 vita
1038 731 1299 780 decedere.
1366 731 1525 779 Huius
1561 731 1732 780 drama
1763 747 1791 780 a
1826 730 2017 780 scholi-

337 818 445 861 asta
476 812 726 862 Troadum
762 812 824 860 ad
857 827 900 868 y.
935 813 1079 860 1118.
1113 811 1375 875 respicitur
1418 811 1558 859 hisce
1602 811 1796 860 verbis:
1839 808 1871 862 ὁ
1917 808 2016 876 μὲν

337 889 635 958 Εὐριπίδης
664 889 769 942 ὑπὸ
798 884 1053 941 Ἀκάστου
1088 887 1251 955 φησὶν
1285 887 1651 957 ἐκβεβλῆσθαι·
1669 886 1764 941 τὸν
1800 887 2012 956 Πηλέα*

335 968 465 1021 εἰσὶ
498 969 567 1022 δὲ
602 969 671 1023 οἵ
699 982 906 1035 φασιν
936 970 1040 1021 ὑπὸ
1075 971 1182 1020 τῶν
1213 969 1312 1022 δύο
1347 969 1515 1021 αὐτοῦ
1542 968 1766 1032 παίδων,
1795 965 2010 1038 Ἀρχάν-

335 1050 474 1116 δρου
500 1049 590 1103 καὶ
616 1047 951 1118 Ἀρχιτέλους,
983 1049 1114 1102 κατὰ
1138 1049 1232 1102 τὸν
1256 1050 1458 1116 καιρόν,
1493 1051 1557 1102 ὃν
1588 1047 1804 1116 ἔμελλον
1820 1045 2010 1119 Ἕλλη-

307 1147 420 1192 ννες
465 1129 518 1194 ἐξ
558 1126 715 1183 Ἰλίου
763 1130 1058 1189 ἐπανιέναι,
1109 1129 1445 1198 ἐξεληλάσθαι
1466 1169 1479 1191 ,
1531 1130 1621 1184 καὶ
1666 1130 1894 1184 ἐλθόντα
1936 1131 2010 1194 εἰς

331 1210 628 1276 ἀπάντησιν
671 1217 745 1278 τῷ
790 1208 1143 1279 Νεοπτολέμῳ
1189 1215 1496 1276 προςελθεῖν
1540 1211 1629 1264 διὰ
1677 1214 1909 1280 χειμῶνα
1942 1218 2009 1281 τῇ

333 1293 431 1358 Κῷ
462 1292 607 1359 νήσῳ
626 1331 641 1354 ,
673 1290 759 1344 καὶ
796 1292 1099 1355 ξενισθέντα
1131 1291 1237 1344 ὑπὸ
1274 1293 1538 1354 Μόλωνός
1569 1310 1714 1354 τινος
1746 1287 2010 1359 ’Ἄβαντος

331 1369 442 1424 ἐκεῖ
470 1372 867 1424 καταλύσασθαι
899 1372 994 1425 τὸν
1027 1372 1164 1439 βίον.
1232 1375 1358 1423 Uter
1383 1381 1636 1440 poetarum
1663 1375 1872 1424 alterum
1897 1376 2007 1424 imi-

330 1459 465 1502 tatus
500 1457 597 1516 sit,
631 1471 727 1503 non
762 1456 931 1519 liquet.
998 1455 1235 1516 Augiam,
1271 1455 1509 1518 cyclicum
1545 1460 1775 1520 poetam,
1807 1455 2009 1520 utrique

329 1534 583 1583 materiam
629 1535 918 1599 praebuisse
967 1550 1028 1583 ex
1077 1534 1241 1582 Procli
1285 1535 1529 1599 excerptis
1565 1533 1884 1596 intelligitur;
1940 1534 2006 1586 cf.

326 1612 598 1662 Dederichi
642 1621 804 1663 notam
857 1615 917 1663 ad
965 1614 1092 1663 Dict.
1130 1613 1227 1672 Vl,
1263 1617 1309 1662 ⁸1.
1347 1630 1394 1678 p.
1430 1615 1543 1662 493.
1612 1612 1862 1678 Euripidis
1899 1614 2007 1664 sine

326 1690 477 1741 dubio
499 1694 667 1742 drama
701 1695 922 1758 respexit
942 1694 1178 1743 Horatius
1200 1694 1420 1742 versibus
1444 1693 1543 1741 illis
1571 1693 1683 1754 (art.
1704 1698 1839 1758 poet.
1866 1693 2004 1758 97.):

458 1772 573 1833 „Et
607 1776 839 1839 tragicus
867 1775 1172 1841 plerumque
1206 1772 1346 1822 dolet
1378 1789 1609 1822 sermone
1635 1772 1874 1839 pedestri

465 1851 719 1918 Telephus
744 1861 797 1903 et
823 1854 1023 1915 Peleus,
1049 1869 1465 1919 cumpauper
1500 1860 1564 1902 et
1599 1852 1795 1902 exsul
1828 1859 2003 1904 uter-

1158 1950 1276 2001 qve

456 2013 671 2063 Proiicit
710 2016 965 2082 ampullas
1000 2020 1053 2063 et
1085 2013 1468 2080 sesquipedalia
1500 2013 1709 2064 verba.'’

321 2091 592 2157 Utriusque
618 2097 796 2159 poetae
824 2110 976 2160 opera
1001 2093 1168 2142 dicere
1187 2094 1378 2161 videtur
1402 2093 1693 2141 Aristoteles
1707 2091 1846 2142 Poet.
1862 2108 1905 2143 c.
1917 2095 1999 2155 18,

320 2172 370 2219 2.
391 2187 481 2236 pro
506 2172 781 2221 moralis
805 2173 1090 2237 tragoediae
1114 2172 1351 2237 exemplis
1369 2171 1682 2221 Phthiotides
1714 2177 1766 2220 et
1793 2171 1999 2222 Peleum

319 2251 572 2299 nominans
598 2249 676 2312 *):
711 2266 822 2299 nam
857 2251 1167 2302 Phthiotidas
1203 2252 1407 2301 chorum
1454 2251 1720 2316 Sophoclei
1764 2251 1999 2301 dramatis

318 2328 476 2378 fuisse
519 2329 689 2380 docuit
735 2331 1041 2383 Welckerus,
1122 2331 1388 2396 Euripides
1437 2331 1499 2380 ad
1553 2346 1694 2380 suum
1728 2331 1839 2397 ipse
1872 2345 1997 2396 opus

319 2410 523 2473 respicit
555 2410 605 2458 in
640 2410 824 2459 Troad.
859 2427 905 2458 v.
943 2414 1103 2460 1118:

448 2487 608 2548 αὐτὸς
641 2488 688 2540 δ’
721 2489 946 2558 άνῆκται
982 2490 1252 2557 δεσπότης,
1287 2490 1455 2551 κακάς
1485 2507 1634 2552 τινας

452 2568 671 2635 Πηλέως
704 2569 939 2632 άκούσας
974 2570 1274 2636 συμφοράς,
1310 2568 1382 2632 ὣς
1414 2588 1502 2622 νιν
1534 2569 1734 2637 χθονὸς

441 2641 703 2711 ’Ἀκαστος
736 2649 1050 2718 ἐκβέβληκεν
1085 2651 1115 2704 ὁ
1149 2651 1348 2703 Πελίου
1383 2652 1558 2718 γόνος.

314 2728 580 2794 Sepiadum
615 2732 901 2798 speluncam
955 2734 1160 2797 Thetidi
1210 2738 1544 2798 consecratam
1592 2733 1748 2780 fuisse
1796 2734 1848 2780 et
1891 2729 1990 2779 Pe-

310 2808 462 2870 leum,
498 2827 611 2859 cum
646 2813 714 2860 ibi
751 2819 1148 2873 commoraretur,
1183 2813 1328 2862 huius
1364 2813 1486 2862 deae
1512 2812 1753 2861 beneficio
1786 2810 1836 2859 in
1869 2810 1988 2859 bea-

311 2891 477 2938 torum
511 2890 693 2940 insulas
728 2893 842 2942 inde
875 2893 1217 2943 transductum
1251 2910 1364 2943 esse
1398 2893 1567 2957 vulgus
1619 2890 1883 2950 credebat.¹
1934 2888 1987 2937 id

310 2967 442 3030 quod
477 2984 538 3016 ex
573 2970 826 3036 Euripidis
862 2974 1024 3021 verbis
1059 2974 1364 3039 intelligitur,
1400 2989 1527 3037 quae
1561 2970 1682 3022 fecit
1714 2970 1764 3019 in
1789 2968 1986 3020 Andro-

309 3046 486 3095 macha
518 3048 786 3101 Thetidem
821 3054 1098 3102 dicentem:

439 3122 612 3177 έλθὼν
645 3131 871 3192 παλαιᾶς
903 3130 1154 3198 χοιράδος
1186 3133 1369 3184 κοῖλον
1398 3130 1572 3199 μυχὸν

361 3344 414 3400 ³⁴<)
442 3343 500 3390 ‘H
522 3344 573 3390 δὲ
603 3345 764 3406 ἠθική,
796 3350 896 3396 οἷον
930 3349 1188 3404 Φθιώτιδες
1214 3352 1293 3397 καὶ
1320 3349 1353 3396 ὁ,
1378 3348 1570 3407 Πηλεύς.
