2144 3854
938 281 1061 339 329

164 436 292 482 seut.
358 428 481 480 Nam
515 427 665 479 etiam
699 443 794 477 non
827 428 1042 493 receptis
1077 425 1369 491 Corcyraeis
1402 424 1585 474 bellum
1608 423 1700 473 sibi
1718 439 1828 474 cum

163 511 536 576 Peloponnesiis
579 509 690 558 fore
736 509 1105 573 intelligebant,
1186 523 1278 556 nec
1331 505 1599 570 Corcyram
1655 503 1829 554 Corin-

164 591 286 640 thiis
320 591 630 640 committere
663 589 891 637 volebant
922 592 1109 635 tantum
1144 587 1334 636 navium
1380 586 1645 634 habentem
1696 584 1831 650 (plu-

165 672 341 719 rimum
378 671 506 719 enim
542 686 601 718 eo
634 675 858 733 tempore
891 667 1155 716 civitatium
1182 666 1483 714 Graecarum
1510 667 1707 714 navibus
1725 664 1833 729 poi-

166 750 333 799 lebaut
365 751 709 808 Athenienses,
745 747 987 795 Corinthii
1020 752 1166 809 atque
1195 743 1513 808 Corcyraei);
1550 745 1834 794 Corinthios

166 837 330 879 autem
367 830 767 893 Corcyraeosque
815 827 996 875 beilum
1047 825 1175 873 inter
1210 840 1265 873 se
1300 831 1526 889 gerentes
1560 825 1689 873 vires
1723 840 1836 874 suas

166 909 373 958 invicem
404 914 622 958 atterere
656 907 779 956 utile
803 907 924 972 ipsis
944 905 1227 964 videbatur3
1262 903 1408 951 simul
1439 910 1714 967 opportune
1744 903 1837 953 sibi

166 989 372 1038 insulam
409 988 671 1052 Corcyram
708 987 850 1035 sitam
888 1002 1000 1035 esse
1033 985 1397 1034 arbitrabantur
1424 983 1473 1031 in
1502 983 1715 1032 Siciliam
1743 983 1838 1032 lta-

167 1068 379 1133 liamque
412 1067 766 1132 navigantibus.
833 1065 1005 1130 Itaque
1039 1065 1246 1114 foedere
1279 1063 1436 1120 facto,
1485 1063 1658 1112 decem
1693 1079 1839 1112 naves

168 1149 348 1198 auxilio
381 1147 667 1211 Corcyraeis
702 1146 973 1203 mittentes,
1010 1146 1213 1194 ducibus
1231 1148 1606 1209 praeceperunt,
1642 1159 1704 1192 ne
1728 1159 1840 1193 cum

169 1227 437 1277 Corinthiis
472 1230 773 1292 pugnarent,
807 1227 899 1275 nisi
933 1225 1168 1274 adversus
1204 1224 1469 1287 Corcyram
1505 1223 1841 1289 navigantibus

166 1307 218 1357 in
249 1314 530 1372 terramque
565 1306 870 1356 descendere
902 1305 1215 1364 volentibuS‚
1250 1304 1348 1353 hoc
1381 1319 1498 1353 vero
1532 1318 1625 1368 pro
1659 1302 1842 1352 viribus

166 1388 436 1453 prohibere
473 1389 755 1448 iusserunt,
803 1386 1166 1450 diligenter
1210 1390 1552 1441 caventeS‚
1595 1399 1671 1432 ne
1704 1382 1842 1432 foe-

169 1469 335 1517 dera
381 1473 862 1532 rumperentur.
946 1466 1112 1528 Quare
1160 1481 1271 1514 cum
1322 1465 1563 1531 proelium
1595 1479 1623 1511 a
1657 1463 1843 1527 Corcy-

167 1548 297 1598 raeis
326 1547 694 1610 Corinthiisque
725 1547 1014 1595 acerrimum
1043 1547 1448 1605 committeretur,
1473 1543 1844 1593 Atheniensium

169 1642 319 1676 nares
355 1628 528 1687 sociis,
584 1627 742 1675 sicubi
790 1631 1168 1692 premerentur,
1217 1633 1413 1690 praesto
1457 1630 1625 1683 erant,
1658 1628 1845 1672 metum

170 1707 369 1771 quidem
414 1707 708 1756 incutientes
755 1707 1007 1768 hostibus,
1063 1722 1271 1772 pugnam
1325 1711 1489 1755 tamen
1538 1719 1846 1768 nequaquam

170 1786 556 1836 committentes,
625 1787 952 1836 Nihilominus
997 1793 1246 1851 postremo
1287 1785 1432 1834 victis
1477 1784 1848 1850 profligatisque

172 1858 466 1930 Corcyraeis
504 1883 564 1915 eo
599 1868 911 1916 necessitatis
944 1873 1140 1916 ventum
1177 1870 1270 1924 est,
1306 1871 1360 1914 ut
1392 1881 1587 1914 manum
1622 1880 1732 1913 cum
1750 1863 1848 1913 Co·-

169 1947 365 1997 rinthiis
411 1947 736 1996 Athenienses
786 1953 1119 1995 consererent.
1187 1946 1348 2007 Quum
1383 1946 1477 1993 iam
1514 1960 1678 1994 serum
1713 1948 1850 1993 esset

169 2027 299 2086 diei,
337 2025 579 2075 Corinthii
611 2043 797 2092 paeana
832 2043 1008 2075 canere
1033 2027 1163 2083 orsi,
1199 2030 1429 2089 tanquam
1466 2026 1619 2073 victos
1653 2024 1850 2073 insecu-

169 2106 294 2167 turi,
336 2111 543 2171 repente
579 2111 943 2171 conspexerunt
976 2106 1148 2170 viginti
1181 2121 1328 2154 naves
1363 2105 1731 2153 Atheniensium
1767 2120 1849 2153 ve·

169 2185 375 2246 nientes,
412 2202 532 2249 quas
569 2186 603 2234 ii
638 2192 750 2251 post
784 2186 955 2235 decem
990 2187 1184 2251 priores
1218 2184 1436 2234 subsidio
1470 2185 1722 2244 miserant,
1757 2200 1850 2234 ve-

169 2266 257 2316 riti
289 2266 339 2314 id
375 2266 504 2329 quod
540 2266 805 2326 acciderat,
840 2282 904 2315 ne
939 2266 1207 2331 Corcyraei
1239 2271 1590 2330 superarentur
1615 2280 1738 2314 neve
1757 2264 1851 2315 de-

172 2362 280 2396 cem
315 2361 465 2394 naves
501 2362 620 2395 suae
653 2347 910 2410 pauciores
946 2352 1130 2405 essent,
1166 2362 1309 2409 quam
1342 2350 1398 2393 ut
1432 2361 1518 2394 eos
1555 2349 1848 2395 tutarentur.

174 2424 362 2488 Quibus
411 2413 726 2490 prospectis,
772 2442 935 2474 remos
982 2425 1298 2474 inhibuerunt
1341 2430 1577 2489 retroque
1608 2426 1850 2478 abierunt.

173 2505 270 2554 His
318 2505 390 2553 ita
439 2504 593 2569 gestis
645 2510 697 2554 et
745 2510 954 2569 utroque
1004 2505 1222 2553 exercitu
1256 2504 1506 2553 victoriam
1552 2505 1648 2554 sibi
1692 2506 1851 2555 vindi-

174 2589 341 2642 cante,
377 2583 619 2633 Corinthii
664 2585 1044 2634 Atheniensibus
1080 2583 1465 2648 exprobrarunt,
1515 2584 1645 2648 quod
1680 2591 1852 2636 contra

175 2681 232 2715 se
264 2664 377 2713 latis
413 2664 559 2712 armis
592 2669 835 2728 ruptoque
868 2664 1078 2712 foedere
1113 2663 1224 2721 sibi,
1260 2663 1517 2726 quominus
1539 2664 1708 2713 hostes
1733 2681 1851 2716 suos

174 2745 547 2802 ulciscerentur,
581 2743 937 2807 impedimento
973 2742 1198 2792 fuissent.
1271 2743 1461 2792 Deinde
1496 2743 1659 2792 odium
1694 2745 1852 2795 Athe-

173 2825 413 2874 niensium
451 2839 571 2889 prae
605 2840 660 2872 se
694 2823 946 2881 ferenteS,
994 2823 1235 2872 societate
1279 2824 1398 2873 inita
1443 2839 1552 2872 cum
1599 2823 1852 2888 Perdicca,

173 2903 505 2955 Macedonum
539 2920 688 2970 rege,
734 2903 1112 2964 Potidaeenses,
1148 2904 1365 2969 ipsorum
1401 2903 1597 2968 quidem
1634 2905 1851 2968 coionoS,

175 2984 266 3033 sed
293 2983 665 3033 Atheniensium
690 2985 867 3045 socioS,
897 2983 957 3032 ad
988 2983 1319 3032 defectionem
1341 2985 1694 3050 perduxerunt,
1729 3002 1851 3050 quo-

175 3079 285 3113 rum
319 3063 597 3128 exemplum
644 3063 770 3112 aliae
804 3062 1084 3128 complures
1117 3062 1359 3113 Thraciae
1393 3064 1617 3114 civitates
1652 3071 1852 3117 secutae

176 3147 305 3192 sunt.
350 3141 496 3204 Tum,
515 3143 920 3193 Potidaeensibus
944 3144 1037 3207 ipsi
1058 3144 1238 3193 auxilio
1259 3145 1527 3205 venientes,
1552 3161 1664 3194 cum
1695 3146 1851 3195 Athe-

175 3222 425 3272 niensibus
460 3239 654 3272 manum
689 3229 1044 3273 conseruerunt
1075 3225 1286 3289 victique
1321 3230 1449 3274 sunt.
1517 3227 1714 3290 „Atque
1755 3226 1852 3276 hae

177 3302 411 3352 suberant
443 3303 684 3352 irascendi
716 3308 889 3353 mutuo
926 3320 1129 3354 caussae
1164 3305 1543 3355 Atheniensibus
1578 3311 1726 3370 atque
1753 3306 1850 3355 Pe-

175 3380 502 3446 loponnesiis:
553 3383 817 3432 Corinthiis
861 3385 1089 3448 quidem,
1131 3386 1262 3449 quod
1279 3385 1590 3446 Potidaeam,
1631 3385 1850 3448 ipsorum

180 3460 438 3526 coloniam,
472 3461 859 3530 Corinthiosque
894 3465 1118 3516 virosae
1148 3463 1555 3531 Peloponnesios,
1589 3464 1676 3528 qui
1710 3465 1759 3517 in
1791 3480 1851 3516 ea
