<?xml version="1.0" encoding="UTF-8"?>
<!DOCTYPE html PUBLIC "-//W3C//DTD XHTML 1.0 Transitional//EN"
    "http://www.w3.org/TR/xhtml1/DTD/xhtml1-transitional.dtd">
<html xmlns="http://www.w3.org/1999/xhtml" xml:lang="en" lang="en">
 <head>
  <title>
</title>
<meta http-equiv="Content-Type" content="text/html;charset=utf-8" />
  <meta name='ocr-system' content='tesseract 3.04.00' />
  <meta name='ocr-capabilities' content='ocr_page ocr_carea ocr_par ocr_line ocrx_word'/>
</head>
<body>
  <div class='ocr_page' id='page_1' title='image "./euripidesrestitu01hartuoft_0371.png"; bbox 0 0 2176 3874; ppageno 0'>
   <div class='ocr_carea' id='block_1_1' title="bbox 966 272 1090 332">
    <p class='ocr_par' dir='ltr' id='par_1_1' title="bbox 966 272 1090 332">
     <span class='ocr_line' id='line_1_1' title="bbox 966 272 1090 332; baseline 0 0"><span class='ocrx_word' id='word_1_1' title='bbox 966 272 1090 332; x_wconf 77' lang='lat'><strong>353</strong></span> 
     </span>
    </p>
   </div>
   <div class='ocr_carea' id='block_1_2' title="bbox 170 420 1923 1852">
    <p class='ocr_par' dir='ltr' id='par_1_2' title="bbox 170 420 1923 1852">
     <span class='ocr_line' id='line_1_2' title="bbox 186 420 1869 490; baseline 0.002 -18"><span class='ocrx_word' id='word_1_2' title='bbox 186 420 445 472; x_wconf 85' lang='lat' dir='ltr'><strong>advenisse</strong></span> <span class='ocrx_word' id='word_1_3' title='bbox 471 421 778 489; x_wconf 87' lang='lat' dir='ltr'><strong>intelligitur.</strong></span> <span class='ocrx_word' id='word_1_4' title='bbox 815 421 1198 488; x_wconf 83' lang='lat' dir='ltr'><strong>Conspexerunt</strong></span> <span class='ocrx_word' id='word_1_5' title='bbox 1216 422 1324 473; x_wconf 89' lang='lat' dir='ltr'><strong>sine</strong></span> <span class='ocrx_word' id='word_1_6' title='bbox 1357 422 1510 473; x_wconf 89' lang='lat' dir='ltr'><strong>dubio</strong></span> <span class='ocrx_word' id='word_1_7' title='bbox 1529 421 1720 490; x_wconf 72' lang='lat' dir='ltr'><strong>legatos</strong></span> <span class='ocrx_word' id='word_1_8' title='bbox 1739 422 1869 476; x_wconf 85' lang='lat' dir='ltr'><strong>Tro·</strong></span> 
     </span>
     <span class='ocr_line' id='line_1_3' title="bbox 179 501 1871 570; baseline 0.004 -20"><span class='ocrx_word' id='word_1_9' title='bbox 179 501 405 552; x_wconf 87' lang='lat' dir='ltr'><strong>ianorum</strong></span> <span class='ocrx_word' id='word_1_10' title='bbox 438 518 468 551; x_wconf 92' lang='lat' dir='ltr'><strong>e</strong></span> <span class='ocrx_word' id='word_1_11' title='bbox 500 503 610 553; x_wconf 87' lang='lat' dir='ltr'><strong>navi</strong></span> <span class='ocrx_word' id='word_1_12' title='bbox 644 503 977 570; x_wconf 77' lang='lat' dir='ltr'><strong>egredientes,</strong></span> <span class='ocrx_word' id='word_1_13' title='bbox 1011 518 1135 566; x_wconf 84' lang='lat' dir='ltr'><strong>quos</strong></span> <span class='ocrx_word' id='word_1_14' title='bbox 1170 519 1321 568; x_wconf 87' lang='lat' dir='ltr'><strong>quum</strong></span> <span class='ocrx_word' id='word_1_15' title='bbox 1356 502 1663 556; x_wconf 77' lang='lat' dir='ltr'><strong>Philoctetae</strong></span> <span class='ocrx_word' id='word_1_16' title='bbox 1696 522 1871 557; x_wconf 85' lang='lat' dir='ltr'><strong>caussa</strong></span> 
     </span>
     <span class='ocr_line' id='line_1_4' title="bbox 179 582 1870 648; baseline 0.005 -18"><span class='ocrx_word' id='word_1_17' title='bbox 179 582 376 632; x_wconf 83' lang='lat' dir='ltr'><strong>venisse</strong></span> <span class='ocrx_word' id='word_1_18' title='bbox 410 583 782 648; x_wconf 85' lang='lat' dir='ltr'><strong>suspicarentur</strong></span> <span class='ocrx_word' id='word_1_19' title='bbox 795 620 811 644; x_wconf 80' lang='lat'><strong>‚</strong></span> <span class='ocrx_word' id='word_1_20' title='bbox 854 588 1095 632; x_wconf 86' lang='lat' dir='ltr'><strong>venerunt</strong></span> <span class='ocrx_word' id='word_1_21' title='bbox 1130 584 1195 633; x_wconf 93' lang='lat' dir='ltr'><strong>de</strong></span> <span class='ocrx_word' id='word_1_22' title='bbox 1228 584 1324 633; x_wconf 87' lang='lat' dir='ltr'><strong>hac</strong></span> <span class='ocrx_word' id='word_1_23' title='bbox 1364 600 1422 633; x_wconf 88' lang='lat' dir='ltr'><strong>re</strong></span> <span class='ocrx_word' id='word_1_24' title='bbox 1454 601 1569 635; x_wconf 90' lang='lat' dir='ltr'><strong>eum</strong></span> <span class='ocrx_word' id='word_1_25' title='bbox 1605 587 1870 637; x_wconf 77' lang='lat' dir='ltr'><strong>certiorem</strong></span> 
     </span>
     <span class='ocr_line' id='line_1_5' title="bbox 176 660 1869 729; baseline 0.005 -19"><span class='ocrx_word' id='word_1_26' title='bbox 176 660 383 722; x_wconf 83' lang='lat' dir='ltr'><strong>facturi,</strong></span> <span class='ocrx_word' id='word_1_27' title='bbox 445 662 592 712; x_wconf 85' lang='lat' dir='ltr'><strong>simul</strong></span> <span class='ocrx_word' id='word_1_28' title='bbox 641 662 974 729; x_wconf 84' lang='lat' dir='ltr'><strong>cognoscendi</strong></span> <span class='ocrx_word' id='word_1_29' title='bbox 1023 663 1192 728; x_wconf 87' lang='lat' dir='ltr'><strong>cupidi</strong></span> <span class='ocrx_word' id='word_1_30' title='bbox 1241 667 1294 711; x_wconf 89' lang='lat' dir='ltr'><strong>et</strong></span> <span class='ocrx_word' id='word_1_31' title='bbox 1340 664 1588 729; x_wconf 88' lang='lat' dir='ltr'><strong>colloquio</strong></span> <span class='ocrx_word' id='word_1_32' title='bbox 1622 667 1869 718; x_wconf 78' lang='lat' dir='ltr'><strong>interesse</strong></span> 
     </span>
     <span class='ocr_line' id='line_1_6' title="bbox 175 741 1869 810; baseline 0.006 -21"><span class='ocrx_word' id='word_1_33' title='bbox 175 742 413 790; x_wconf 87' lang='lat' dir='ltr'><strong>volentes.</strong></span> <span class='ocrx_word' id='word_1_34' title='bbox 497 742 574 791; x_wconf 78' lang='lat' dir='ltr'><strong>Ex</strong></span> <span class='ocrx_word' id='word_1_35' title='bbox 626 743 719 792; x_wconf 85' lang='lat' dir='ltr'><strong>hac</strong></span> <span class='ocrx_word' id='word_1_36' title='bbox 776 741 963 807; x_wconf 88' lang='lat' dir='ltr'><strong>parodo</strong></span> <span class='ocrx_word' id='word_1_37' title='bbox 996 742 1239 806; x_wconf 82' lang='lat' dir='ltr'><strong>quaedam</strong></span> <span class='ocrx_word' id='word_1_38' title='bbox 1286 743 1411 792; x_wconf 87' lang='lat' dir='ltr'><strong>Attii</strong></span> <span class='ocrx_word' id='word_1_39' title='bbox 1456 745 1732 810; x_wconf 84' lang='lat' dir='ltr'><strong>fragmenta</strong></span> <span class='ocrx_word' id='word_1_40' title='bbox 1780 763 1869 797; x_wconf 82' lang='lat' dir='ltr'><strong>ex-</strong></span> 
     </span>
     <span class='ocr_line' id='line_1_7' title="bbox 173 822 1923 892; baseline 0.004 -22"><span class='ocrx_word' id='word_1_41' title='bbox 173 836 351 884; x_wconf 85' lang='lat' dir='ltr'><strong>pressa</strong></span> <span class='ocrx_word' id='word_1_42' title='bbox 398 837 511 871; x_wconf 90' lang='lat' dir='ltr'><strong>esse</strong></span> <span class='ocrx_word' id='word_1_43' title='bbox 560 822 792 872; x_wconf 86' lang='lat' dir='ltr'><strong>videntur</strong></span> <span class='ocrx_word' id='word_1_44' title='bbox 806 857 820 880; x_wconf 92' lang='lat'><strong>,</strong></span> <span class='ocrx_word' id='word_1_45' title='bbox 875 822 1053 887; x_wconf 87' lang='lat' dir='ltr'><strong>quibus</strong></span> <span class='ocrx_word' id='word_1_46' title='bbox 1098 822 1239 872; x_wconf 92' lang='lat' dir='ltr'><strong>locus</strong></span> <span class='ocrx_word' id='word_1_47' title='bbox 1284 824 1584 876; x_wconf 84' lang='lat' dir='ltr'><strong>describitur</strong></span> <span class='ocrx_word' id='word_1_48' title='bbox 1597 863 1611 889; x_wconf 90' lang='lat'>‚</span> <span class='ocrx_word' id='word_1_49' title='bbox 1670 827 1719 878; x_wconf 91' lang='lat' dir='ltr'><strong>in</strong></span> <span class='ocrx_word' id='word_1_50' title='bbox 1770 843 1869 892; x_wconf 89' lang='lat' dir='ltr'><strong>quo</strong></span> <span class='ocrx_word' id='word_1_51' title='bbox 1920 888 1923 891; x_wconf 25' lang='grc' dir='ltr'>Ι</span> 
     </span>
     <span class='ocr_line' id='line_1_8' title="bbox 174 899 800 951; baseline 0.002 -2"><span class='ocrx_word' id='word_1_52' title='bbox 174 899 479 951; x_wconf 83' lang='lat' dir='ltr'><strong>Philoctetes</strong></span> <span class='ocrx_word' id='word_1_53' title='bbox 513 902 800 951; x_wconf 81' lang='lat' dir='ltr'><strong>habitabat:</strong></span> 
     </span>
     <span class='ocr_line' id='line_1_9' title="bbox 270 980 1869 1052; baseline 0.005 -23"><span class='ocrx_word' id='word_1_54' title='bbox 270 980 467 1045; x_wconf 82' lang='lat' dir='ltr'><strong>·„Ubi</strong></span> <span class='ocrx_word' id='word_1_55' title='bbox 512 981 812 1047; x_wconf 73' lang='lat' dir='ltr'><strong>horrifer</strong></span> <span class='ocrx_word' id='word_1_56' title='bbox 855 983 1230 1051; x_wconf 78' lang='lat' dir='ltr'><strong>Aquilonis</strong></span> <span class='ocrx_word' id='word_1_57' title='bbox 1274 983 1534 1034; x_wconf 82' lang='lat' dir='ltr'><strong>stridor</strong></span> <span class='ocrx_word' id='word_1_58' title='bbox 1580 1003 1618 1052; x_wconf 82' lang='lat' dir='ltr'><strong><em>g</em></strong></span> <span class='ocrx_word' id='word_1_59' title='bbox 1636 985 1869 1037; x_wconf 78' lang='lat' dir='ltr'><strong>elidas</strong></span> 
     </span>
     <span class='ocr_line' id='line_1_10' title="bbox 1023 1065 1534 1116; baseline 0.006 -3"><span class='ocrx_word' id='word_1_60' title='bbox 1023 1065 1308 1114; x_wconf 82' lang='lat' dir='ltr'><strong>molitur</strong></span> <span class='ocrx_word' id='word_1_61' title='bbox 1343 1066 1534 1116; x_wconf 80' lang='lat' dir='ltr'><strong>nives</strong></span> 
     </span>
     <span class='ocr_line' id='line_1_11' title="bbox 309 1219 1350 1291; baseline 0.007 -22"><span class='ocrx_word' id='word_1_62' title='bbox 309 1219 766 1287; x_wconf 75' lang='lat' dir='ltr'><strong>Caprigenum</strong></span> <span class='ocrx_word' id='word_1_63' title='bbox 811 1225 990 1273; x_wconf 84' lang='lat' dir='ltr'><strong>trita</strong></span> <span class='ocrx_word' id='word_1_64' title='bbox 1022 1226 1350 1291; x_wconf 74' lang='lat' dir='ltr'><strong>unguliS.”</strong></span> 
     </span>
     <span class='ocr_line' id='line_1_12' title="bbox 304 1299 1863 1373; baseline 0.006 -24"><span class='ocrx_word' id='word_1_65' title='bbox 304 1299 524 1351; x_wconf 90' lang='lat' dir='ltr'><strong>Veniunt</strong></span> <span class='ocrx_word' id='word_1_66' title='bbox 559 1303 737 1353; x_wconf 90' lang='lat' dir='ltr'><strong>deinde</strong></span> <span class='ocrx_word' id='word_1_67' title='bbox 785 1306 950 1353; x_wconf 90' lang='lat' dir='ltr'><strong>statim</strong></span> <span class='ocrx_word' id='word_1_68' title='bbox 985 1305 1131 1370; x_wconf 80' lang='lat' dir='ltr'><strong>legati</strong></span> <span class='ocrx_word' id='word_1_69' title='bbox 1166 1306 1288 1371; x_wconf 77' lang='lat' dir='ltr'><strong>ipsi,</strong></span> <span class='ocrx_word' id='word_1_70' title='bbox 1343 1322 1551 1371; x_wconf 85' lang='lat' dir='ltr'><strong>quorum</strong></span> <span class='ocrx_word' id='word_1_71' title='bbox 1585 1311 1735 1373; x_wconf 85' lang='lat' dir='ltr'><strong>caput</strong></span> <span class='ocrx_word' id='word_1_72' title='bbox 1768 1307 1863 1357; x_wconf 88' lang='lat' dir='ltr'><strong>Pa-</strong></span> 
     </span>
     <span class='ocr_line' id='line_1_13' title="bbox 172 1381 1866 1439; baseline 0.004 -9"><span class='ocrx_word' id='word_1_73' title='bbox 172 1381 240 1430; x_wconf 84' lang='lat' dir='ltr'><strong>ris</strong></span> <span class='ocrx_word' id='word_1_74' title='bbox 276 1386 370 1433; x_wconf 86' lang='lat' dir='ltr'><strong>est.</strong></span> <span class='ocrx_word' id='word_1_75' title='bbox 416 1381 484 1430; x_wconf 89' lang='lat' dir='ltr'><strong>Hi</strong></span> <span class='ocrx_word' id='word_1_76' title='bbox 517 1383 868 1434; x_wconf 80' lang='lat' dir='ltr'><strong>habitationem</strong></span> <span class='ocrx_word' id='word_1_77' title='bbox 894 1385 1204 1435; x_wconf 88' lang='lat' dir='ltr'><strong>Philoctetae</strong></span> <span class='ocrx_word' id='word_1_78' title='bbox 1237 1402 1301 1435; x_wconf 83' lang='lat' dir='ltr'><strong>ex</strong></span> <span class='ocrx_word' id='word_1_79' title='bbox 1336 1387 1490 1437; x_wconf 90' lang='lat' dir='ltr'><strong>choro</strong></span> <span class='ocrx_word' id='word_1_80' title='bbox 1525 1388 1837 1439; x_wconf 83' lang='lat' dir='ltr'><strong>sciscitantur</strong></span> <span class='ocrx_word' id='word_1_81' title='bbox 1850 1404 1866 1437; x_wconf 72' lang='grc' dir='ltr'><em>τ</em></span> 
     </span>
     <span class='ocr_line' id='line_1_14' title="bbox 306 1459 1338 1532; baseline 0.006 -23"><span class='ocrx_word' id='word_1_82' title='bbox 306 1459 482 1524; x_wconf 79' lang='lat' dir='ltr'><strong>„Ubi</strong></span> <span class='ocrx_word' id='word_1_83' title='bbox 513 1463 546 1512; x_wconf 84' lang='grc' dir='ltr'><strong>Ιι</strong></span> <span class='ocrx_word' id='word_1_84' title='bbox 563 1464 754 1514; x_wconf 75' lang='lat' dir='ltr'><strong>abet?</strong></span> <span class='ocrx_word' id='word_1_85' title='bbox 804 1465 964 1515; x_wconf 78' lang='lat' dir='ltr'><strong>urbe</strong></span> <span class='ocrx_word' id='word_1_86' title='bbox 1011 1468 1338 1532; x_wconf 75' lang='lat' dir='ltr'><strong>agroue?”</strong></span> 
     </span>
     <span class='ocr_line' id='line_1_15' title="bbox 170 1540 1866 1614; baseline 0.006 -25"><span class='ocrx_word' id='word_1_87' title='bbox 170 1540 247 1590; x_wconf 81' lang='lat' dir='ltr'><strong>Ad</strong></span> <span class='ocrx_word' id='word_1_88' title='bbox 284 1557 406 1606; x_wconf 90' lang='lat' dir='ltr'><strong>quos</strong></span> <span class='ocrx_word' id='word_1_89' title='bbox 442 1550 704 1609; x_wconf 85' lang='lat' dir='ltr'><strong>postquam</strong></span> <span class='ocrx_word' id='word_1_90' title='bbox 738 1545 1045 1595; x_wconf 87' lang='lat' dir='ltr'><strong>Philoctetes</strong></span> <span class='ocrx_word' id='word_1_91' title='bbox 1080 1546 1284 1612; x_wconf 90' lang='lat' dir='ltr'><strong>prodiit,</strong></span> <span class='ocrx_word' id='word_1_92' title='bbox 1319 1563 1475 1614; x_wconf 83' lang='lat' dir='ltr'><strong>genus</strong></span> <span class='ocrx_word' id='word_1_93' title='bbox 1512 1564 1685 1598; x_wconf 90' lang='lat' dir='ltr'><strong>eorum</strong></span> <span class='ocrx_word' id='word_1_94' title='bbox 1723 1563 1866 1599; x_wconf 89' lang='lat' dir='ltr'><strong>caus-</strong></span> 
     </span>
     <span class='ocr_line' id='line_1_16' title="bbox 173 1623 1365 1685; baseline 0.008 -16"><span class='ocrx_word' id='word_1_95' title='bbox 173 1635 376 1685; x_wconf 89' lang='lat' dir='ltr'><strong>samque</strong></span> <span class='ocrx_word' id='word_1_96' title='bbox 412 1623 651 1674; x_wconf 86' lang='lat' dir='ltr'><strong>adventus</strong></span> <span class='ocrx_word' id='word_1_97' title='bbox 686 1626 974 1675; x_wconf 85' lang='lat' dir='ltr'><strong>sciscitatus</strong></span> <span class='ocrx_word' id='word_1_98' title='bbox 1008 1652 1076 1662; x_wconf 91' lang='lat'><strong>—-</strong></span> <span class='ocrx_word' id='word_1_99' title='bbox 1357 1666 1365 1670; x_wconf 86' lang='lat'><em>-</em></span> 
     </span>
     <span class='ocr_line' id='line_1_17' title="bbox 301 1699 1866 1776; baseline 0.006 -26"><span class='ocrx_word' id='word_1_100' title='bbox 301 1699 534 1764; x_wconf 81' lang='lat' dir='ltr'><strong>„Unde</strong></span> <span class='ocrx_word' id='word_1_101' title='bbox 570 1706 740 1754; x_wconf 81' lang='lat' dir='ltr'><strong>estis</strong></span> <span class='ocrx_word' id='word_1_102' title='bbox 773 1713 1027 1756; x_wconf 82' lang='lat' dir='ltr'><strong>nautae</strong></span> <span class='ocrx_word' id='word_1_103' title='bbox 1060 1706 1182 1757; x_wconf 77' lang='lat' dir='ltr'><strong>huc</strong></span> <span class='ocrx_word' id='word_1_104' title='bbox 1208 1706 1415 1756; x_wconf 78' lang='lat' dir='ltr'><strong>hieme</strong></span> <span class='ocrx_word' id='word_1_105' title='bbox 1439 1706 1866 1776; x_wconf 74' lang='lat' dir='ltr'><strong>delati?”*)-</strong></span> 
     </span>
     <span class='ocr_line' id='line_1_18' title="bbox 170 1780 1528 1852; baseline 0.006 -22"><span class='ocrx_word' id='word_1_106' title='bbox 170 1780 382 1831; x_wconf 88' lang='lat' dir='ltr'><strong>invicem</strong></span> <span class='ocrx_word' id='word_1_107' title='bbox 419 1783 482 1832; x_wconf 86' lang='lat' dir='ltr'><strong>de</strong></span> <span class='ocrx_word' id='word_1_108' title='bbox 517 1799 606 1832; x_wconf 84' lang='lat' dir='ltr'><strong>sua</strong></span> <span class='ocrx_word' id='word_1_109' title='bbox 641 1792 776 1834; x_wconf 87' lang='lat' dir='ltr'><strong>sorte</strong></span> <span class='ocrx_word' id='word_1_110' title='bbox 808 1786 1119 1836; x_wconf 84' lang='lat' dir='ltr'><strong>Philoctetes</strong></span> <span class='ocrx_word' id='word_1_111' title='bbox 1154 1787 1264 1851; x_wconf 89' lang='lat' dir='ltr'><strong>ipse</strong></span> <span class='ocrx_word' id='word_1_112' title='bbox 1298 1789 1528 1852; x_wconf 86' lang='lat' dir='ltr'><strong>exponit:</strong></span> 
     </span>
    </p>
   </div>
   <div class='ocr_carea' id='block_1_3' title="bbox 306 1862 1863 2011">
    <p class='ocr_par' dir='ltr' id='par_1_3' title="bbox 306 1862 1863 2011">
     <span class='ocr_line' id='line_1_19' title="bbox 306 1862 1863 1931; baseline 0.004 -19"><span class='ocrx_word' id='word_1_113' title='bbox 306 1862 663 1930; x_wconf 80' lang='lat' dir='ltr'><strong>„Repudio</strong></span> <span class='ocrx_word' id='word_1_114' title='bbox 712 1867 981 1916; x_wconf 82' lang='lat' dir='ltr'><strong>eiectus</strong></span> <span class='ocrx_word' id='word_1_115' title='bbox 1028 1867 1238 1931; x_wconf 82' lang='lat' dir='ltr'><strong>Argis</strong></span> <span class='ocrx_word' id='word_1_116' title='bbox 1286 1867 1417 1916; x_wconf 80' lang='lat' dir='ltr'><strong>iam</strong></span> <span class='ocrx_word' id='word_1_117' title='bbox 1460 1867 1703 1919; x_wconf 81' lang='lat' dir='ltr'><strong>dudum</strong></span> <span class='ocrx_word' id='word_1_118' title='bbox 1750 1884 1863 1918; x_wconf 68' lang='lat' dir='ltr'><strong>ex-</strong></span> 
     </span>
     <span class='ocr_line' id='line_1_20' title="bbox 1003 1944 1824 2011; baseline 0.005 -18"><span class='ocrx_word' id='word_1_119' title='bbox 1003 1944 1268 2011; x_wconf 78' lang='lat' dir='ltr'><strong>sulo**).</strong></span> <span class='ocrx_word' id='word_1_120' title='bbox 1819 1951 1824 1956; x_wconf 84' lang='lat'>&#39;</span> 
     </span>
    </p>
   </div>
   <div class='ocr_carea' id='block_1_4' title="bbox 168 2101 1865 3048">
    <p class='ocr_par' dir='ltr' id='par_1_4' title="bbox 303 2101 1865 2472">
     <span class='ocr_line' id='line_1_21' title="bbox 311 2101 1760 2173; baseline 0.005 -21"><span class='ocrx_word' id='word_1_121' title='bbox 311 2101 535 2152; x_wconf 83' lang='lat' dir='ltr'><strong>Vitam</strong></span> <span class='ocrx_word' id='word_1_122' title='bbox 568 2104 986 2167; x_wconf 75' lang='lat' dir='ltr'><strong>sagittarum</strong></span> <span class='ocrx_word' id='word_1_123' title='bbox 1023 2106 1319 2172; x_wconf 80' lang='lat' dir='ltr'><strong>aucupio</strong></span> <span class='ocrx_word' id='word_1_124' title='bbox 1356 2107 1760 2173; x_wconf 77' lang='lat' dir='ltr'><strong>propagine.</strong></span> 
     </span>
     <span class='ocr_line' id='line_1_22' title="bbox 305 2182 1808 2252; baseline 0.004 -21"><span class='ocrx_word' id='word_1_125' title='bbox 305 2182 596 2248; x_wconf 80' lang='lat' dir='ltr'><strong>Configo</strong></span> <span class='ocrx_word' id='word_1_126' title='bbox 640 2183 884 2232; x_wconf 78' lang='lat' dir='ltr'><strong>tardus</strong></span> <span class='ocrx_word' id='word_1_127' title='bbox 930 2185 1183 2234; x_wconf 81' lang='lat' dir='ltr'><strong>celeres</strong></span> <span class='ocrx_word' id='word_1_128' title='bbox 1224 2191 1419 2234; x_wconf 81' lang='lat' dir='ltr'><strong>stans</strong></span> <span class='ocrx_word' id='word_1_129' title='bbox 1451 2188 1808 2252; x_wconf 75' lang='lat' dir='ltr'><strong>volatiles,</strong></span> 
     </span>
     <span class='ocr_line' id='line_1_23' title="bbox 303 2263 1864 2334; baseline 0.004 -22"><span class='ocrx_word' id='word_1_130' title='bbox 303 2263 431 2312; x_wconf 86' lang='lat' dir='ltr'><strong>Pro</strong></span> <span class='ocrx_word' id='word_1_131' title='bbox 463 2268 658 2311; x_wconf 80' lang='lat' dir='ltr'><strong>veste</strong></span> <span class='ocrx_word' id='word_1_132' title='bbox 683 2265 914 2329; x_wconf 82' lang='lat' dir='ltr'><strong>pinnis</strong></span> <span class='ocrx_word' id='word_1_133' title='bbox 935 2265 1214 2315; x_wconf 86' lang='lat' dir='ltr'><strong>membra</strong></span> <span class='ocrx_word' id='word_1_134' title='bbox 1247 2267 1456 2315; x_wconf 64' lang='lat' dir='ltr'><strong>textis</strong></span> <span class='ocrx_word' id='word_1_135' title='bbox 1485 2273 1864 2334; x_wconf 79' lang='lat' dir='ltr'><strong>contegens,</strong></span> 
     </span>
     <span class='ocr_line' id='line_1_24' title="bbox 303 2342 1865 2413; baseline 0.006 -22"><span class='ocrx_word' id='word_1_136' title='bbox 303 2343 695 2408; x_wconf 83' lang='lat' dir='ltr'><strong>Reciproca</strong></span> <span class='ocrx_word' id='word_1_137' title='bbox 730 2342 1026 2393; x_wconf 78' lang='lat' dir='ltr'><strong>tendens</strong></span> <span class='ocrx_word' id='word_1_138' title='bbox 1073 2361 1279 2394; x_wconf 81' lang='lat' dir='ltr'><strong>nervo</strong></span> <span class='ocrx_word' id='word_1_139' title='bbox 1315 2348 1556 2413; x_wconf 80' lang='lat' dir='ltr'><strong>equino</strong></span> <span class='ocrx_word' id='word_1_140' title='bbox 1592 2350 1865 2399; x_wconf 74' lang='lat' dir='ltr'><strong>concita</strong></span> 
     </span>
     <span class='ocr_line' id='line_1_25' title="bbox 308 2422 489 2472; baseline -0.011 -1"><span class='ocrx_word' id='word_1_141' title='bbox 308 2422 489 2472; x_wconf 84' lang='lat' dir='ltr'><strong>Tela.”</strong></span> 
     </span>
    </p>

    <p class='ocr_par' dir='ltr' id='par_1_5' title="bbox 169 2501 1865 2569">
     <span class='ocr_line' id='line_1_26' title="bbox 169 2501 1865 2569; baseline 0.004 -18"><span class='ocrx_word' id='word_1_142' title='bbox 169 2502 265 2552; x_wconf 89' lang='lat' dir='ltr'><strong>His</strong></span> <span class='ocrx_word' id='word_1_143' title='bbox 312 2502 493 2551; x_wconf 91' lang='lat' dir='ltr'><strong>auditis</strong></span> <span class='ocrx_word' id='word_1_144' title='bbox 537 2501 679 2550; x_wconf 86' lang='lat' dir='ltr'><strong>Paris</strong></span> <span class='ocrx_word' id='word_1_145' title='bbox 733 2518 958 2553; x_wconf 87' lang='lat' dir='ltr'><strong>caussam</strong></span> <span class='ocrx_word' id='word_1_146' title='bbox 1019 2503 1258 2554; x_wconf 88' lang='lat' dir='ltr'><strong>adventus</strong></span> <span class='ocrx_word' id='word_1_147' title='bbox 1306 2507 1466 2569; x_wconf 86' lang='lat' dir='ltr'><strong>aperit</strong></span> <span class='ocrx_word' id='word_1_148' title='bbox 1518 2511 1572 2555; x_wconf 91' lang='lat' dir='ltr'><strong>et</strong></span> <span class='ocrx_word' id='word_1_149' title='bbox 1630 2507 1865 2557; x_wconf 83' lang='lat' dir='ltr'><strong>hortatur</strong></span> 
     </span>
    </p>

    <p class='ocr_par' dir='ltr' id='par_1_6' title="bbox 170 2583 1863 2729">
     <span class='ocr_line' id='line_1_27' title="bbox 170 2583 1768 2649; baseline 0.002 -16"><span class='ocrx_word' id='word_1_150' title='bbox 170 2583 523 2643; x_wconf 85' lang='lat' dir='ltr'><strong>Philoctetem‚</strong></span> <span class='ocrx_word' id='word_1_151' title='bbox 558 2588 614 2631; x_wconf 93' lang='lat' dir='ltr'><strong>ut</strong></span> <span class='ocrx_word' id='word_1_152' title='bbox 654 2583 899 2634; x_wconf 88' lang='lat' dir='ltr'><strong>societate</strong></span> <span class='ocrx_word' id='word_1_153' title='bbox 934 2601 1046 2634; x_wconf 91' lang='lat' dir='ltr'><strong>cum</strong></span> <span class='ocrx_word' id='word_1_154' title='bbox 1082 2584 1311 2634; x_wconf 87' lang='lat' dir='ltr'><strong>Troianis</strong></span> <span class='ocrx_word' id='word_1_155' title='bbox 1346 2586 1465 2634; x_wconf 87' lang='lat' dir='ltr'><strong>inita</strong></span> <span class='ocrx_word' id='word_1_156' title='bbox 1499 2593 1768 2649; x_wconf 77' lang='lat' dir='ltr'><strong>cognoscat</strong></span> 
     </span>
     <span class='ocr_line' id='line_1_28' title="bbox 304 2663 1863 2729; baseline 0.003 -17"><span class='ocrx_word' id='word_1_157' title='bbox 304 2663 714 2729; x_wconf 76' lang='lat' dir='ltr'><strong>„Phrygiam</strong></span> <span class='ocrx_word' id='word_1_158' title='bbox 765 2681 920 2714; x_wconf 82' lang='lat' dir='ltr'><strong>esse</strong></span> <span class='ocrx_word' id='word_1_159' title='bbox 964 2665 1302 2713; x_wconf 76' lang='lat' dir='ltr'><strong>mitiorem</strong></span> <span class='ocrx_word' id='word_1_160' title='bbox 1346 2666 1621 2715; x_wconf 82' lang='lat' dir='ltr'><strong>immani</strong></span> <span class='ocrx_word' id='word_1_161' title='bbox 1655 2666 1863 2717; x_wconf 80' lang='lat' dir='ltr'><strong>Grae-</strong></span> 
     </span>
    </p>

    <p class='ocr_par' dir='ltr' id='par_1_7' title="bbox 1004 2742 1311 2810">
     <span class='ocr_line' id='line_1_29' title="bbox 1004 2742 1311 2810; baseline 0.007 -37"><span class='ocrx_word' id='word_1_162' title='bbox 1004 2762 1031 2794; x_wconf 73' lang='lat' dir='ltr'><strong><em>c</em></strong></span> <span class='ocrx_word' id='word_1_163' title='bbox 1053 2746 1167 2793; x_wconf 65' lang='lat' dir='ltr'><strong>ia„</strong></span> <span class='ocrx_word' id='word_1_164' title='bbox 1181 2742 1311 2810; x_wconf 48' lang='lat' dir='ltr'><strong>Quota).</strong></span> 
     </span>
    </p>

    <p class='ocr_par' dir='ltr' id='par_1_8' title="bbox 168 2823 1864 2889">
     <span class='ocr_line' id='line_1_30' title="bbox 168 2823 1864 2889; baseline 0.001 -14"><span class='ocrx_word' id='word_1_165' title='bbox 168 2823 346 2888; x_wconf 87' lang='lat' dir='ltr'><strong>Neque</strong></span> <span class='ocrx_word' id='word_1_166' title='bbox 390 2823 686 2889; x_wconf 85' lang='lat' dir='ltr'><strong>repudiatur</strong></span> <span class='ocrx_word' id='word_1_167' title='bbox 731 2840 759 2873; x_wconf 89' lang='lat' dir='ltr'><strong>a</strong></span> <span class='ocrx_word' id='word_1_168' title='bbox 792 2824 1096 2886; x_wconf 73' lang='lat' dir='ltr'><strong>Philocteta,</strong></span> <span class='ocrx_word' id='word_1_169' title='bbox 1140 2825 1189 2873; x_wconf 88' lang='lat' dir='ltr'><strong>id</strong></span> <span class='ocrx_word' id='word_1_170' title='bbox 1233 2826 1365 2889; x_wconf 89' lang='lat' dir='ltr'><strong>quod</strong></span> <span class='ocrx_word' id='word_1_171' title='bbox 1412 2826 1664 2876; x_wconf 86' lang='lat' dir='ltr'><strong>declarant</strong></span> <span class='ocrx_word' id='word_1_172' title='bbox 1696 2827 1864 2887; x_wconf 83' lang='lat' dir='ltr'><strong>verba,</strong></span> 
     </span>
    </p>

    <p class='ocr_par' dir='ltr' id='par_1_9' title="bbox 169 2903 1864 2973">
     <span class='ocr_line' id='line_1_31' title="bbox 169 2903 1864 2973; baseline 0.002 -19"><span class='ocrx_word' id='word_1_173' title='bbox 169 2905 348 2969; x_wconf 86' lang='lat' dir='ltr'><strong>quibus</strong></span> <span class='ocrx_word' id='word_1_174' title='bbox 383 2903 641 2966; x_wconf 78' lang='lat' dir='ltr'><strong>Paridem,</strong></span> <span class='ocrx_word' id='word_1_175' title='bbox 676 2910 731 2954; x_wconf 90' lang='lat' dir='ltr'><strong>ut</strong></span> <span class='ocrx_word' id='word_1_176' title='bbox 764 2906 814 2954; x_wconf 91' lang='lat' dir='ltr'><strong>in</strong></span> <span class='ocrx_word' id='word_1_177' title='bbox 850 2922 1052 2970; x_wconf 89' lang='lat' dir='ltr'><strong>specum</strong></span> <span class='ocrx_word' id='word_1_178' title='bbox 1090 2906 1275 2954; x_wconf 83' lang='lat' dir='ltr'><strong>intrare</strong></span> <span class='ocrx_word' id='word_1_179' title='bbox 1310 2921 1372 2955; x_wconf 89' lang='lat' dir='ltr'><strong>ne</strong></span> <span class='ocrx_word' id='word_1_180' title='bbox 1407 2906 1728 2973; x_wconf 82' lang='lat' dir='ltr'><strong>dedignetur,</strong></span> <span class='ocrx_word' id='word_1_181' title='bbox 1763 2922 1864 2958; x_wconf 88' lang='lat' dir='ltr'><strong>non</strong></span> 
     </span>
    </p>

    <p class='ocr_par' dir='ltr' id='par_1_10' title="bbox 169 2985 1430 3048">
     <span class='ocr_line' id='line_1_32' title="bbox 169 2985 1430 3048; baseline 0.001 -14"><span class='ocrx_word' id='word_1_182' title='bbox 169 2985 330 3034; x_wconf 89' lang='lat' dir='ltr'><strong>solum</strong></span> <span class='ocrx_word' id='word_1_183' title='bbox 363 2985 588 3048; x_wconf 82' lang='lat' dir='ltr'><strong>benigne,</strong></span> <span class='ocrx_word' id='word_1_184' title='bbox 626 2985 715 3034; x_wconf 88' lang='lat' dir='ltr'><strong>sed</strong></span> <span class='ocrx_word' id='word_1_185' title='bbox 752 2987 903 3035; x_wconf 87' lang='lat' dir='ltr'><strong>etiam</strong></span> <span class='ocrx_word' id='word_1_186' title='bbox 938 2985 1193 3034; x_wconf 90' lang='lat' dir='ltr'><strong>humiliter</strong></span> <span class='ocrx_word' id='word_1_187' title='bbox 1227 2985 1430 3035; x_wconf 82' lang='lat' dir='ltr'><strong>invitat:</strong></span> 
     </span>
    </p>
   </div>
   <div class='ocr_carea' id='block_1_5' title="bbox 167 3084 393 3092">
    <p class='ocr_par' dir='ltr' id='par_1_11' title="bbox 167 3084 393 3092">
     <span class='ocr_line' id='line_1_33' title="bbox 167 3084 393 3092; baseline 0 0"><span class='ocrx_word' id='word_1_188' title='bbox 167 3084 393 3092; x_wconf 95' lang='lat' dir='ltr'><strong> </strong></span> 
     </span>
    </p>
   </div>
   <div class='ocr_carea' id='block_1_6' title="bbox 397 3086 616 3090">
    <p class='ocr_par' dir='ltr' id='par_1_12' title="bbox 397 3086 616 3090">
     <span class='ocr_line' id='line_1_34' title="bbox 397 3086 616 3090; baseline 0 0"><span class='ocrx_word' id='word_1_189' title='bbox 397 3086 616 3090; x_wconf 95' lang='lat' dir='ltr'><strong> </strong></span> 
     </span>
    </p>
   </div>
   <div class='ocr_carea' id='block_1_7' title="bbox 168 3121 1864 3537">
    <p class='ocr_par' dir='ltr' id='par_1_13' title="bbox 168 3121 1864 3537">
     <span class='ocr_line' id='line_1_35' title="bbox 307 3121 1864 3185; baseline 0.001 -15"><span class='ocrx_word' id='word_1_190' title='bbox 307 3125 681 3183; x_wconf 73' lang='grc' dir='ltr'><em>ἀπολογούμενον</em></span> <span class='ocrx_word' id='word_1_191' title='bbox 718 3127 940 3182; x_wconf 82' lang='grc' dir='ltr'><strong><em>πεποίηκε</em></strong></span> <span class='ocrx_word' id='word_1_192' title='bbox 981 3125 1086 3184; x_wconf 75' lang='grc' dir='ltr'><em>περὶ</em></span> <span class='ocrx_word' id='word_1_193' title='bbox 1126 3126 1210 3183; x_wconf 82' lang='grc' dir='ltr'><strong>τῆς</strong></span> <span class='ocrx_word' id='word_1_194' title='bbox 1246 3124 1470 3185; x_wconf 76' lang='grc' dir='ltr'><strong>πρότερον</strong></span> <span class='ocrx_word' id='word_1_195' title='bbox 1499 3125 1736 3183; x_wconf 69' lang='grc' dir='ltr'><em>ἀμελείας,</em></span> <span class='ocrx_word' id='word_1_196' title='bbox 1786 3121 1864 3172; x_wconf 72' lang='grc' dir='ltr'><strong>ὅτε</strong></span> 
     </span>
     <span class='ocr_line' id='line_1_36' title="bbox 305 3193 1862 3257; baseline 0.001 -16"><span class='ocrx_word' id='word_1_197' title='bbox 305 3195 363 3254; x_wconf 81' lang='grc' dir='ltr'><strong>δὴ</strong></span> <span class='ocrx_word' id='word_1_198' title='bbox 396 3196 630 3242; x_wconf 83' lang='grc' dir='ltr'><strong>τοσούτων</strong></span> <span class='ocrx_word' id='word_1_199' title='bbox 674 3196 787 3241; x_wconf 80' lang='grc' dir='ltr'><strong><em>ἐτῶν</em></strong></span> <span class='ocrx_word' id='word_1_200' title='bbox 832 3195 938 3242; x_wconf 81' lang='grc' dir='ltr'><em>οὔτε</em></span> <span class='ocrx_word' id='word_1_201' title='bbox 967 3197 1238 3256; x_wconf 59' lang='lat' dir='ltr'><strong>ugos-§aem</strong></span> <span class='ocrx_word' id='word_1_202' title='bbox 1265 3193 1384 3255; x_wconf 76' lang='grc' dir='ltr'><strong>πρὸς</strong></span> <span class='ocrx_word' id='word_1_203' title='bbox 1412 3196 1496 3242; x_wconf 79' lang='grc' dir='ltr'><strong>τὸν</strong></span> <span class='ocrx_word' id='word_1_204' title='bbox 1530 3201 1583 3243; x_wconf 89' lang='grc' dir='ltr'><strong>Φ.</strong></span> <span class='ocrx_word' id='word_1_205' title='bbox 1616 3194 1723 3244; x_wconf 79' lang='grc' dir='ltr'><strong>οὔτε</strong></span> <span class='ocrx_word' id='word_1_206' title='bbox 1749 3199 1862 3257; x_wconf 86' lang='grc' dir='ltr'>βοη-</span> 
     </span>
     <span class='ocr_line' id='line_1_37' title="bbox 305 3265 833 3327; baseline -0.004 -16"><span class='ocrx_word' id='word_1_207' title='bbox 305 3265 495 3324; x_wconf 78' lang='grc' dir='ltr'><strong><em>θήσειεν</em></strong></span> <span class='ocrx_word' id='word_1_208' title='bbox 525 3266 661 3313; x_wconf 79' lang='grc' dir='ltr'>ου’δὲν</span> <span class='ocrx_word' id='word_1_209' title='bbox 691 3265 833 3327; x_wconf 71' lang='grc' dir='ltr'><em>αὐτῷ.</em></span> 
     </span>
     <span class='ocr_line' id='line_1_38' title="bbox 227 3338 708 3395; baseline 0.002 -16"><span class='ocrx_word' id='word_1_210' title='bbox 227 3338 276 3392; x_wconf 55' lang='lat'><strong>⁹⁶)</strong></span> <span class='ocrx_word' id='word_1_211' title='bbox 305 3338 490 3395; x_wconf 77' lang='lat' dir='ltr'><strong>Fragm.</strong></span> <span class='ocrx_word' id='word_1_212' title='bbox 520 3339 607 3381; x_wconf 90' lang='lat' dir='ltr'><strong>inc.</strong></span> <span class='ocrx_word' id='word_1_213' title='bbox 638 3338 708 3381; x_wconf 88' lang='grc'><strong>16.</strong></span> 
     </span>
     <span class='ocr_line' id='line_1_39' title="bbox 202 3408 1411 3466; baseline 0.002 -17"><span class='ocrx_word' id='word_1_214' title='bbox 202 3408 279 3462; x_wconf 59' lang='grc' dir='ltr'><strong>*ἢ</strong></span> <span class='ocrx_word' id='word_1_215' title='bbox 308 3408 492 3465; x_wconf 83' lang='lat' dir='ltr'><strong>Fragm.</strong></span> <span class='ocrx_word' id='word_1_216' title='bbox 523 3410 607 3452; x_wconf 84' lang='lat' dir='ltr'><strong>inc.</strong></span> <span class='ocrx_word' id='word_1_217' title='bbox 640 3424 682 3452; x_wconf 85' lang='lat' dir='ltr'><strong>n.</strong></span> <span class='ocrx_word' id='word_1_218' title='bbox 711 3409 754 3452; x_wconf 91' lang='grc'><strong>6.</strong></span> <span class='ocrx_word' id='word_1_219' title='bbox 812 3410 985 3465; x_wconf 86' lang='lat' dir='ltr'><strong>Vulgo:</strong></span> <span class='ocrx_word' id='word_1_220' title='bbox 1017 3408 1150 3450; x_wconf 80' lang='lat' dir='ltr'><strong>eiecta</strong></span> <span class='ocrx_word' id='word_1_221' title='bbox 1178 3409 1232 3451; x_wconf 83' lang='lat' dir='ltr'><strong>ab</strong></span> <span class='ocrx_word' id='word_1_222' title='bbox 1263 3409 1411 3466; x_wconf 76' lang='lat' dir='ltr'><strong>Argis.</strong></span> 
     </span>
     <span class='ocr_line' id='line_1_40' title="bbox 168 3477 1351 3537; baseline -0.002 -14"><span class='ocrx_word' id='word_1_223' title='bbox 168 3477 283 3533; x_wconf 63' lang='lat'><strong>***)</strong></span> <span class='ocrx_word' id='word_1_224' title='bbox 312 3479 578 3528; x_wconf 79' lang='lat' dir='ltr'><strong>Emendavit</strong></span> <span class='ocrx_word' id='word_1_225' title='bbox 605 3480 660 3526; x_wconf 79' lang='lat' dir='ltr'><strong>G.</strong></span> <span class='ocrx_word' id='word_1_226' title='bbox 687 3481 845 3526; x_wconf 82' lang='lat' dir='ltr'><strong>Herm.</strong></span> <span class='ocrx_word' id='word_1_227' title='bbox 876 3480 1039 3537; x_wconf 82' lang='lat' dir='ltr'><strong>Opusc.</strong></span> <span class='ocrx_word' id='word_1_228' title='bbox 1068 3480 1146 3524; x_wconf 89' lang='lat'>111.</span> <span class='ocrx_word' id='word_1_229' title='bbox 1179 3494 1223 3535; x_wconf 84' lang='lat' dir='ltr'><strong>p.</strong></span> <span class='ocrx_word' id='word_1_230' title='bbox 1251 3478 1351 3524; x_wconf 78' lang='lat'><strong>123.</strong></span> 
     </span>
    </p>
   </div>
  </div>
 </body>
</html>
