2144 3854
1192 260 1271 315 1⁰

405 405 554 456 a.Gh.
575 419 622 453 n.
647 405 745 452 459
771 402 877 451 sive
902 402 982 453 01.
1010 405 1091 465 80,
1106 405 1150 452 l.
1200 403 1498 466 Dramatum‚
1525 419 1650 468 quae
1671 405 1843 468 primis
1867 410 2056 472 tempo-

404 484 540 533 ribus
573 483 716 531 docta
748 497 860 530 esse
893 486 1108 542 constat,
1150 483 1467 548 Hippolytum
1515 485 1725 549 priorem
1773 484 1890 534 huic
1931 490 2057 535 tem—

403 565 513 627 pori
558 563 901 627 assignaverim
950 561 1136 612 duabus
1182 563 1247 611 de
1279 564 1481 615 caussis,
1549 564 1768 613 Primum
1802 564 1932 614 enim
1963 580 2059 614 uon

402 643 594 690 videtur
623 640 888 706 Euripides
921 642 1051 690 idem
1085 649 1450 706 argumentum,
1493 645 1707 708 quamvis
1739 645 2059 707 immutatum,

403 727 577 786 postea
598 721 778 770 iterum
810 727 1064 770 ornaturus
1094 727 1144 770 et
1167 721 1217 770 in
1240 727 1486 772 certamen
1514 725 1864 773 commissurus
1888 723 2060 784 fuisse,

403 801 498 850 nisi
539 802 588 850 in
631 801 799 866 priore
844 802 1113 849 certamine
1147 803 1391 866 suppositi
1425 804 1624 853 alicuius
1658 810 1835 869 poetae
1865 804 2061 854 nomine

402 895 535 942 usus,
571 880 728 929 celato
762 895 871 939 suo,
902 879 1093 928 fuisset.
1150 879 1337 929 Deinde
1371 898 1516 945 quum
1550 899 1631 932 res
1665 884 1794 933 illius
1828 883 2061 933 dramatis

400 961 478 1024 agi
520 960 821 1023 fingerentur
855 959 1105 1020 Corinthi,
1151 963 1490 1025 opportunitas
1535 963 1740 1013 dabatur
1781 964 1844 1012 ad
1890 963 2061 1012 Corin-

398 1040 642 1097 thiorum,
688 1055 814 1102 quae
860 1045 964 1088 tum
1010 1044 1143 1100 erat,
1190 1039 1490 1089 voluntatem
1531 1040 1862 1107 infestumque
1903 1042 2061 1092 Athe—

399 1119 647 1169 niensibus
681 1119 890 1168 animum
926 1119 1202 1169 alludendi:
1245 1136 1340 1184 qua
1373 1120 1437 1168 de
1469 1137 1525 1169 re
1559 1121 1888 1172 conferendus
1923 1122 2060 1171 Thu-

400 1199 605 1264 cydides
638 1198 676 1257 1,
706 1200 821 1247 103.
851 1204 903 1248 et
928 1201 1039 1247 105.
1106 1199 1282 1263 Neque
1315 1201 1442 1249 enim
1477 1201 1584 1266 ipsa
1618 1202 1885 1251 carminum
1919 1218 2063 1267 prae-

399 1280 576 1329 stantia
610 1278 827 1328 favorem
860 1279 992 1343 vulgi
1026 1278 1119 1327 sibi
1155 1280 1414 1328 conciliare
1446 1281 1523 1330 vel
1555 1281 1813 1330 victoriam
1858 1282 2065 1347 adipisci

400 1362 626 1424 poterant
668 1362 869 1422 poetae,
915 1359 1010 1407 nisi
1055 1359 1127 1407 sic
1171 1366 1457 1424 argumenta
1498 1365 1863 1425 temperarent,
1914 1366 1971 1410 ut
2002 1362 2063 1410 ad

401 1442 707 1504 praesentem
755 1439 1057 1504 reipublicae
1102 1440 1427 1488 conditionem
1475 1440 1639 1504 aliquo
1687 1441 1835 1490 modo
1867 1441 2066 1491 fabulae

399 1518 648 1581 pertinere
680 1517 988 1579 viderentur,
1035 1523 1088 1567 et
1120 1517 1342 1567 studiose
1375 1519 1661 1584 Euripidem
1697 1537 1726 1569 a
1757 1521 1931 1586 primis
1965 1525 2063 1569 sta-

399 1597 489 1645 tim
534 1596 841 1660 temporibus
886 1597 982 1645 hoc
1028 1603 1251 1646 secutum
1299 1613 1439 1659 esse,
1487 1604 1568 1655 ut,
1630 1617 1756 1664 quae
1797 1600 2063 1664 antiquitus

398 1676 578 1725 tradita
603 1675 902 1724 dramatibus
929 1681 1204 1734 exornaret,
1240 1677 1300 1724 ad
1329 1684 1616 1741 praesentes
1645 1694 1765 1728 usus
1791 1694 2065 1728 accommo-

397 1755 569 1817 daret,
618 1756 735 1819 quin
776 1757 921 1804 etiam
956 1773 1014 1804 ea
1048 1773 1246 1822 semper
1279 1758 1341 1807 de
1373 1758 1615 1807 industria
1647 1764 1932 1824 argumenta
1964 1765 2065 1808 tra·-

399 1836 575 1886 ctanda
618 1836 878 1895 sumsisse,
926 1836 1100 1899 quibus
1145 1837 1353 1885 maxima
1402 1842 1534 1885 esset
1576 1853 1687 1885 cum
1719 1839 1895 1900 rebus,
1942 1853 2066 1901 quae

397 1915 720 1965 cummaxime
764 1914 947 1980 populo
994 1932 1140 1964 curae
1187 1922 1353 1976 erant,
1413 1916 1707 1978 similitudo,
1765 1932 1861 1966 non
1909 1917 2067 1967 Rhesi

398 1999 616 2053 tantum,
652 1995 740 2043 sed
775 1994 1028 2043 Peliadum
1062 2010 1257 2059 quoque
1290 1996 1516 2060 exemplo
1550 1996 1801 2047 docemur.

524 2075 717 2125 Eodem
752 2089 904 2134 anno,
940 2091 1036 2138 quo
1070 2075 1275 2139 primam
1307 2076 1560 2124 victoriam
1585 2075 1860 2139 Aeschylus
1893 2091 2065 2141 repor-

398 2157 544 2213 tavit,
578 2157 721 2203 natus
757 2159 834 2203 est
868 2153 1148 2219 Euripides.
1210 2154 1450 2219 Insignem
1487 2155 1724 2204 Graeciae
1758 2155 2065 2216 felicitatem,

398 2253 492 2301 qua
525 2237 622 2285 duo
655 2235 872 2299 tragicae
905 2250 1117 2299 poeseos
1151 2235 1431 2300 principes,
1471 2235 1745 2300 Sophocles
1779 2240 1927 2300 atque
1957 2235 2065 2284 Eu-

398 2315 609 2380 ripideS,
645 2315 727 2363 uni
761 2314 1008 2378 Aeschylo
1040 2319 1415 2374 successerunt,
1466 2315 1647 2371 Graeci
1679 2315 1775 2379 ipsi
1809 2315 2064 2380 praedica-

398 2399 529 2455 runt,
566 2409 593 2441 a
626 2409 787 2457 pugna
813 2393 1075 2442 Salaminia
1109 2409 1302 2442 omnem
1333 2395 1540 2443 civitatis
1566 2395 1740 2443 florem
1766 2400 1928 2444 ortum
1953 2381 2069 2443 esse

400 2473 747 2539 significantes,
824 2473 978 2522 Aiunt
1013 2474 1139 2522 enim
1174 2475 1347 2522 eodem
1384 2474 1494 2534 die,
1545 2488 1641 2536 quo
1675 2473 2067 2538 praeclarissima

399 2554 600 2602 victoria
632 2551 1016 2610 ThemistocliS,
1062 2554 1239 2602 summi
1272 2554 1436 2613 duciS,
1473 2553 1674 2602 consilio
1709 2558 1761 2602 et
1791 2554 1972 2603 virtute
2003 2553 2067 2602 de

400 2632 619 2683 barbaris
653 2636 900 2696 reportata
934 2634 1023 2692 sit,
1060 2649 1301 2681 summum
1335 2638 1529 2697 poetam
1562 2633 1854 2698 Euripidem
1893 2628 2065 2681 in''Sa-

401 2712 578 2762 lamine
610 2711 768 2761 insula
799 2712 849 2762 in
882 2713 1044 2762 lucem
1076 2713 1261 2761 editum
1290 2729 1403 2761 esse
1437 2718 1489 2761 et
1524 2713 1585 2760 ab
1611 2728 1672 2761 eo
1696 2712 1900 2777 proelio,
1935 2712 2066 2776 quod

401 2796 510 2842 erat
543 2793 709 2857 paullo
742 2797 857 2842 ante
891 2794 955 2841 ad
985 2793 1243 2861 Euboeam
1278 2792 1407 2841 haud
1442 2792 1586 2856 longe
1618 2793 1679 2840 ab
1711 2790 1886 2854 Euripi
1932 2790 2067 2841 fteto

401 2872 743 2934 commissum,
793 2887 970 2922 nomen
1016 2872 1269 2937 accepisse
1280 2888 1296 2933 3
1353 2871 1539 2919 addunt
1582 2867 1884 2932 Aeschylum
1929 2868 2063 2918 Sala-

400 2951 549 3000 minio
583 2951 772 3014 proelio
805 2958 1101 3016 pugnantem
1135 2950 1445 3012 interfuisse,
1491 2948 1818 3014 Sophoclem,
1863 2953 1922 2998 ut
1961 2947 2065 2997 for-

404 3045 597 3079 mosum
629 3030 1010 3092 adolescentem,
1044 3031 1095 3079 in
1129 3031 1278 3079 choro
1307 3030 1528 3092 saltasse,
1563 3044 1710 3093 quum
1733 3033 1940 3094 propter
1958 3043 2066 3077 eam

402 3109 652 3158 victoriam
693 3109 880 3159 festum
926 3111 1273 3160 celebraretur.
1351 3109 1515 3158 Huius
1559 3109 1754 3174 generis
1797 3107 2007 3172 plurima
2037 3123 2068 3156 a

404 3188 612 3238 Graecis
639 3189 770 3239 belle
794 3189 1056 3254 lepideque
1080 3189 1349 3252 excogitata
1371 3203 1484 3237 esse
1509 3191 1561 3236 et
1581 3202 1674 3253 pro
1693 3187 1824 3237 veris
1855 3186 2066 3246 vendita,

353 3325 360 3331 ,
405 3268 516 3332 quis
565 3273 644 3318 est
691 3268 776 3332 qui
820 3269 1051 3332 ignoret?
1107 3267 1433 3331 Quamobrem
1477 3283 1557 3316 me
1599 3282 1760 3331 neque
1802 3265 2067 3315 multitudo

405 3347 604 3396 testium
638 3362 800 3411 neque
843 3348 1136 3397 confidentia
1178 3350 1366 3408 movet,
1412 3350 1467 3395 ut
1497 3346 1615 3395 huic
1648 3347 1922 3394 commento
1954 3342 2067 3408 plus
2094 3343 2106 3357 “

405 3442 548 3490 quam
596 3428 851 3477 marmoris
896 3427 1094 3476 calculis
1141 3425 1425 3476 certissimis
1480 3426 1692 3476 tribuam
1709 3459 1726 3483 ‚
1779 3422 2067 3489 praesertim
