2176 3874
1205 351 1330 408 476

433 497 692 550 hortandis
715 497 889 561 magiS,
924 513 1068 562 quam
1098 498 1422 562 delectandis‚
1456 500 1645 549 civibus
1674 515 1877 566 operam
1902 496 2118 563 dedisse,

434 580 669 628 tribuisse
700 577 928 643 personis
964 594 1047 626 eas
1079 580 1342 641 orationeS‚
1380 596 1507 644 quae
1541 580 1695 646 magis
1735 581 2118 631 Atheniensibus

432 660 630 723 cognitu
665 658 926 716 salutares,
964 675 1110 722 quam
1145 676 1470 725 personarum
1503 661 1692 709 caussis
1717 661 2120 711 accommodatae

434 747 634 797 essent,
690 740 896 803 quilibet
941 740 1093 789 videt.
1160 740 1337 804 Neque
1381 757 1478 789 non
1525 747 1667 806 grato
1701 741 1864 790 animo
1896 742 2023 790 haec
2058 743 2119 792 ab

432 820 818 870 Atheniensibus
862 826 1096 884 accepta,
1144 836 1305 885 neque
1347 821 1640 870 frustratum
1684 837 1797 871 esse
1829 822 2121 886 Euripidem

432 902 603 950 fructu
638 899 791 948 studii
824 900 1162 949 honestissimi
1209 907 1293 950 aut
1328 901 1620 951 destitutum
1667 901 1843 963 laude,
1893 919 2022 966 quae
2067 905 2121 951 et

434 981 624 1047 patriae
660 980 766 1028 eius
802 980 956 1028 amori
991 981 1135 1044 plane
1171 981 1400 1044 singulari
1435 987 1487 1030 et
1521 982 1752 1031 carminis
1786 981 2120 1046 praestantiae

435 1062 726 1118 deberetur,
762 1076 822 1108 ex
858 1060 1075 1125 Lycurgi
1112 1061 1274 1108 verbis
1310 1060 1627 1126 intelligitur:
1664 1060 1747 1112 διὸ
1781 1059 1869 1112 καὶ
1903 1060 2121 1121 δικαίως

435 1143 504 1192 ἄν
536 1158 614 1200 τις
650 1138 949 1204 Εὐριπίδην
984 1136 1315 1200 ἐπαινέσειεν,
1351 1137 1431 1190 ὅτι
1463 1140 1527 1190 τά
1560 1157 1614 1191 τε
1648 1143 1780 1192 ἄλλα
1815 1139 1892 1192 ὢν
1914 1137 2122 1207 ἀγαθὸς

433 1219 655 1287 ποιητὴς
688 1218 778 1271 καὶ
809 1223 1004 1270 τοῦτον
1040 1219 1135 1271 τὸν
1168 1224 1352 1287 μῦθον
1385 1220 1652 1285 προείλετο
1686 1225 1921 1291 ποιῆσαι,
1954 1221 2120 1290 ἡγού-

433 1321 592 1371 μενος
624 1301 905 1352 κάλλιστον
940 1299 1008 1351 ἂν
1053 1300 1304 1367 γενέσθαι
1350 1305 1461 1362 τοῖς
1505 1302 1742 1364 πολίταις
1788 1303 2123 1370 παράδειγμα

435 1383 528 1444 τὰς
563 1381 779 1434 ἐκείνων
805 1381 1031 1446 προέξεις,
1068 1382 1202 1447 πρὸς
1226 1383 1289 1443 ἃς
1305 1374 1714 1448 ’ἀποβλέποντας
1733 1383 1821 1437 καὶ
1844 1388 2122 1450 θεωροῦν-

432 1484 526 1525 τας
572 1461 948 1525 συνεθίζεσθαι
999 1467 1114 1524 ταῖς
1158 1466 1353 1530 ψυχαῖς
1400 1463 1461 1516 τὸ
1509 1464 1608 1532 τὴν
1654 1465 1884 1531 πατρίδα
1931 1467 2121 1531 φιλεῖν.

432 1549 501 1597 Et
544 1551 758 1596 testatur
791 1545 1088 1595 Plutarchus
1135 1547 1184 1595 in
1230 1547 1331 1594 vita
1365 1545 1535 1596 Niciae
1570 1547 1636 1611 (c.
1670 1551 1718 1597 9.
1749 1566 1797 1613 p.
1831 1547 1973 1611 529.)
2010 1563 2123 1595 car-

430 1629 559 1678 mina
620 1626 744 1674 haec
802 1626 1016 1674 iucunda
1058 1627 1442 1676 Atheniensibus
1504 1627 1664 1678 fuisse
1724 1634 1873 1692 atque
1930 1628 1982 1676 in
2035 1642 2123 1675 ore

433 1708 649 1758 omnium
682 1711 876 1755 versata
913 1723 1054 1765 esse;
1104 1713 1354 1756 testantur
1389 1708 1522 1756 idem
1559 1709 1801 1768 artificeS‚
1835 1723 1946 1768 res,
1997 1723 2124 1771 quae

431 1787 687 1853 Euripidis
725 1787 949 1835 dramate
986 1788 1393 1848 continebantur,
1430 1788 1702 1837 simulacris
1744 1792 2122 1853 repraesentan-

431 1875 524 1919 tes,
593 1866 924 1916 Nihilominus
961 1868 1319 1932 Aristophanes
1354 1870 1598 1917 contraria
1633 1884 1833 1928 eorum,
1865 1883 1990 1932 quae
2024 1882 2123 1915 non

432 1952 527 1999 hac
563 1952 786 2007 tantum,
835 1948 927 1995 sed
960 1948 1188 1996 omnibus
1225 1948 1334 1996 fere
1367 1948 1548 1998 fabulis
1582 1949 1848 2014 Euripides
1882 1947 2030 2007 fecit,
2077 1947 2125 1995 ei

434 2029 627 2079 crimini
674 2027 839 2084 dedit,
902 2027 1035 2074 vitiis
1081 2032 1131 2074 et
1179 2029 1454 2077 sceleribus
1507 2027 1936 2092 repraesentandis
1981 2027 2127 2076 unice

435 2126 550 2160 eum
600 2107 851 2155 studuisse
899 2105 1185 2166 affirmanS,
1245 2123 1272 2154 a
1327 2108 1509 2155 virtute
1555 2112 1719 2155 autem
1769 2113 1822 2155 et
1864 2107 2126 2155 honestate

435 2186 742 2239 ostendenda
768 2186 1079 2236 abstinuisse.
1151 2186 1247 2247 Qui
1272 2186 1368 2234 nisi
1396 2186 1700 2245 calumniari,
1724 2203 1872 2250 quam
1894 2201 2124 2250 arguere,

432 2268 703 2326 maluisset,
738 2266 866 2313 hanc
899 2265 1117 2313 fabulam
1154 2266 1371 2315 omnium
1406 2267 1620 2314 maxime
1654 2267 1903 2329 exagitare
1937 2265 2123 2314 debuit.

433 2347 669 2398 Profecto
716 2346 844 2393 enim
894 2346 1007 2408 qui,
1057 2346 1239 2393 oblitus
1285 2361 1530 2410 personae
1574 2351 1781 2409 poetae,
1832 2349 1967 2393 tanta
2011 2361 2123 2393 cum

434 2427 698 2478 ambitione
732 2425 1072 2490 praeceptoris
1107 2426 1467 2489 monitorisque
1507 2431 1677 2490 partes
1711 2425 1840 2488 egit,
1883 2429 1938 2472 ut
1971 2429 2022 2473 et
2055 2425 2126 2473 vi-

434 2524 518 2558 ros
566 2511 618 2555 et
664 2505 877 2554 feminas
925 2511 977 2554 et
1011 2505 1223 2569 virgines
1258 2506 1381 2554 alios
1416 2512 1532 2570 post
1565 2505 1687 2554 alios
1722 2505 1986 2554 induceret
2018 2509 2126 2553 tan-

435 2603 581 2652 quam
616 2591 839 2634 oratores
874 2603 966 2651 pro
1000 2587 1187 2649 rostris·
1226 2586 1477 2646 dicentes,
1530 2586 1670 2649 quasi
1717 2590 1803 2634 aut
1845 2585 1896 2634 in
1941 2584 2125 2633 bellum

434 2667 750 2732 profecturos
788 2667 923 2715 cives
958 2667 1280 2715 hortarentur
1329 2672 1415 2714 aut
1466 2666 1517 2713 in
1552 2667 1657 2714 acie
1691 2664 1984 2714 interfectos
2020 2663 2124 2711 lau-

436 2748 630 2808 darent,
667 2749 725 2795 ab
763 2747 1005 2795 eiusmodi
1037 2747 1188 2809 igitur
1223 2751 1367 2810 poeta
1394 2747 1434 2794 si
1455 2746 1567 2810 quis
1585 2746 1829 2794 abiectam
1853 2760 1965 2792 esse
1988 2759 2124 2792 sum-

438 2845 569 2878 mam
604 2827 824 2892 tragicae
857 2827 978 2875 artis
1015 2824 1101 2891 (τὰ
1135 2823 1351 2890 μέγιστα
1394 2826 1712 2889 παραλιπεῖν
1744 2827 1837 2891 τῆς
1867 2821 2125 2891 τραγῳδι-

437 2910 535 2974 κῆς
569 2903 770 2972 τέχνης,
805 2908 955 2956 Arist.
991 2907 1122 2956 Nub.
1159 2910 1331 2970 1494.)
1367 2913 1596 2966 accuset,
1631 2922 1745 2954 eum
1780 2907 1888 2954 iure
1921 2904 2125 2954 merito-

437 3005 534 3053 que
586 3004 821 3036 accusare
867 2987 1202 3036 confitendum
1251 2988 1363 3039 erit.
1443 2987 1662 3049 Quorum
1707 2985 1828 3034 nihil
1874 2984 1999 3032 fecit
2041 2999 2123 3031 ca-

436 3068 731 3127 lumniator3
769 3066 884 3129 quin
920 3068 1069 3116 etiam
1103 3069 1152 3117 in
1179 3084 1321 3117 suum
1346 3084 1488 3116 usum
1515 3065 1846 3115 convertendo
1880 3064 2125 3113 orationes

434 3148 547 3197 illas
584 3146 941 3212 comprobavit.
1492 3148 1498 3151 “

1108 3320 1463 3327 ——————-—-
