2144 3854
923 283 1047 345 257

277 437 496 504 Iamque
529 434 885 486 tumescebant
915 434 1097 483 vitiati
1121 430 1362 499 pondera
1393 434 1607 496 ventri-33

409 518 695 584 Aegraque
714 515 977 582 fitrtivum
1009 514 1239 564 membra
1275 515 1534 580 gravabat
1568 522 1744 568 onus.”

143 599 284 650 Haec
327 598 413 648 ille
459 613 550 648 sua
596 598 790 647 ratione
823 594 896 643 sic
929 595 1199 643 exornavit.
1266 596 1555 645 Accuratius
1591 598 1700 647 sine
1731 597 1824 647 du-

146 680 228 730 bio
259 678 514 742 Euripidis
562 676 770 741 vestigia
816 673 1383 741 Antiphaneslcomicus
1415 675 1466 724 in
1501 677 1656 728 Aeolo
1689 677 1826 744 lege-

143 765 238 821 rat,
274 759 412 808 cuius
448 773 619 807 versus
654 754 865 805 servavit
896 754 1180 802 Athenaeus
1215 753 1277 803 X.
1312 771 1364 818 p.
1400 756 1525 804 444:

275 836 585 902 Μακαρεύς,
618 832 773 898 ἔρωτι
807 833 915 883 τῶν
949 830 1273 897 ὁμοσπόρων
1309 837 1429 898 μιᾶς

274 915 504 984 πληγείς,
538 914 668 975 τέως
700 912 798 980 μὲν
831 911 1102 976 ἐπεκράτει
1133 916 1226 981 τῆς
1261 918 1544 983 συμφορᾶς

272 995 474 1064 κατεῖχέ
506 997 562 1048 θ’
598 994 792 1050 αὐτόν·
828 989 975 1046 εἶτα
1008 994 1423 1060 παραλαβών
1467 1010 1625 1046 ποτε

276 1073 475 1130 οἶνον
509 1075 927 1142 στρατηγόν,
975 1075 1035 1136 ὃς
1067 1076 1233 1141 μόνος
1264 1078 1488 1142 θνητοῖς
1521 1077 1634 1141 ἄγει

271 1155 372 1225 τὴν
402 1158 604 1223 τόλμαν
637 1156 711 1218 εἰς
743 1155 804 1208 τὸ
837 1156 1043 1222 πρόσθε
1075 1159 1169 1224 τῆς
1202 1156 1500 1222 εὐβουλίας,

273 1239 537 1305 νύκτωρ
584 1236 886 1298 ἀναστὰς
932 1235 1166 1303 ἔτυχεν
1201 1236 1288 1289 ὡν
1333 1236 1691 1305 ἠβούλετο.
1738 1235 1745 1241 “

139 1319 238 1369 Iam
286 1327 453 1371 autem
501 1327 671 1387 partus
718 1321 868 1369 instat
914 1320 1144 1383 virginis:
1192 1335 1289 1383 qua
1337 1320 1402 1369 de
1446 1335 1506 1369 re
1550 1318 1824 1370 audiendus

138 1415 312 1451 rursus
347 1402 481 1452 idem
517 1401 754 1451 Ovidius:

269 1481 423 1543 „Iam
455 1483 630 1532 novies
665 1486 778 1530 erat
817 1486 932 1529 orta
965 1496 1107 1529 soror
1131 1481 1451 1546 pulcerrima
1486 1481 1696 1543 Phoebi,

407 1561 666 1628 Denaque
701 1562 946 1626 luciferos
981 1558 1136 1608 Luna
1170 1561 1404 1610 movebat
1441 1578 1606 1628 equos.

277 1639 492 1703 Nescia,
528 1658 662 1708 quae
682 1643 895 1705 faceret
926 1640 1118 1689 subitos
1151 1642 1280 1690 mihi
1313 1657 1496 1691 caussa
1531 1642 1747 1704 dolores,
1839 1655 1843 1657 ·

402 1720 482 1769 Et
515 1721 659 1770 rudis
697 1720 767 1770 ad
795 1729 981 1787 partus
1018 1728 1069 1770 et
1093 1738 1239 1770 nova
1271 1723 1418 1770 miles
1455 1728 1649 1771 eram.”

140 1799 291 1850 Venit
334 1801 517 1850 deinde
552 1801 612 1848 ad
648 1802 888 1850 nutricem
925 1802 975 1849 in
1007 1802 1087 1850 his
1124 1804 1269 1850 rebus
1304 1804 1512 1866 trepidis
1547 1807 1825 1852 versantem

139 1879 421 1940 Macareus,
455 1882 628 1930 maiori
664 1881 996 1930 sollicitudine
1029 1883 1139 1946 ipse
1172 1882 1399 1942 affectus,
1440 1883 1635 1946 cognito
1668 1883 1825 1947 patris

140 1960 364 2020 consilio,
399 1961 486 2024 qui
518 1961 615 2009 hoc
649 1963 759 2025 ipso
795 1961 877 2009 die
912 1977 1083 2010 omnes
1132 1962 1280 2010 simul
1326 1962 1509 2010 liberos
1556 1962 1605 2011 in
1656 1963 1825 2011 matri-

139 2039 303 2088 monia
352 2040 599 2089 collocare
645 2047 695 2089 et
727 2057 1024 2105 &communes
1071 2041 1291 2089 omnium
1341 2042 1537 2105 nuptias
1573 2042 1826 2092 celebrare

140 2119 412 2172 constituit.
481 2120 624 2169 Talia
649 2121 778 2169 inter
813 2137 867 2169 se
901 2122 1148 2181 collocuti,
1185 2122 1470 2185 compositis
1498 2123 1827 2188 praeparatis-

140 2213 238 2263 que
270 2199 332 2248 iis
366 2200 531 2261 rebuS‚
566 2216 693 2264 quae
728 2201 790 2248 ad
826 2208 1023 2265 tempus
1050 2201 1328 2265 praevideri
1366 2206 1625 2265 poterant,
1660 2202 1825 2252 disce-

139 2278 279 2328 dunt.
348 2278 545 2329 Nutrici
577 2281 702 2329 haec
737 2281 899 2329 tribuo
931 2281 1110 2329 verba:

269 2359 437 2425 κακῆς
469 2357 559 2409 ἀπ’
595 2357 759 2426 ἀρχῆς
792 2358 1025 2424 γίγνεται
1058 2357 1205 2420 τέλος
1236 2359 1423 2411 κακόν.

271 2438 443 2488 Prodit
475 2440 691 2501 chorus,
743 2441 826 2503 qui
860 2440 1017 2503 qualis
1052 2441 1120 2488 sit
1156 2445 1208 2490 et
1243 2442 1383 2491 cuius
1417 2442 1493 2492 rei
1527 2458 1702 2492 caussa
1735 2459 1826 2493 ve-

140 2518 258 2581 niat,
290 2518 372 2568 his
406 2518 571 2568 verbis
606 2519 848 2568 declarat:

708 2599 1155 2651 HMIXOPION
1181 2602 1249 2654 A.

275 2669 360 2742 ἆρ’
395 2676 592 2743 ἔτυμον
625 2677 787 2742 φάτιν
821 2675 1010 2744 ἔγνων,
1047 2677 1119 2740 ὡς

273 2757 472 2821 Αἴολος
506 2758 709 2822 εὐνάζει
741 2757 807 2810 τὰ
840 2758 996 2811 τέκνα
1030 2759 1252 2825 φίλτατα
1281 2760 1364 2820 ἣ,-

682 2841 1155 2892 ΗΜΙΧΟΡΙΟΝ
1183 2842 1247 2891 Β.

272 2917 491 2982 δοξάσαι
523 2917 648 2983 ἔστι,
682 2920 872 2987 κόραι,
905 2921 967 2973 τὸ
1002 2920 1049 2972 δ’
1085 2918 1346 2988 ἐτήτυμον
1380 2919 1481 2972 οὐκ
1513 2919 1612 2987 ἔχω
1648 2919 1827 2972 εἰπεῖν.

269 2999 595 3066 Progreditur
623 3003 803 3052 deinde
838 3003 1020 3053 Aeolus
1056 3004 1350 3069 stipantibus
1383 3003 1532 3066 filiis,
1567 3008 1619 3053 et
1651 3003 1824 3053 volun-

142 3083 299 3130 tatem
333 3097 470 3132 suam
503 3082 725 3131 oratione
758 3083 1007 3132 declarat:

271 3160 474 3223 παῖδες,
510 3164 692 3227 σοφοῦ
724 3162 859 3226 πρὸς
891 3160 1103 3225 ἀνδρός,
1139 3159 1277 3222 ὅςτις
1310 3158 1369 3213 ἐν
1403 3162 1590 3229 βραχεῖ

274 3235 507 3304 πολλοὺς
538 3243 711 3304 καλῶς
746 3235 860 3303 οἷός
891 3259 946 3294 τε
980 3239 1292 3307 συντέμνειν
1323 3242 1535 3309 λόγους.

204 3444 256 3499 *)
283 3445 453 3504 Vulgo:
483 3446 626 3505 ἔγνων
652 3449 814 3504 Αἴολος
841 3448 1049 3506 εὖνᾶζειν
1077 3465 1126 3496 τε
1155 3448 1292 3496 τέκνα
1319 3454 1413 3497 κτλ.

1434 3524 1496 3570 1⁷
