2144 3854
906 280 986 338 61

94 438 193 484 tur.
263 429 614 480 Stheneboeae
646 432 810 477 autem
846 426 1147 476 Phoenicem
1182 427 1454 492 praemitto
1493 429 1625 493 ideo,
1659 431 1792 496 quod

96 517 386 577 argumento
421 517 500 560 est
535 527 612 571 eo,
647 507 795 573 quod,
832 523 943 556 cum
967 506 1104 556 illius
1128 514 1419 570 argumento
1448 513 1794 577 compositum,

95 598 146 642 et
179 594 346 658 ipsum
384 591 717 641 illustraretur
750 594 802 638 et
836 586 1212 637 commendaret
1254 597 1598 655 argumentum
1644 591 1794 642 Sthe-

95 673 329 723 neboeae.

649 889 720 944 A.
789 887 1234 944 Peliades.

224 1054 391 1105 Maius
439 1052 491 1101 in
542 1051 726 1101 Chron.
764 1052 947 1101 Euseb.
985 1050 1203 1117 (scriptt.
1254 1056 1374 1103 vett.
1425 1067 1549 1102 nova
1585 1054 1694 1104 coll.
1730 1054 1793 1104 Τ.

92 1134 250 1200 VIII.)
284 1154 333 1202 p.
375 1136 458 1184 43.
511 1133 708 1196 scripsit
752 1133 960 1182 haecce:
1010 1133 1211 1194 „Locus
1256 1133 1341 1181 hic
1388 1137 1795 1198 percommodam

91 1217 236 1266 nobis
271 1232 438 1265 ansam
473 1214 682 1280 praebet
717 1214 898 1263 edendi
924 1214 1179 1264 cuiusdam
1214 1213 1470 1263 summarii
1493 1215 1796 1280 Euripideae

90 1297 380 1360 tragoediae
436 1294 696 1352 Peliades,
761 1296 894 1359 quod
957 1294 1180 1344 Armenii
1229 1294 1476 1343 incolume
1521 1304 1794 1347 servarunt.

90 1375 252 1426 Mosis
289 1376 621 1425 Chorenensis
669 1376 846 1424 decem
889 1375 1006 1424 libri
1048 1382 1534 1440 progymnasmatum
1583 1384 1796 1428 exstant.
1881 1413 1885 1417 >

92 1456 313 1505 lamvero
347 1457 498 1506 tertio
534 1456 643 1506 eius
677 1456 962 1506 rhetoricae
1004 1456 1158 1518 libro,
1206 1456 1288 1521 qui
1335 1460 1415 1505 est
1459 1457 1523 1506 de
1566 1458 1794 1528 confuta-

90 1537 242 1599 tione,
277 1537 584 1603 praedictam
621 1537 874 1603 Euripidis
926 1537 1143 1586 fabulam
1194 1536 1366 1585 Moses
1414 1537 1475 1585 ad
1512 1533 1795 1604 exemplum

92 1617 192 1665 sibi
214 1618 450 1681 proponit
474 1618 718 1666 oratoriae
743 1618 1114 1667 confutationis.
1167 1618 1245 1666 En
1264 1623 1428 1666 autem
1459 1619 1566 1667 eius
1592 1621 1794 1669 verba.''

93 1694 225 1745 Vide
259 1696 579 1746 Welckerum
612 1715 660 1762 p.
707 1699 850 1759 625„
898 1698 980 1761 qui
1026 1698 1187 1746 Mosis
1230 1699 1397 1757 verba,
1444 1705 1716 1749 monstrata
1765 1718 1794 1750 a

94 1774 156 1825 G.
201 1775 489 1836 Dindorfi0‚
535 1778 896 1842 transscripsit.
974 1777 1077 1828 Sed
1112 1768 1282 1827 man'ca
1318 1783 1433 1827 sunt
1468 1796 1593 1844 quae
1631 1781 1792 1831 Maius

92 1871 206 1905 cum
239 1857 505 1906 lectoribus
542 1859 944 1917 communicavit,
980 1875 1072 1908 nec
1106 1859 1344 1908 dramatis
1379 1865 1678 1926 structuram
1714 1879 1793 1912 sa-

90 1937 155 1985 tis
190 1937 474 1985 ostendunt.
545 1936 753 1986 Gravius
790 1945 883 1999 est,
918 1940 1051 2003 quod
1086 1939 1291 1988 Diodori
1325 1940 1658 1990 narrationem
1682 1941 1792 2009 (IV,

88 2015 356 2085 50—513.)
391 2018 784 2083 copiosissimam
821 2035 883 2068 ex
916 2019 1160 2086 Euripide
1193 2021 1422 2070 haustam
1457 2037 1604 2083 esse,
1656 2039 1792 2074 com-

88 2097 307 2164 parando
342 2113 450 2146 eam
486 2115 599 2148 cum
632 2098 792 2147 Mosis
827 2099 1097 2162 relatione,
1143 2102 1356 2168 intelligi
1392 2105 1562 2165 potest
1588 2101 1656 2167 *).
1725 2106 1796 2156 Et

88 2179 139 2229 in
172 2179 256 2227 illa
290 2179 491 2243 quidem
527 2179 589 2228 ad
624 2196 774 2229 unum
809 2186 1017 2246 tempus,
1043 2182 1307 2247 locumque
1342 2183 1416 2231 sic
1455 2184 1619 2233 omnia
1653 2186 1792 2236 refe-

88 2265 266 2310 runtur
295 2264 347 2308 et
381 2260 521 2325 quasi
555 2261 745 2310 actibus
781 2262 1011 2311 distincta
1046 2263 1118 2311 sic
1140 2261 1438 2329 procedunt,
1473 2269 1530 2314 ut
1551 2265 1790 2331 originem

90 2340 198 2390 eius
235 2357 373 2399 eam,
422 2357 567 2406 quam
604 2342 730 2404 dixi,
783 2342 941 2391 fuisse
988 2343 1138 2393 etiam
1175 2344 1284 2394 sine
1317 2344 1609 2409 cuiusquam
1643 2348 1790 2397 testi-

88 2421 253 2471 monio
286 2422 518 2485 cognosci
549 2424 787 2486 potuerit.

221 2491 419 2551 Initium
453 2502 679 2567 prologi,
730 2519 878 2567 quem
923 2505 1026 2568 egit
1074 2504 1290 2567 Medea,
1341 2510 1593 2557 servatum
1628 2515 1708 2558 est
1741 2510 1791 2560 in

89 2581 296 2631 scholiis
330 2582 394 2630 ad
427 2581 563 2630 Med.
600 2598 644 2631 v,
679 2585 796 2634 688.
825 2584 1055 2649 scriptis:

223 2659 442 2728 Μήδεια
475 2660 608 2727 πρὸς
641 2660 739 2728 μὲν
773 2661 1013 2729 δώμασιν
1046 2667 1404 2730 τυραννικοῖς.

88 2742 323 2793 Medeam
359 2743 541 2806 solam,
590 2745 816 2809 corporis
863 2744 1024 2793 forma
1070 2747 1218 2794 simul
1254 2735 1377 2796 ¹cum
1410 2752 1551 2796 veste
1584 2751 1789 2811 mutata,

89 2823 153 2874 ad
187 2824 337 2874 aedes
370 2825 530 2889 regias
565 2841 622 2874 se
657 2826 955 2886 contulisse,
992 2842 1141 2890 quum
1174 2827 1372 2877 interim
1403 2828 1715 2892 Argonautae
1739 2831 1791 2880 in

85 2910 237 2972 portu
271 2905 482 2970 quodam
516 2908 684 2956 terrae
716 2905 1011 2955 Thessaliae
1044 2923 1218 2957 navem
1267 2908 1510 2957 occultam
1563 2914 1791 2960 tenerent

88 2989 240 3051 atque
274 2991 506 3036 eventum
541 2987 959 3036 machinationum
995 2986 1209 3037 Medeae
1254 2994 1630 3055 exspectarent,
1684 2991 1789 3040 col-

90 3065 177 3131 ligi
211 3071 381 3131 potest
417 3082 480 3115 ex
513 3065 669 3116 Mosis
703 3069 859 3133 ipsius
894 3068 1056 3117 verbis
1092 3069 1258 3118 hisce:
1293 3070 1415 3130 „Ait
1448 3071 1579 3119 enim
1610 3071 1788 3136 ipsam,

89 3146 332 3195 societate
368 3163 479 3196 cum
515 3147 684 3197 lasone
710 3148 920 3214 quodam
945 3149 1080 3208 inita,
1116 3166 1144 3198 e
1180 3149 1455 3215 Scythia
1489 3151 1553 3200 in
1589 3151 1787 3201 Thes-

91 3226 317 3276 saliam
351 3228 696 3293 navigasse
750 3235 946 3294 atque
979 3235 1167 3279 artes
1202 3231 1484 3297 magicas
1520 3232 1787 3298 hicpro·

88 3304 338 3356 fessam
381 3323 585 3375 regem,
644 3311 727 3374 qui
772 3315 938 3360 terrae
982 3310 1284 3376 imperabat,
1333 3312 1518 3361 dolosis
1567 3311 1787 3362 consiliis

148 3502 193 3558 ·)
222 3504 335 3549 Cum
363 3505 560 3550 Diodoro
588 3506 799 3566 Hyginus
829 3521 867 3551 c.
896 3504 967 3549 24.
996 3507 1241 3564 plurimam
1269 3512 1445 3565 partem
1476 3508 1706 3554 consentit.
