2144 3854
886 268 991 338 ‚93

242 418 376 488 ἔρως
404 419 507 488 γὰρ
540 417 712 486 ἀργὸν
741 414 870 470 κάπὶ
901 416 1015 475 τοῖς
1046 414 1231 480 άργοῖς
1263 414 1368 480 ἔφυ
1383 429 1397 444 ·

243 504 387 570 φιλεῖ
418 502 686 565 κάτοπτρα
718 497 807 550 καὶ
837 496 1003 563 κόμης
1037 494 1369 560 ξανθίσματα
1392 495 1464 561 *),

243 584 429 651 φεύγει
461 581 520 635 δὲ
553 581 822 648 μόχθους·
854 576 916 629 ἓν
951 575 1009 628 δέ
1041 593 1132 643 μοι
1163 576 1465 643 τεκμήριον·

247 663 423 725 οὐδεὶς
451 663 750 729 προςαιτῶν
782 658 966 726 βίοτον
997 656 1210 724 ἠράσθη
1245 657 1474 724 βροτῶν,

243 744 303 797 ἐν
334 748 447 805 τοῖς
481 744 528 795 δ’
564 741 776 809 ἔχουσιν
809 737 1062 806 ἐμπέφυχ’
1097 737 1249 806 ἡβῶν
1279 736 1359 788 ozei
1390 735 1488 802 **).

112 826 348 876 Ceterum
395 841 572 891 magno
628 830 680 873 et
726 823 901 871 fidenti
954 822 1116 870 animo
1165 835 1389 868 caussam
1450 817 1572 867 dicit
1616 817 1796 881 Danae,

111 906 240 956 freta
272 907 499 956 nimirum
533 905 658 962 eius,
693 904 777 968 qui
813 903 1081 968 stupravit,
1115 900 1339 965 potentia
1371 925 1435 934 —-

245 986 645 1049 „Manubiae
676 989 994 1050 suppetat
1020 997 1144 1049 pro
1177 979 1304 1029 me’'

242 1147 514 1208 „Omnes
558 1142 942 1210 formidant
1005 1142 1302 1191 homines
1374 1141 1520 1189 eius
1576 1140 1801 1188 valen-

717 1249 759 1258 «
924 1224 984 1272 ti
997 1223 1122 1273 am”
1158 1250 1220 1259 —-

112 1322 273 1369 neque
307 1323 381 1364 se,
414 1306 665 1355 imbellem
699 1306 953 1369 virginem,
989 1304 1169 1353 summi
1202 1301 1333 1350 Iovis
1356 1299 1597 1349 voluntati
1628 1301 1803 1349 adver-

113 1387 212 1436 sari
243 1387 467 1453 potuisse
500 1386 726 1435 Semelae
761 1386 988 1451 exemplo
1025 1384 1282 1434 confirmat
1314 1409 1379 1418 —

246 1493 315 1503 ν-
344 1483 570 1533 „quam
603 1466 929 1533 quondam
950 1465 1259 1532 fulmine
1282 1462 1408 1512 icit
1434 1461 1803 1526 Iupiter”—

114 1545 327 1610 denique
360 1549 507 1595 etiam
541 1548 680 1594 minis
718 1552 906 1610 patrem
939 1552 1134 1593 terrere
1167 1550 1405 1604 conatur,
1457 1543 1581 1591 adeo
1631 1547 1688 1591 ut
1719 1558 1805 1590 au-

116 1627 306 1675 daciam
322 1670 325 1673 .
340 1626 561 1674 mulieris
595 1626 778 1673 chorus
814 1625 1087 1673 admiretur
1100 1640 1115 1671 :

256 1707 381 1770 φεῦ,
415 1707 551 1755 τοῖσι
580 1702 905 1769 γενναίοισιν
939 1700 1009 1763 ὡς
1042 1700 1349 1767 ἁπανταχοῦ

248 1783 433 1850 πρέπει
465 1783 731 1851 χαρακτὴρ
763 1782 987 1851 χρηστὸς
1020 1783 1093 1843 εἰς
1125 1781 1400 1848 εὐψυχίαν.

122 1864 224 1914 Sed
257 1872 399 1931 pater
431 1867 551 1915 nihil
588 1882 762 1915 curans
796 1867 953 1915 minas
987 1893 1053 1901 —-

250 1945 516 2007 „Etiam
548 1946 870 1996 minitas?
904 1947 1097 1995 mitte
1133 1960 1240 2005 ea,
1277 1958 1446 2010 quae
1478 1957 1621 1991 mea
1651 1949 1806 1991 sunt

964 2041 1188 2091 mage,
1224 2040 1413 2091 quam
1447 2019 1600 2072 tud’
1636 2051 1699 2060 —

121 2108 174 2156 et
204 2105 360 2171 magis
393 2107 541 2156 etiam
577 2107 882 2156 contumacia
913 2106 1046 2155 illius
1080 2107 1424 2164 exacerbatuS,
1460 2119 1667 2169 poenam
1698 2119 1807 2153 sce-

120 2186 238 2235 leris
273 2187 502 2236 continuo
537 2189 820 2237 constituit:

249 2266 485 2330 „quim
536 2274 606 2317 ut
659 2269 939 2335 quisque
973 2274 1070 2317 est
1115 2267 1434 2328 merita-9,
1482 2280 1810 2332 praesens

574 2348 576 2353 '
843 2351 1146 2414 pretium
1173 2346 1807 2415 profactisferat.”
1872 2359 1876 2363 ⁴

121 2424 196 2474 De
227 2426 324 2475 hac
355 2427 593 2476 dramatis
622 2432 768 2493 parte
811 2429 910 2478 hoc
956 2431 1103 2478 docet
1147 2429 1511 2494 Apollodorus:
1562 2426 1810 2490 αἰσθόμε-

122 2522 217 2564 νος
251 2503 310 2555 δὲ
348 2497 612 2570 Ἀκρίσιος
642 2505 865 2573 ὕστερον
899 2505 951 2570 ἐξ,
975 2508 1137 2576 αὐτῆς
1173 2505 1561 2574 γεγεννημένον
1585 2506 1811 2572 Περσέα,

124 2581 210 2651 μὴ
244 2586 622 2646 πιστεύσας
654 2586 787 2638 ὑπὸ
822 2587 994 2648 Διὸς
1041 2586 1396 2654 ἐφθάρθαι
1440 2586 1560 2654 τὴν
1607 2592 1810 2654 θυγα-

123 2663 321 2731 τέρα,
369 2666 498 2732 μετὰ
547 2671 647 2718 τοῦ
681 2665 870 2729 παιδὸς
903 2667 981 2729 εἰς’
1007 2668 1245 2734 λάρνακα
1278 2666 1458 2734 βαλὼν
1493 2666 1707 2733 ἕρῤιψεν
1742 2669 1814 2730 εἰς

122 2747 453 2805 adamam„
487 2749 624 2798 Haec
659 2751 822 2811 enim,
872 2752 999 2799 sicut
1042 2752 1229 2814 priora,
1277 2766 1338 2799 ex
1386 2750 1625 2814 Euripide
1657 2753 1816 2815 petita

125 2844 239 2878 esse
273 2829 479 2878 Malalas
515 2846 563 2894 p.
600 2832 679 2880 34.
714 2832 791 2881 ed.
830 2829 973 2879 Nieb.
1010 2831 1254 2879 ostendit:
1303 2826 1423 2893 περὶ
1455 2818 1520 2895 ἧς
1553 2826 1812 2894 ἐμυθολό-

125 2918 286 2975 γησεν
319 2908 616 2976 Εὐριπίδης
650 2908 680 2961 ὁ
715 2909 1025 2976 σοφώτατος
1060 2907 1117 2959 ἐν
1148 2914 1214 2975 τῇ
1250 2908 1491 2972 συντάξει
1523 2913 1623 2961 τοῦ
1645 2911 1815 2964 αὐτοῦ

127 2988 394 3055 δράματος
449 2987 509 3041 ἐν
553 2989 782 3061 κιβωτίῳ
826 2989 931 3042 τινὶ
975 2990 1267 3056 βληθεῖσαν
1297 2989 1388 3043 καὶ
1436 2989 1685 3057 ῥιφεῖσαν
1717 2990 1817 3060 τὴν

127 3070 380 3136 Δανάην,
437 3070 509 3132 ὡς
557 3075 860 3138 φθαρεῖσαν
901 3069 1008 3122 ὑπὸ
1067 3070 1202 3132 Διὸς
1266 3070 1691 3139 μεταβληθέντος
1745 3074 1817 3134 εἰς

126 3151 344 3216 χρυσόν.
1105 3145 1113 3152 ’

184 3278 237 3334 *)
267 3279 542 3335 Suspicabar
578 3278 861 3322 scribendum
901 3293 999 3322 esse
1031 3279 1300 3336 ξενίσματα,
1357 3281 1435 3323 sed
1473 3281 1576 3324 vide
1621 3282 1813 3324 Meinek.

272 3350 331 3391 ad
358 3350 527 3406 fragm.
557 3350 793 3393 Menandri
821 3366 864 3406 p.
901 3349 1000 3392 235.

130 3412 140 3418 ’
175 3417 244 3472 **)
272 3420 413 3531 151⁰ss-
453 3418 629 3477 ἡβητὴς
667 3419 834 3477 πέφυχ’
877 3416 971 3466 ὅδε.
1038 3420 1324 3465 Coniecturae
1360 3421 1593 3465 variorum
1635 3422 1818 3480 collegit

323 3490 559 3534 atthiaeus.
