2176 3874
874 291 1015 362 {445

120 439 291 490 fuisse.
357 437 524 504 Pergit
553 437 758 488 Procius
790 439 855 487 de
887 453 1033 487 nomo
1067 451 1313 503 exponere
1357 437 1454 486 sic:
1523 435 1790 498 „creditur

121 525 290 570 autem
321 518 613 584 Terpander
646 519 831 583 primus
851 531 1028 566 nomon
1061 517 1337 580 perfecisse
1370 517 1640 566 heroico
1671 533 1788 566 me-

121 604 225 649 tro
258 597 596 661 utendo*)‚
644 598 826 648 deinde
857 595 1011 644 Arion
1045 594 1430 660 Methymnaeus
1475 612 1571 646 non
1615 612 1788 661 parum

120 678 343 738 auxisse,
390 693 541 741 quum
577 682 712 726 esset
742 678 876 726 idem
906 680 1054 740 poeta
1089 681 1140 723 et
1175 676 1507 726 citharoedus·
1573 677 1789 741 Phrynis

119 761 285 806 autem
319 755 649 820 Mitylenaeus
684 771 858 805 novam
901 753 1139 802 rationem
1182 755 1396 804 induxit:
1451 757 1792 805 hexametrum

121 836 252 885 enim
290 851 400 902 cum
435 836 597 886 soluto
630 842 790 886 metro
825 830 1133 900 (λελυμένῳ)
1169 835 1418 883 coniunxit
1451 841 1502 883 et
1544 835 1655 899 plus
1709 851 1789 883 se-

121 921 258 980 ptem
291 916 490 965 chordis
524 931 646 964 usus
680 920 770 966 est.
838 913 1129 963 Timotheus
1153 914 1367 976 denique
1401 930 1512 962 eum
1546 916 1631 978 qui
1662 931 1791 964 nunc

124 1000 203 1044 est
251 995 476 1045 ordinem
523 993 712 1059 (τάξιν)
757 991 999 1044 induxit.''
1064 994 1156 1042 His
1202 994 1430 1042 continuo
1474 994 1681 1043 Proclus
1728 995 1791 1044 de

124 1074 440 1139 dithyrambo
462 1075 706 1124 subiunxit
728 1074 942 1123 haecce:
978 1074 1363 1137 „Dithyrambus
1398 1073 1629 1122 incitatus
1663 1075 1791 1123 mul-

122 1159 329 1220 tumque
360 1154 542 1204 furoris
577 1170 687 1203 cum
722 1155 978 1203 saltatione
1022 1153 1315 1214 ostendenS‚
1363 1153 1425 1201 ad
1457 1153 1792 1202 vehementio-

123 1249 207 1284 res
255 1233 462 1284 affectus
497 1241 809 1300 comparatus
844 1240 947 1296 est,
983 1235 1067 1299 qui
1100 1232 1282 1283 numini
1317 1230 1548 1297 (Bacchi)
1582 1234 1794 1283 maxime

125 1313 432 1364 conveniunt.
516 1314 582 1363 Et
625 1315 893 1364 vehemens
938 1314 1308 1376 concitatusque
1353 1318 1430 1361 est
1476 1314 1696 1363 numeris
1741 1317 1794 1363 et

124 1393 416 1460 simpliciori
456 1394 613 1443 utitur
647 1395 874 1443 dictione.
941 1394 1127 1443 Nomos
1175 1398 1346 1441 contra
1391 1397 1596 1458 propter
1628 1409 1793 1443 mores

125 1475 396 1539 composito
445 1474 599 1538 gradu
645 1490 703 1522 ac
746 1474 1006 1536 magnifico
1048 1474 1282 1522 incedens
1315 1473 1680 1522 remissioribus
1715 1477 1795 1523 est

124 1553 343 1603 numeris
378 1557 431 1603 et
464 1554 651 1618 duplici
685 1554 841 1602 utitur
875 1555 1090 1604 dictione
1137 1550 1456 1616 (διπλασίαις
1488 1555 1602 1612 ταῖς
1633 1550 1796 1614 λέξεσι

124 1630 405 1699 κέχρηται).
481 1635 647 1696 Atque
680 1635 830 1683 etiam
875 1634 1144 1682 harmoniis
1189 1635 1288 1682 suis
1336 1633 1599 1697 utrumque
1640 1650 1794 1699 genus

124 1713 451 1779 peculiaribus
495 1714 678 1763 utitur:
734 1714 1070 1780 dithyrambus
1113 1714 1244 1762 enim
1290 1714 1555 1777 Phrygiam
1602 1714 1696 1762 sibi
1743 1719 1796 1763 et

125 1793 531 1859 Hypophrygiam
564 1794 801 1853 vindicat,
835 1796 1021 1844 'nomos
1056 1800 1218 1842 autem
1255 1793 1795 1843 citharoedorum

127 1878 427 1938 systemate,
462 1873 650 1937 Lydio,
685 1878 1010 1940 temperatur.
1079 1873 1290 1923 Videtur
1322 1878 1486 1923 autem
1519 1873 1796 1938 dithyram-

129 1955 222 2004 bus
253 1953 306 2002 iu
338 1953 635 2002 rusticorum
670 1954 783 2002 lusu
817 1960 869 2003 et
912 1956 1160 2003 hilaritate
1193 1955 1321 2002 inter
1355 1954 1533 2018 pocula
1565 1958 1796 2019 repertus

126 2049 267 2095 esse,
312 2049 483 2084 nomos
517 2038 681 2082 autem
714 2049 742 2081 a
773 2049 961 2098 paeane
995 2033 1215 2083 fluxisse.
1282 2033 1371 2082 Ille
1418 2034 1546 2082 enim
1579 2049 1798 2083 commu-

126 2115 235 2164 nior
267 2118 373 2174 est,
419 2112 483 2161 ad
528 2113 654 2162 mala
702 2115 1068 2162 averruncanda
1111 2113 1444 2177 conscriptus,
1480 2114 1566 2162 hic
1599 2115 1800 2179 proprie

127 2194 192 2244 ad
233 2192 511 2259 Apollinem
552 2194 785 2258 pertinet.
858 2194 999 2243 Unde
1044 2209 1216 2242 nomos
1264 2193 1512 2242 furibundi
1552 2193 1675 2243 nihil
1705 2194 1800 2243 ha-

128 2274 244 2332 bet,
290 2274 418 2323 sicut
465 2273 822 2337 dithyrambus.
907 2275 979 2324 Ibi
1012 2276 1143 2324 enim
1176 2273 1464 2322 temulentia
1509 2278 1584 2322 est
1628 2277 1680 2321 et
1721 2273 1799 2323 lu-

131 2368 243 2409 sus,
301 2353 353 2402 in
411 2368 558 2401 nomo
604 2352 990 2416 supplicationes
1048 2360 1100 2402 et
1145 2353 1332 2401 multus
1384 2353 1537 2402 decor
1580 2350 1799 2419 (τάξις);

129 2447 340 2496 namque
370 2431 480 2497 ipse
511 2432 646 2495 quod
677 2431 854 2481 attinet
887 2433 950 2480 ad
983 2448 1154 2481 sonum
1188 2432 1509 2496 (κρουσμὸν)
1543 2433 1716 2482 ordine
1749 2438 1801 2483 et

133 2511 408 2577 composita
426 2511 618 2560 ratione
644 2509 958 2578 (συστήματι
980 2510 1391 2578 κατεσταλμένῳ)
1414 2509 1653 2563 incedit.’'
1721 2512 1800 2562 Ex

132 2592 213 2642 his
252 2591 398 2640 facile
439 2590 731 2655 intelligitur
775 2608 954 2641 nomon
999 2594 1169 2658 epicae
1217 2594 1385 2657 poesi,
1434 2592 1800 2656 dithyrambum

132 2672 430 2722 dramaticae
477 2671 736 2720 finitimum
781 2672 939 2722 fuisse
956 2669 1054 2736 **).
1148 2671 1380 2722 Traditur
1423 2677 1588 2722 autem
1634 2671 1801 2721 Xeno-

191 2832 647 2888 ³⁸³)P1utarchsMus.
682 2849 719 2877 c.
748 2832 800 2876 5:
848 2831 930 2878 τὸν
972 2834 1292 2892 Τέρπανδρον,
1329 2833 1654 2892 κιθαρῳδικῶν
1691 2848 1801 2877 ποι-

271 2901 388 2960 ητὴν
417 2901 529 2948 ὄντα
558 2903 734 2959 νόμων,
775 2903 894 2948 κατὰ
921 2904 1065 2961 νόμον
1093 2904 1282 2950 ἕκαστον
1321 2909 1449 2956 τοῖς
1483 2904 1644 2949 ἔπεσι
1677 2907 1800 2954 τοῖς

275 2972 487 3019 ἑαυτοῦ
524 2974 621 3018 καὶ
651 2978 776 3025 τοῖς
803 2972 1048 3032 Ὁμήρου
1077 2977 1186 3033 μέλη
1213 2974 1518 3034 προςτιθέντα
1548 2973 1646 3033 ᾆδε
1663 2991 1714 3018 ιν
1743 2973 1800 3018 ἐν

277 3047 399 3096 τοῖς
438 3043 668 3101 ἀγῶσιν.
743 3043 994 3102 Ἀποφῆναι
1044 3045 1094 3091 δὲ
1143 3047 1310 3091 τοῦτον
1359 3045 1566 3103 ὀνόμαϊα
1617 3046 1799 3103 πρῶτον

274 3118 373 3166 τοῖς
401 3117 730 3174 κιθαρῳδικοῖς
764 3115 936 3170 νόμοις.
1005 3114 1204 3172 “Ομοι’ως
1231 3116 1281 3161 δὲ
1313 3117 1591 3176 Τερπάνδρῳ
1618 3116 1802 3160 Κλονᾶν

275 3182 359 3229 τὸν
385 3187 568 3244 πρῶτον
595 3184 932 3242 συστησάμενον
959 3186 1070 3238 τοὺς
1109 3185 1391 3247 αὐλῳδικοὺς
1427 3187 1597 3243 νόμους
1633 3186 1711 3230 καὶ
1742 3181 1801 3229 τὰ

275 3254 498 3312 προςόδια
546 3255 813 3313 ἐλεγείων
851 3273 907 3300 τε
944 3258 1044 3301 καὶ
1082 3258 1234 3303 ἐπῶν
1272 3256 1524 3315 ποιητὴν
1571 3255 1802 3314 γεγονέ-

277 3340 389 3369 ναι.
447 3329 614 3383 Quater
641 3328 806 3391 Pythia
824 3327 983 3369 vicisse
1001 3329 1260 3384 Terpander
1287 3330 1540 3381 ferebatur,
1569 3328 1675 3371 ibid.
1700 3341 1738 3368 c.
1756 3324 1801 3368 4.

115 3405 117 3407 “
169 3394 244 3450 ⁹⁶³⁶)
273 3395 498 3440 Plutarch.
528 3399 643 3442 Mus.
675 3413 712 3447 c.
743 3397 794 3439 4:
839 3392 909 3441 ὅτι
938 3396 988 3441 δὲ
1017 3399 1062 3442 οἱ
1090 3400 1393 3456 κιθαρῳδικοὶ
1420 3397 1555 3455 νόμοι
1585 3396 1630 3440 οἱ
1658 3394 1803 3439 πάλαι

278 3462 325 3519 ἐξ
358 3463 479 3512 ἐπῶν
517 3470 811 3520 συνίσταντο,
856 3467 1085 3524 Τιμόθεος
1113 3469 1308 3527 ἐδήλωσε
1336 3473 1427 3519 κτλ.
1493 3469 1615 3526 Lyra
1654 3470 1801 3510 autem
