2144 3854
993 268 1115 328 245

207 419 583 488 άνατραφῆναι
598 434 609 446 ·
657 415 790 471 ἔνιοι
822 415 879 469 δὲ
909 415 999 468 καί
1032 425 1200 481 φασιν
1244 412 1410 467 αὐτὸν
1455 409 1593 468 εἶναι
1638 416 1805 470 παῖδα
1815 417 1884 486 *).

209 499 283 551 De
316 501 498 567 pedum
533 506 730 550 tumore
763 499 923 549 idem:
961 495 1018 548 οἱ
1047 495 1106 547 δὲ
1139 495 1244 548 άπὸ
1276 497 1386 548 τῶν
1418 498 1741 565 σπαργάνων
1774 517 1886 565 φα-

208 579 297 633 σὶν
346 580 512 633 αὐτὸν
555 577 868 648 ἐξῳδηκέναι
912 573 979 629 ἐκ
1025 577 1470 642 ταύτομάτου
1516 577 1589 631 τὼ
1620 579 1765 632 πόδε.
1832 581 1887 631 In

206 663 412 727 reliquis
431 663 658 727 Hyginus
684 663 745 711 ab
768 659 1008 724 Euripide
1030 661 1303 709 recessisse
1327 660 1725 728 Sophoclemque
1745 678 1887 711 secu-

206 747 288 792 tus
322 758 436 791 esse
468 742 679 792 videtur.
746 740 883 789 Illius
918 743 1085 788 autem
1121 741 1329 806 vestigia
1362 742 1411 789 in
1427 742 1568 791 hisce
1595 743 1888 792 scholiasta-

206 837 316 869 rum
348 824 482 871 notis
515 821 891 886 deprehendere
923 819 1043 867 mihi
1087 820 1284 869 videor:
1332 821 1395 869 nd
1429 836 1475 868 v.
1519 825 1612 872 :332
1657 818 1790 874 ἔνιοι
1832 821 1890 874 δέ

204 911 375 966 φασιν
405 899 480 960 εἰς
514 900 764 951 Πυθῶνα
797 896 1115 965 ἐληλυθέναι
1144 898 1240 951 τὸν
1283 898 1565 962 Οἰδίποδα,
1601 900 1715 952 ἵνα
1747 919 1915 968 τρο-,

204 983 367 1047 φεῖα
406 980 635 1050 άποδῷ
682 984 767 1046 τῷ
801 973 1188 1032 Ἀπόλλωνι.
1269 980 1533 1045 Nunquam
1579 985 1706 1032 enim
1743 988 1889 1034 antea

202 1062 457 1113 dubitasse
491 1063 767 1128 Oedipum,
816 1062 936 1127 quin
971 1079 1034 1113 ex
1067 1062 1254 1126 Polybo
1289 1077 1348 1110 ac
1383 1062 1625 1111 Periboea
1656 1079 1887 1128 procrea-

202 1147 284 1192 tus
320 1149 472 1202 esset,
507 1159 603 1208 neq
678 1123 854 1192 ’ullam
889 1144 937 1193 ei
980 1144 1312 1210 suspicionem
1348 1142 1588 1191 sodalium
1624 1145 1886 1208 exprobra-

201 1223 343 1272 tione
375 1224 609 1272 iniectam
667 1222 802 1272 uisse
855 1239 1066 1274 necesse
1118 1229 1214 1273 est.
1298 1224 1537 1272 caussam
1570 1225 1736 1273 caedis
1770 1239 1886 1274 ean-

200 1303 318 1352 dem
351 1302 620 1369 Euripides
666 1304 715 1353 in
751 1303 947 1370 Oedipo
984 1308 1132 1370 atque
1165 1304 1218 1353 in
1252 1303 1542 1354 Phoenissis
1574 1304 1778 1354 finxisse
1811 1305 1890 1353 vi-

199 1381 378 1432 detur:
413 1383 475 1432 ad
510 1400 658 1449 quem
691 1384 855 1433 locum
888 1386 1015 1434 haec
1047 1389 1215 1434 notata
1246 1385 1298 1434 in
1320 1383 1430 1434 cod.
1465 1383 1561 1433 Gu.
1587 1385 1887 1434 invenimus:

199 1459 428 1526 λαβὼν
471 1457 634 1524 τοὺς
682 1460 943 1526 ἵππους
998 1463 1239 1532 ἀπῆλθεν
1288 1462 1360 1525 εἷς
1414 1463 1695 1530 Κόρινθον
1744 1463 1889 1531 παρὰ

202 1543 455 1611 Πολύβῳ,
490 1543 655 1596 εἰπὼν
688 1541 828 1596 οὕτω
843 1560 856 1572 ·

650 1624 957 1692 Πόλυβε,
990 1626 1376 1694 θρεπτήρια
1409 1631 1620 1679 ταῦτα

332 1703 583 1768 ἵππους
614 1724 719 1759 τοι
753 1706 968 1770 δώσω,
1005 1706 1303 1772 δυςμενέων
1347 1705 1554 1768 ἐλάσας,
1850 1778 1853 1779 ⁷

200 1783 273 1846 ὥς
319 1797 487 1852 φησιν
541 1782 866 1855 Ἀντίμαχος.
944 1788 1263 1854 Καθαρθεὶς
1307 1786 1365 1840 δὲ
1419 1788 1583 1842 ἐκεῖσε
1630 1780 1790 1848 αὖθις
1822 1787 1883 1838 ά-

198 1869 372 1936 πῆλθε
403 1867 549 1935 παρὰ
581 1868 677 1920 τὸν
713 1869 964 1932 Πύθιον,
1020 1869 1111 1922 καὶ
1143 1870 1325 1935 λαβὼν
1356 1868 1622 1938 χρησμὸν,
1671 1867 1754 1920 ὅτι
1801 1866 1885 1920 ἐπὶ

198 1951 388 2017 φθορᾷ
447 1949 538 2001 καὶ
590 1949 892 2002 συνελεύσει
948 1951 1146 2018 μητρὸς
1202 1949 1388 2018 ἐτέχθη
1405 1990 1421 2016 ,
1490 1950 1626 2017 ἔγνω
1689 1952 1884 2015 φυγεῖν

195 2023 327 2090 τοὺς
376 2029 547 2098 δῆθεν
594 2030 892 2093 δοκοῦντας
948 2032 1091 2099 αὐτῷ
1135 2031 1364 2098 πατέρας
1411 2031 1501 2084 καὶ
1544 2030 1881 2097 καταλαμβά-

195 2127 277 2163 νει
335 2111 518 2179 Θήβας
561 2114 667 2164 κτλ.
747 2114 915 2164 Paene
961 2116 1135 2164 eadem
1180 2117 1240 2166 ab
1303 2115 1400 2164 alio
1458 2113 1667 2178 quodam
1718 2128 1883 2178 gram-

195 2193 380 2243 matico
436 2196 503 2261 in*
532 2195 710 2245 eodem
758 2196 930 2244 codice
989 2197 1173 2261 scripta
1220 2200 1359 2245 sunt:
1426 2192 1544 2245 τότε
1588 2185 1691 2244 οὖν
1739 2189 1884 2243 Οἰδί-

194 2288 363 2337 πους,
392 2266 547 2336 τοὺς
586 2277 707 2325 τοῦ
741 2273 961 2326 Λαΐου
991 2273 1243 2336 ἵππους
1269 2274 1497 2341 λαβὼν
1533 2273 1643 2327 καὶ
1667 2273 1883 2325 πάντα

196 2352 274 2405 τὰ
308 2354 563 2417 αὐτοῦ,
598 2355 989 2420 καταλαμβάνει
1021 2354 1120 2423 τὴν
1156 2355 1463 2423 Κόρινθον,
1509 2353 1597 2407 καὶ
1643 2347 1884 2416 διδοὺς

196 2438 405 2486 ταῦτα
450 2437 672 2487 πάντα
709 2436 1000 2503 Πολύβῳ
1032 2436 1325 2504 τροφάς,
1361 2433 1568 2489 ἐκεῖθεν
1602 2435 1882 2503 α’ναχωρεῖ,

195 2516 292 2567 τὸν
323 2515 443 2582 περὶ
475 2519 569 2585 τῆς
602 2517 992 2581 πατροκτονίας
1030 2517 1120 2569 καὶ
1141 2522 1235 2585 τῆς
1260 2524 1325 2585 τῇ
1349 2515 1506 2584 μητρὶ
1529 2516 1883 2577 συνελεύσεως

195 2597 434 2664 χρησμὸν
483 2597 698 2658 δεδιώς·
759 2598 945 2664 ᾤετο
973 2596 1097 2664 γὰρ
1159 2597 1461 2663 πατέρας
1522 2599 1735 2650 αὐτοῦ
1795 2602 1881 2663 τῷ

195 2680 348 2731 ὄντι
384 2678 708 2746 Πόλυβον
739 2677 854 2731 καὶ
886 2676 1007 2745 τὴν
1041 2677 1317 2731 ἐκείνου
1349 2682 1655 2747 γυναῖκα
1701 2672 1881 2729 εἷναι

193 2763 301 2812 κτλ.
334 2773 338 2777 “
370 2761 560 2824 Quibus
595 2763 724 2810 adde
757 2766 921 2810 notam
956 2760 1019 2810 ad
1053 2777 1098 2813 v,
1135 2762 1217 2813 44.
1254 2763 1516 2828 scriptam:
1550 2758 1679 2826 μετὰ
1711 2762 1880 2811 ταῦτα

193 2842 303 2893 τῶν
337 2839 882 2905 ἵππωνῖάφανῶν
913 2838 1326 2909 γενομένων,
1359 2842 1621 2909 λῃστῶν
1655 2838 1880 2892 ἐδόκει

196 2939 228 2974 τ
241 2916 317 2973 οὗ
331 2941 362 2988 ρ
377 2940 453 2988 γο
469 2941 503 2973 ν
535 2941 569 2988 γ
582 2939 605 2973 ε
618 2940 651 2987 γ
666 2939 695 2973 ο
711 2912 828 2973 νέν
842 2940 876 2972 α
890 2940 925 2971 ι.
977 2922 1044 2971 Et
1072 2923 1239 2987 paullo
1268 2929 1408 2989 post:
1445 2918 1780 2987 ὑποστρέψας
1806 2921 1880 2982 εἰς

196 3004 479 3070 Κόρινθον
500 3003 628 3070 μετὰ
654 3004 764 3054 τῶν
790 3001 967 3054 ἵππων
992 3002 1182 3065 Λαΐου,
1215 3001 1304 3054 καὶ
1327 3002 1619 3069 καθαρθεὶς
1654 3003 1750 3054 τὸν
1777 3001 1877 3069 φό-

193 3103 311 3149 νον,
344 3085 504 3136 πάλιν
528 3124 541 3138 .
560 3124 571 3136 .
586 3123 597 3134 .
618 3083 846 3152 ἐπανῆκε
867 3084 1002 3148 πρὸς
1025 3084 1119 3136 τὸν
1138 3083 1298 3135 θεόν·
1333 3083 1516 3151 λαβὼν
1540 3082 1598 3136 δὲ
1622 3080 1875 3151 χρησμὸν,

194 3164 276 3218 ὅτι
310 3163 395 3218 ἐπὶ
431 3169 618 3235 φθορᾷ
650 3171 750 3217 τοῦ
784 3162 983 3231 πατρὸς
1016 3162 1201 3233 ἐτέχθη
1235 3165 1324 3218 καὶ
1356 3165 1620 3236 συνουσίᾳ
1651 3169 1747 3234 τῆς
1777 3183 1875 3232 μη-

193 3246 318 3312 τρός
331 3286 346 3310 ,
398 3246 589 3314 διέγνω
625 3247 908 3313 Κόρινθον
953 3251 1173 3314 φυγεῖν,
1224 3247 1345 3316 τὴν
1394 3268 1428 3301 ν
1442 3267 1473 3301 o
1488 3268 1527 3316 μ
1540 3267 1558 3299 ι
1574 3249 1646 3311 ζο
1659 3244 1782 3313 μέν
1794 3265 1828 3312 η
1842 3265 1876 3297 ν

255 3415 307 3470 *)
336 3414 404 3456 Ad
435 3430 478 3458 v.
505 3414 589 3458 28:
628 3415 749 3467 τινὲς
793 3417 859 3468 εἰς
901 3416 1106 3475 λάρνακα
1147 3371 1378 3474 βληθέντα
1414 3416 1493 3462 καὶ
1533 3417 1598 3468 εἰς
1633 3413 1875 3460 θάλασσαν

336 3482 531 3542 ῥιφέντα
557 3483 641 3532 τὸν
669 3489 817 3534 παῖδα
846 3488 1252 3547 προςπελασθῆναι
1278 3489 1348 3547 τῇ
1376 3487 1648 3547 Κορίνθῳ
1676 3486 1805 3543 φασί.
