2144 3854
862 338 940 394 33

190 485 350 536 Multa
375 486 545 551 inepte
570 499 598 533 a
620 483 737 534 viris
761 482 942 544 doctis,
964 498 1115 547 quum
1131 499 1306 547 ⁴parum
1330 489 1549 536 mentem
1572 489 1744 535 aucto-

58 569 130 617 ris
164 567 380 617 assecuti
414 569 594 626 essent,
628 564 812 629 quippe
846 563 909 612 ad
942 562 1255 613 iudicandum
1287 579 1430 628 quam
1457 566 1520 615 ad
1547 565 1746 616 discen-

60 649 179 698 dum
211 646 526 713 promtioreS‚
561 644 865 710 reprehensa
899 647 1042 705 sunt,
1076 644 1157 692 vix
1191 642 1367 708 digna,
1402 661 1528 708 quae
1560 646 1748 696 iteren-

60 732 158 777 tur.
185 778 194 788 ,
224 727 295 775 Ut
326 730 515 786 tamen,
549 724 711 788 qualia
745 724 876 782 sint,
908 724 1228 788 intelligatur,
1265 739 1409 771 unam
1444 726 1748 791 alteramque

62 805 450 856 criminationem
496 804 714 854 afferam.
796 803 1141 869 Reprehendit
1200 802 1558 867 MorstadtiuS‚
1613 807 1749 869 quod

61 891 161 935 tam
196 886 296 934 cito
345 883 565 933 Thraces
614 900 787 933 somno
835 885 1116 948 capiantur,
1167 884 1347 932 oblitus
1409 885 1521 934 illos
1569 886 1750 936 itinere

61 965 291 1030 fatigatos
338 979 450 1013 esse
505 968 558 1012 et
612 964 860 1029 interponi
911 965 1126 1028 spatium
1188 966 1429 1029 temporis
1482 966 1748 1028 incertum,

62 1046 194 1109 quod
226 1045 356 1093 inter
388 1044 529 1092 chori
562 1059 762 1093 carmen
793 1049 1092 1109 praetereat.
1163 1044 1299 1093 Idem
1333 1045 1569 1108 miratur,
1615 1047 1751 1111 quod

60 1125 276 1185 Hector,
312 1141 342 1173 e
373 1123 531 1173 Rhesi
565 1124 806 1174 cubilibus
841 1125 1059 1186 redienS‚
1095 1141 1194 1174 non
1228 1129 1458 1175 occurrat
1484 1116 1660 1192 Ul'yssi
1692 1143 1752 1177 ac

60 1205 312 1266 Diomedi,
359 1204 536 1254 eodem
583 1220 638 1253 se
687 1204 1076 1254 conferentibus.
1146 1205 1299 1268 Quasi
1343 1205 1481 1254 illum
1515 1213 1602 1257 aut
1634 1224 1750 1273 per-

60 1292 211 1352 petuo
244 1285 312 1333 ibi
346 1301 575 1346 manere,
624 1291 707 1333 aut
751 1290 890 1334 recta
935 1287 1012 1335 via
1055 1285 1120 1334 ad
1167 1285 1331 1334 cubile
1394 1301 1537 1336 suum
1582 1288 1751 1339 redire

59 1381 266 1416 necesse
301 1364 482 1426 suerit,
533 1380 742 1430 quorum
793 1371 1025 1415 neutrum
1061 1364 1249 1415 factum
1285 1382 1399 1416 esse
1431 1366 1751 1419 manifestum

60 1452 153 1496 est.
219 1446 388 1496 Potuit
423 1446 570 1506 enim,
606 1450 663 1495 ut
697 1450 806 1494 erat
848 1461 964 1494 acer
1011 1450 1062 1494 et
1107 1446 1252 1510 vigil,
1298 1447 1419 1496 alias
1469 1452 1587 1513 post
1628 1449 1751 1500 alias

60 1527 309 1576 exercitus
335 1530 502 1591 partes
528 1526 684 1575 obire.
733 1524 956 1588 Denique
982 1526 1128 1575 nimis
1159 1531 1370 1589 angusto
1401 1528 1561 1593 spatio
1588 1527 1750 1580 Thra-

61 1623 145 1656 ces
180 1607 240 1655 ab
274 1606 512 1655 Hectoris
546 1606 694 1654 cubili
729 1605 979 1654 seiunctos
1019 1621 1131 1654 esse
1165 1606 1449 1658 arbitratur.
1516 1608 1586 1658 At
1618 1609 1753 1661 unde

59 1686 260 1736 tandem
310 1686 454 1734 istam
499 1685 772 1748 angustiam
823 1685 1087 1750 cognovit?
1139 1693 1225 1735 aut
1273 1686 1500 1749 quisnam
1547 1690 1751 1740 modum

60 1767 309 1831 finemque
344 1764 608 1829 descripsit
641 1766 776 1814 vocis
812 1765 1090 1825 numinum,
1127 1782 1281 1830 quae,
1315 1773 1464 1831 prout
1496 1768 1577 1818 his
1613 1769 1751 1819 colli-

59 1848 183 1908 buit,
217 1853 300 1894 aut
333 1846 383 1894 in
416 1845 759 1893 remotissimis
804 1850 889 1894 aut
922 1845 972 1892 in
1007 1846 1243 1909 proximis
1276 1845 1400 1894 locis
1454 1848 1650 1914 percipi
1698 1855 1752 1900 et

61 1925 237 1994 sugere
273 1942 386 1985 eOS,
435 1925 519 1988 qui
554 1940 719 1974 coram
756 1925 979 1986 adstant,
1026 1925 1184 1974 audiri
1217 1925 1276 1974 ab
1313 1925 1405 1986 iis,
1442 1927 1525 1990 qui
1557 1928 1751 1993 absunt,

59 2007 264 2074 potest‘3
331 2003 684 2056 Valckenarius
720 2021 867 2066 vero,
921 2005 1260 2070 impudentiae
1292 2005 1569 2057 Minervam
1603 2025 1751 2059 accu-

61 2103 175 2137 sans
211 2090 263 2135 et
295 2087 508 2150 turpiter
539 2085 829 2135 mendacem
863 2085 1146 2151 appellans,
1196 2087 1392 2136 nescire
1440 2103 1497 2137 se
1531 2088 1749 2149 simulat,

60 2168 192 2233 quod
227 2167 358 2216 scire
391 2182 504 2216 eum
538 2183 746 2216 necesse
780 2171 873 2227 est,
909 2166 1145 2215 mortales
1190 2183 1218 2215 a
1267 2167 1592 2218 daemonibus
1640 2186 1750 2220 sae-

59 2247 268 2314 pissime
293 2246 472 2312 decipi,
506 2245 598 2296 ne'c
616 2246 676 2295 ad
701 2247 998 2296 christianae
1021 2246 1275 2296 doctrinae
1301 2252 1566 2313 praecepta
1592 2249 1750 2300 Grae-

62 2344 231 2378 corum
265 2327 387 2376 deos
429 2327 685 2377 institutos
730 2327 916 2390 fuisse,
964 2331 1019 2376 ut
1064 2326 1214 2378 etiam
1257 2327 1432 2379 hostes
1483 2329 1752 2382 mendaciis

61 2408 238 2458 fallere
270 2407 411 2457 nefas
446 2424 560 2458 esse
595 2407 847 2460 ducerent.

193 2488 373 2538 Actum
406 2488 608 2552 plenum
639 2492 895 2540 turbarum
929 2495 981 2540 et
1015 2491 1362 2541 sollicitudinis
1409 2491 1633 2558 sequitur
1680 2494 1752 2543 al-

64 2573 143 2616 ter
176 2567 351 2632 plenus
399 2567 653 2628 dolorum,
709 2570 1016 2632 querelarum
1067 2578 1117 2620 et
1163 2577 1364 2621 mutuae
1412 2573 1754 2636 accusationis,

63 2662 213 2711 quum
249 2647 456 2697 effectus
490 2663 687 2710 eorum,
739 2665 863 2713 quae
894 2655 1088 2715 patrata
1121 2654 1235 2699 sunt
1267 2667 1296 2699 a
1339 2651 1754 2716 speculatoribus,

64 2727 128 2776 ob
164 2727 335 2777 oculos
367 2733 592 2794 ponatur.
662 2729 800 2778 Haec
833 2729 980 2794 igitur
1010 2729 1178 2778 ultima
1211 2730 1445 2779 dramatis
1479 2747 1596 2796 pars
1637 2748 1753 2797 par-

64 2807 156 2857 tim
189 2807 506 2857 ostendendis
541 2809 1026 2874 interpretandisque
1058 2810 1143 2871 iis,
1192 2826 1318 2874 quae
1350 2810 1498 2859 modo
1542 2810 1754 2862 obscure

64 2887 360 2954 turbideque
393 2892 503 2938 acta
537 2893 667 2949 sunt,
701 2891 881 2956 partim
917 2889 1242 2940 celebrandae
1267 2884 1571 2940 Graecorum
1597 2893 1754 2942 victo-

0 3012 1 3036 }
64 2968 184 3031 riae,
217 2969 397 3034 partim
433 2969 581 3019 etiam
615 2970 950 3035 significandis
984 2971 1061 3031 iis,
1098 2987 1223 3035 quae
1265 2972 1590 3021 subsecutura
1623 2979 1754 3036 sunt,

62 3048 283 3098 inservit.
350 3049 420 3099 Et
451 3050 664 3114 primum
701 3052 898 3115 quidem
932 3050 1132 3100 satelles
1153 3050 1328 3113 Rhesi,
1362 3051 1627 3102 mortifero
1649 3053 1754 3104 vul-

64 3144 184 3178 nere
216 3129 326 3194 ipse
358 3129 567 3180 affectus
586 3166 601 3189 ,
652 3136 863 3180 mortem
896 3131 1029 3195 regis
1064 3134 1116 3180 et
1161 3131 1552 3182 commilitonum
1600 3149 1754 3199 expo-

65 3208 138 3257 nit
185 3210 531 3260 miserabiliter
564 3217 616 3260 et
648 3211 862 3276 turpiter
895 3225 952 3258 ac
986 3210 1095 3260 sine
1127 3210 1230 3260 ullo
1265 3211 1447 3261 decore
1482 3208 1755 3263 trucidato-

67 3303 192 3338 rum.
260 3290 521 3356 Assignato
553 3290 616 3338 ad
652 3290 1007 3356 quiescendum
1037 3290 1150 3339 loco
1185 3290 1423 3356 editoque
1460 3293 1619 3356 signo,
1655 3299 1755 3342 sta-

67 3366 157 3415 tim
190 3369 373 3438 milites
407 3369 579 3432 Rhesi,
618 3370 780 3420 fessos
815 3387 878 3420 ex
910 3371 1106 3428 itinere,
1142 3385 1314 3419 somno
1340 3387 1395 3420 se
1421 3371 1621 3422 dedisse
1642 3389 1754 3422 nar-

67 3451 163 3508 rat,
217 3463 377 3514 neque
427 3466 561 3500 arma
594 3466 753 3515 neque
788 3467 941 3515 equos
975 3452 1024 3500 in
1058 3450 1319 3516 procinctu
1351 3451 1614 3512 habenteS,
1667 3469 1755 3503 ne-

67 3541 164 3590 que
206 3528 316 3577 ullis
364 3531 636 3582 custoditos
690 3532 941 3591 excubiiS,
997 3531 1089 3582 sed
1137 3546 1313 3582 secure
1349 3537 1399 3581 et
1430 3533 1755 3601 negligenter,

1060 3628 1089 3672 3
