2144 3854
940 250 1060 307 231

158 407 404 470 perpetuo
438 401 599 451 afficit
633 414 738 456 eost,
775 398 876 462 qui,
912 397 1141 461 deposita
1174 400 1377 444 naturae
1417 394 1636 457 libidine,
1670 395 1841 445 relicta

156 485 257 534 vita
284 483 523 543 silvestri,
566 481 727 530 iurum
752 479 1015 542 legumque
1044 476 1250 524 vinculis
1281 475 1591 525 cohibentur.
1660 475 1840 537 Alteri,

157 565 330 613 virium
363 560 701 628 magnitudine
741 558 886 615 freti,
922 560 1160 620 spernunt
1194 556 1330 619 leges
1365 562 1689 619 evertuntque
1723 571 1839 605 con-

161 644 290 692 sulto
325 649 376 691 et
409 643 584 691 damna
618 639 836 687 inferunt
870 637 1099 684 societati
1133 636 1404 695 hiimanae,
1441 636 1719 701 ubicunque
1753 652 1840 686 ex-

157 723 423 772 stiterunt:
457 723 622 785 itaque
653 720 703 766 iu
734 718 797 765 iis
831 716 1067 766 tollendis
1100 716 1468 780 purgandisque
1495 718 1638 765 terris
1662 719 1723 767 ab
1746 718 1842 766 hac

155 807 299 867 peste
332 802 489 851 virtus
523 800 736 848 virorum
773 812 950 860 magno
990 796 1169 857 animo,
1206 796 1392 858 magnis
1422 796 1605 844 viribus
1640 814 1843 862 magna-

156 898 253 945 que
286 879 547 948 prudentia
589 878 928 944 praeditorum
972 877 1239 942 praecipue
1284 876 1518 925 elaborat.
1587 877 1642 924 ln
1675 877 1842 938 medio

155 967 482 1025 utrorumque
514 959 705 1023 positus
740 962 818 1006 est
855 957 1129 1014 Hercules,
1165 956 1343 1004 virium
1377 956 1676 1005 vastitudine
1710 957 1843 1006 nullo

155 1046 380 1091 monstro
411 1039 640 1096 inferior,
677 1038 973 1086 remissione
1007 1038 1177 1097 animi,
1224 1037 1309 1084 ubi
1341 1037 1455 1086 vino
1492 1053 1548 1085 se
1583 1037 1844 1100 epulisque

156 1121 323 1182 dedit,
371 1125 646 1183 satyrorum
683 1118 974 1167 societatem
1019 1134 1116 1166 non
1163 1133 1435 1182 spernens,
1487 1122 1691 1166 naturae
1725 1133 1844 1167 suae

154 1201 384 1251 violentia
418 1199 612 1265 legibus
647 1199 874 1247 omnibus
909 1199 1156 1263 superior,
1191 1198 1324 1246 idem
1356 1199 1407 1246 in
1439 1198 1746 1248 vindicandis
1768 1198 1841 1246 le-

153 1281 298 1346 gibus
332 1279 663 1344 tollendisque
696 1279 966 1330 latronibus
1002 1294 1203 1343 semper
1236 1283 1524 1344 occupatus
1591 1279 1740 1328 Unde
1765 1278 1842 1327 fa»

155 1366 293 1412 ctum
326 1365 432 1421 est,
476 1364 532 1408 ut
564 1359 797 1409 Herculis
831 1359 1050 1409 latrones
1083 1359 1432 1408 interficientis
1477 1364 1530 1408 et
1563 1375 1674 1408 cum
1710 1363 1844 1424 saty-

155 1441 228 1492 ris
276 1442 584 1490 comissantis
630 1456 846 1506 persona
892 1440 1119 1504 satyricis
1167 1440 1348 1488 fabulis
1394 1440 1646 1488 familiaris
1691 1444 1844 1489 esset.

157 1521 227 1570 Et
256 1522 494 1586 pleraque
530 1521 725 1579 horum,
762 1537 889 1584 quae
922 1520 1072 1569 modo
1109 1521 1332 1584 exposui,
1366 1521 1483 1569 huic
1508 1536 1704 1584 quoque
1731 1520 1843 1568 dra-

158 1601 278 1651 mati
311 1603 475 1650 inesse
506 1602 747 1650 videmus
817 1603 1012 1651 Absunt
1045 1602 1229 1665 satyri,
1283 1616 1491 1664 quorum
1526 1601 1639 1649 loco
1674 1614 1846 1648 servus

158 1681 222 1730 ad
257 1681 620 1731 comissandum
653 1682 917 1741 invitatum
950 1682 1094 1730 adest
1127 1686 1291 1730 autem
1326 1672 1600 1730 monstrum
1633 1681 1726 1728 diis
1751 1679 1845 1738 ho·

159 1761 473 1824 minibusque
506 1762 743 1822 invisum,
779 1761 941 1811 Orcus
976 1763 1080 1811 sive
1115 1760 1385 1824 Θάνατος,
1419 1762 1560 1811 cuius
1596 1776 1659 1810 ex
1691 1759 1846 1809 mani-

160 1842 254 1892 bus
286 1841 471 1908 praeda
505 1841 727 1905 eripitur.

292 1922 372 1972 Ad
406 1920 673 1970 Admetum
720 1926 952 1978 transeo,
1003 1923 1087 1984 qui
1131 1923 1398 1971 manifesto
1447 1923 1628 1988 primas
1677 1926 1846 1987 partes

159 2003 276 2068 agit,
309 2001 533 2065 quamvis
567 2000 834 2050 Alcestidis
869 2017 1050 2051 nomen
1083 2002 1281 2052 fabulae
1314 2003 1611 2068 inscriptum
1635 2003 1714 2053 sit.
1748 2002 1848 2052 Hic

159 2082 292 2132 nulla
326 2098 495 2131 earum
529 2081 765 2130 virtutum
800 2083 1005 2146 insignis
1040 2090 1133 2143 est,
1169 2099 1297 2147 quae
1331 2083 1412 2132 vel
1444 2083 1736 2133 bellatorem
1770 2083 1850 2132 vel

159 2178 328 2226 regem
359 2162 512 2212 rebus
547 2163 734 2226 magnis
777 2163 1010 2226 gerendis
1044 2165 1276 2213 idoneum
1311 2165 1392 2213 vel
1425 2164 1583 2213 virum
1616 2163 1679 2212 ad
1712 2163 1849 2213 labo-

159 2259 242 2292 res
275 2242 477 2292 fortiter
512 2243 860 2300 sustinendos,
907 2244 1128 2308 pericula
1179 2250 1382 2294 strenue
1422 2243 1675 2304 adeunda,
1722 2243 1851 2293 mala

159 2338 335 2388 magno
369 2324 528 2372 animo
562 2328 615 2371 et
649 2325 891 2372 constanti
923 2323 1221 2387 perferenda
1254 2331 1426 2388 aptum
1471 2325 1711 2386 deceant,
1758 2324 1850 2374 sed

162 2404 402 2469 simplicis
435 2418 556 2468 prae
590 2419 646 2451 se
679 2403 782 2452 fert
815 2404 1184 2468 patrisfamilias
1220 2406 1456 2470 speciem.
1525 2405 1753 2466 Pietate,
1787 2403 1848 2452 li-

162 2484 450 2542 beralitate,
486 2483 816 2546 benignitate,
861 2486 1110 2547 bonitate,
1157 2486 1424 2535 teneritate
1458 2485 1692 2546 excellit,
1728 2499 1849 2548 quas

164 2564 375 2613 virtutes
422 2563 601 2610 summi
646 2562 815 2611 facere
863 2564 992 2612 solet
1036 2569 1205 2613 nostra
1251 2571 1389 2615 aetas
1434 2582 1491 2614 ac
1526 2581 1684 2629 paene
1720 2565 1849 2613 solas

164 2644 311 2694 laude
360 2644 530 2706 dignas
575 2643 774 2692 habere.
842 2644 1082 2693 Mollities
1130 2646 1279 2694 animi
1328 2646 1631 2710 conspicitur
1675 2646 1725 2693 in
1771 2659 1850 2704 e0,

164 2725 296 2789 quod
333 2724 457 2772 nihil
490 2727 658 2788 potest
691 2724 783 2785 iis,
837 2739 960 2788 quos
1005 2723 1196 2789 diligit,
1245 2741 1450 2791 negare,
1501 2725 1722 2789 quamvis
1757 2724 1852 2786 sibi

163 2820 262 2855 non
307 2803 456 2853 modo
505 2803 856 2868 periculosum,
902 2821 1076 2853 verum
1121 2806 1268 2853 etiam
1314 2806 1692 2870 ignominiosum
1742 2804 1852 2854 fore

166 2887 358 2935 sentiat.
425 2885 656 2946 Mirarer,
694 2886 822 2949 quod
857 2886 968 2933 talis
1004 2886 1186 2950 ingenii
1217 2887 1366 2935 homo
1401 2887 1568 2935 uxoris
1589 2885 1850 2935 consilium

165 2972 376 3015 mortem
410 2981 502 3031 pro
536 2967 647 3031 ipso
684 2966 900 3015 obeundi
934 2966 1211 3031 probasset,
1246 2967 1343 3015 nisi
1379 2983 1475 3030 quo
1517 2968 1624 3032 quis
1659 2967 1721 3015 ad
1754 2967 1853 3016 tri-

166 3047 363 3095 buenda
417 3046 653 3095 beneficia
698 3047 918 3112 paratior
964 3047 1057 3105 sit,
1105 3063 1164 3096 eo
1210 3047 1271 3095 ad
1317 3048 1605 3112 accipienda
1640 3048 1851 3097 eundem

166 3127 448 3190 proniorem
483 3143 597 3176 esse
630 3128 977 3192 intelligerem,
1015 3128 1152 3176 cuius
1185 3129 1259 3176 rei
1294 3144 1466 3177 caussa
1501 3130 1663 3193 posita
1698 3132 1775 3176 est
1803 3127 1854 3175 in

168 3207 527 3255 consuetudine
571 3224 632 3256 ex
667 3209 852 3257 nostris
907 3209 1109 3270 ingeniis
1145 3208 1268 3256 alios
1301 3209 1607 3259 aestimandi.
1679 3207 1853 3271 Neque

170 3285 299 3333 enim
331 3303 619 3336 recusamus
652 3290 884 3354 accipere
916 3289 986 3349 id,
1021 3287 1083 3336 ad
1117 3290 1250 3352 quod
1283 3290 1663 3354 praestandum,
1700 3289 1741 3335 si
1771 3302 1852 3334 res

170 3370 482 3429 paterentur,
530 3369 624 3432 ipsi
667 3369 827 3434 parati
877 3366 1142 3417 essemus.'
1183 3368 1321 3418 Idem
1369 3370 1431 3418 ab
1467 3369 1602 3419 omni
1633 3367 1852 3432 turpitu-

173 3444 287 3495 dine
321 3448 673 3499 committenda
705 3449 1033 3499 alienissimus
1068 3452 1174 3509 est,
1227 3450 1451 3513 satisque
1492 3449 1638 3499 fortis
1673 3446 1734 3497 ad
1769 3462 1851 3495 ce-
