2144 3854
1110 297 1247 360 33⁰,

341 451 497 503 erant,
531 448 893 508 oppugnarent3
927 442 1307 492 Atheniensibus
1340 447 1503 491 autem
1518 480 1534 504 ,
1575 444 1705 506 quod
1751 443 1995 495 civitatem

340 526 521 575 sociam
565 523 756 586 sibique
804 522 1094 586 vectigalem
1130 524 1191 571 ad
1226 521 1556 572 defectionem
1589 521 1898 573 induxissent
1925 529 1996 586 et,

338 621 398 654 ex
430 602 658 668 professo
690 602 958 659 venientes,
993 617 1084 666 pro
1117 600 1522 651 Potidaeensibus
1556 617 1666 650 cum
1699 603 1821 667 ipsis
1853 603 1995 652 dimi-

337 688 563 731 cassent”
588 679 658 742 *).
725 682 887 743 Quum
922 681 1098 730 deinde
1132 687 1498 747 oppugnaretur
1529 681 1780 743 Potidaea,
1818 682 1996 732 Corin-

334 761 429 810 thii
456 762 616 810 socios
633 762 943 825 instigarunt,
980 767 1032 809 ut
1063 761 1481 810 Lacedaemonem
1518 763 1852 820 convenirent,
1871 761 1995 826 ipsi-

332 856 429 905 que
460 842 710 890 venientes
743 841 1069 891 Athenienses
1103 836 1417 897 accusarunt,
1470 841 1600 904 quod
1633 842 1790 906 ruptis
1820 841 1995 890 foede-

331 921 467 970 ribus
510 921 734 970 iniuriam
781 920 1003 969 facerent
1048 919 1428 985 Peloponnesiis,
1495 920 1580 970 Sic
1625 921 1806 971 bellum
1849 919 1994 970 Pelo-

331 1001 614 1064 ponnesium
649 1000 902 1049 decretum
938 1003 1030 1047 est.

460 1079 756 1128 Acutissime
789 1079 1066 1128 observavit
1088 1077 1302 1128 Vaterus
1324 1080 1373 1128 in
1398 1079 1552 1128 Rhesi
1577 1079 1798 1133 vindiciis
1815 1097 1868 1146 p.
1884 1081 1992 1137 165.

330 1175 435 1224 cap.
470 1158 532 1219 V,
567 1161 646 1208 35.
681 1164 874 1223 pactum
907 1158 1063 1220 Aegei
1097 1164 1149 1207 et
1174 1158 1386 1208 Medeae
1410 1159 1708 1208 simillimum
1738 1175 1850 1210 esse
1882 1160 1993 1210 foe-

328 1237 436 1287 deri
467 1237 845 1287 Atheniensium
879 1243 932 1286 et
964 1238 1371 1302 Corcyraeorum.
1438 1239 1659 1302 Rogatus
1678 1241 1805 1289 enim
1826 1256 1857 1288 a
1879 1239 1992 1289 Me·-

327 1316 420 1367 dea
452 1317 664 1380 Aegeus,
698 1321 753 1365 ut
787 1333 895 1364 eam
929 1317 1176 1381 reciperet
1208 1319 1433 1378 Athenis,
1467 1320 1591 1370 haec
1621 1319 1914 1385 respondetz

453 1396 666 1447 πολλῶν
700 1392 841 1447 ἕκατι
872 1395 1030 1462 τήνδε
1063 1407 1146 1448 σοι
1179 1396 1373 1449 δοῦναι
1404 1397 1576 1464 χάριν,

453 1476 629 1542 γύναι,
662 1476 946 1540 πρόθυμός
979 1476 1081 1541 εἰμι
1242 1505 1307 1515 ·-
1437 1507 1504 1515 -

449 1555 671 1607 τοσόνδε
701 1556 880 1620 μέντοι
914 1567 1000 1608 σοι
1031 1556 1391 1624 προσημαίνοι),
1423 1556 1609 1623 γύναι·

449 1633 509 1689 ἐκ
540 1636 692 1705 τῆςδε
723 1636 821 1703 μὲν
851 1641 950 1706 γῆς
982 1640 1047 1688 οὒ
1081 1640 1129 1688 σ’
1163 1640 1310 1704 ἄγειν
1344 1638 1690 1705 βουλήσομαι,

451 1716 586 1784 αὐτὴ
621 1717 668 1770 δ’
702 1714 891 1784 ἐάνπερ
925 1718 997 1779 εἰς
1029 1712 1189 1784 ἐμοὺς
1221 1719 1379 1786 ἔλθῃς
1412 1719 1630 1784 δόμους,

449 1801 623 1865 μενεῖς
655 1801 869 1860 ἄσυλος,
904 1802 1004 1850 κοῦ
1039 1810 1095 1851 σε
1127 1797 1199 1866 μὴ
1230 1801 1376 1865 μεθῶ
1409 1817 1527 1851 τινι.

449 1875 508 1930 ἐκ
538 1879 693 1947 τῆςδε
727 1879 776 1930 δ’
811 1878 943 1947 αὐτὴ
976 1883 1074 1948 γῆς
1105 1879 1444 1933 ἀπαλλάσσου
1477 1880 1618 1932 πόδα
1637 1894 1650 1907 ·

449 1958 754 2020 ἀναίτιος
798 1958 923 2025 γὰρ
957 1960 1070 2011 καὶ
1104 1960 1326 2021 ξένοις
1359 1956 1536 2012 εἶναι
1568 1957 1758 2011 θέλω.

319 2041 429 2091 Non
459 2043 618 2089 minus
662 2042 811 2105 igitur
844 2047 984 2090 caute
1018 2043 1474 2106 circumspecteque
1509 2044 1702 2106 Aegeus
1734 2039 1986 2097 Medeam,

318 2138 346 2169 a
381 2121 647 2169 Corinthiis
679 2121 849 2168 iniuria
882 2120 1138 2180 affectam,
1187 2121 1237 2169 in
1270 2121 1420 2169 fidem
1454 2121 1756 2183 tutelamque
1787 2119 1984 2183 recipit,

318 2217 461 2264 quam
497 2200 822 2248 Athenienses
859 2198 1166 2263 Corcyraeis,
1202 2216 1263 2248 ne
1297 2203 1356 2250 ab
1388 2200 1563 2250 iisdem
1589 2200 1983 2265 profligarentur,

318 2280 499 2329 auxilio
532 2279 751 2328 fuerunt.
818 2278 1060 2328 Neutrum
1094 2285 1257 2329 autem
1290 2281 1613 2346 patrocinium
1646 2280 1724 2337 iis,
1760 2279 1844 2343 qui
1872 2294 1982 2328 sus-

318 2366 583 2424 ceperunt,
631 2358 843 2407 salutare
874 2359 968 2407 fuit
1002 2366 1055 2407 et
1090 2360 1357 2424 Corcyraei
1392 2376 1589 2423 quoque
1616 2375 1731 2407 suos
1773 2359 1869 2425 ipsi
1895 2374 1982 2407 co-

316 2440 455 2488 lonos
491 2438 824 2503 EpidamnioS,
859 2453 969 2486 cum
1005 2440 1253 2504 supplices
1287 2441 1336 2489 in
1370 2440 1564 2489 Iunonis
1592 2439 1779 2504 templo
1802 2439 1983 2488 seden-

315 2526 394 2568 tes
428 2518 659 2567 auxilium
706 2523 875 2566 contra
915 2519 1150 2568 barbaros
1195 2525 1447 2584 peterent,
1491 2520 1826 2584 prodiderant.
1903 2518 1981 2568 Ad

314 2599 441 2648 hanc
483 2614 647 2646 rerum
700 2597 1026 2647 conditionem
1069 2600 1320 2664 respicere
1366 2600 1545 2649 chorus
1587 2600 1846 2649 mulierum
1881 2598 1980 2648 Co-

312 2678 602 2730 rinthiarum
639 2677 832 2726 videtur
864 2693 924 2726 eo
957 2678 1082 2738 loco,
1119 2695 1216 2742 quo
1247 2681 1619 2730 Atheniensium
1645 2681 1799 2728 vicem
1828 2679 1979 2740 dolet,

313 2760 443 2827 quod
477 2758 707 2806 feminam
744 2757 980 2806 nefariam
1018 2759 1217 2809 civitate
1249 2761 1529 2826 laribusque
1561 2760 1808 2825 recepturi
1850 2760 1979 2811 sint:

442 2838 558 2896 πῶς
591 2830 690 2886 οὖν
724 2835 879 2901 ἱερῶν
911 2838 1165 2904 ποταμῶν

444 2915 479 2983 ἢ
512 2916 662 2976 πόλις
693 2914 726 2982 ἢ
763 2916 935 2982 φίλων

442 2997 710 3063 πόμπιμός
743 3009 799 3047 σε
831 2996 977 3062 χώρα

442 3076 542 3128 τὰν
574 3075 967 3142 παιδολέτειραν
1001 3073 1126 3139 ἕξεις

315 3160 634 3225 quomodo
668 3160 863 3222 igitur
896 3164 958 3208 te
985 3158 1595 3225 (Medeam)sacrorum
1630 3157 1973 3212 fluviorum

316 3240 550 3290 civitas
599 3245 706 3286 aut
747 3238 1095 3288 amicorum
1143 3245 1323 3290 terra
1369 3238 1697 3302 recipiens
1733 3237 1973 3287 libero-

372 3407 423 3461 r)
451 3406 596 3451 Thuc.
626 3404 661 3457 1,
690 3402 758 3445 66.
