2144 3854
908 243 987 298 91

106 405 334 457 sparsum
367 387 682 452 effusumque
713 402 842 440 esse.
909 387 1021 436 Rex
1062 387 1159 435 etsi
1192 385 1315 435 nihii
1338 385 1450 436 -doli
1479 387 1593 436 mali
1626 388 1790 453 suspi

107 475 278 532 catur,
341 473 506 518 tamen
539 469 681 518 timet
728 467 1003 540 periculum
1062 472 1115 515 et
1155 481 1186 514 c
1226 467 1452 517 manibus
1498 466 1791 518 famulorum

105 551 414 600 irritamenta
446 549 686 598 maiorum
719 547 1017 598 removenda
1049 562 1164 595 esse
1196 552 1399 595 censet.

239 659 302 670 —
338 631 527 692 „auri
559 629 980 694 inbeosonte
1013 627 1256 677 lavere
1289 628 1558 677 minimi

245 710 506 760 Manum
531 708 632 775 *).”

104 792 432 841 Patrocinium
463 789 700 856 pecuniae
734 787 941 853 suscipit
971 788 1169 853 regina:
1387 828 1390 831 .

236 873 441 937 χρυσοῦ
475 867 531 920 σὲ
562 867 772 935 πλήθει,
805 866 993 929 τούς-δε
1026 867 1074 919 δ’
1110 866 1194 929 οὐ,
1229 865 1430 934 χαίρειν
1462 866 1664 934 χρεών,-

104 951 183 1000 Ad
216 953 340 1002 haec
372 967 486 1000 rex:

239 1029 425 1082 σκαιὸν
455 1027 515 1081 τὸ
549 1030 816 1090 πλουτεῖν,
852 1030 1013 1081 κᾶλλο
1047 1026 1214 1096 μηδὲν
1247 1026 1442 1080 εἰδέναι
1462 1029 1562 1096 **).

104 1110 228 1160 Mox
266 1113 494 1162 continua
528 1113 764 1173 oratione,
800 1127 946 1176 quam
981 1112 1290 1177 perniciosae
1323 1112 1425 1162 sint
1457 1113 1672 1176 divitiae,
1706 1114 1794 1163 de-

104 1198 368 1241 monstrat·

236 1271 496 1335 κρείσσων
527 1270 631 1338 γὰρ
666 1274 813 1333 οὔτις
844 1271 1129 1339 χρημάτων
1157 1269 1352 1338 πέφυκ’
1386 1271 1543 1341 άνήρ,

236 1350 377 1421 πλὴν
410 1353 459 1405 εἴ
488 1369 587 1415 τις·
625 1353 763 1415 ὅςτις
795 1354 840 1405 δ’
877 1346 1034 1416 οὗτός
1066 1351 1223 1419 ἐστιν,
1258 1353 1357 1421 οὐχ
1389 1354 1515 1420 ὁρῶ.

172 1534 190 1547 ‘·
221 1518 456 1584 φιλοῦσι
488 1514 593 1582 γάρ
626 1533 711 1567 τοι
743 1515 854 1566 τῶν
887 1514 985 1581 μὲν
1017 1514 1213 1581 ὀλβίων
1246 1515 1431 1582 βροτοὶ

238 1591 447 1664 σοφοὺς
477 1597 724 1648 τίθεσθαι
756 1590 884 1657 τοὺς
917 1597 1129 1663 λόγους,
1165 1595 1297 1649 ὅταν
1329 1596 1386 1649 δέ
1417 1615 1496 1659 τις

238 1679 444 1730 λεπτῶν
476 1677 565 1729 ἀπ’
602 1678 769 1729 οἴκων
802 1671 860 1728 εὗ
894 1676 1017 1745 λέγῃ
1051 1677 1216 1743 πένης
1244 1678 1310 1730 αι
1312 1698 1398 1746 ηρ,

239 1761 423 1826 γελᾶν·
460 1758 563 1826 ἐγὼ
597 1758 655 1811 δὲ
688 1758 940 1819 πολλάκις
974 1757 1321 1825 σοφωτέρους

238 1840 464 1908 πένητας
495 1839 699 1903 ἄνδρας
733 1839 917 1905 εἰςορῶ
951 1841 1061 1890 τῶν
1093 1839 1368 1892 πλουσίων

237 1921 328 1974 καὶ
359 1922 535 1972 θεοῖσι
568 1919 730 1985 μικρὰ
762 1919 895 1988 χειρὶ
925 1920 1164 1982 θύοντας
1193 1920 1314 1987 τέλη

236 2004 348 2054 τῶν
382 2001 809 2069 βουθυτούντων
841 2003 1002 2063 ὄντας
1037 1999 1450 2070 εὐσεβεστέρους.

238 2163 376 2224 ὅςτις
409 2163 612 2230 δόμους
645 2163 743 2229 μὲν
774 2163 957 2232 ἥδεται
990 2163 1415 2231 πληρουμένους,

237 2243 466 2312 γαστρὸς
498 2244 546 2296 δ’
579 2244 827 2312 ἀφαιρῶν
861 2248 1013 2312 σῶμα
1048 2246 1309 2314 δύστηνος
1342 2251 1513 2312 κακοῖ,

237 2331 437 2379 τοῦτον
469 2327 667 2393 νομίζω
702 2325 792 2379 καὶ
823 2330 971 2380 θεῶν
1003 2331 1174 2380 συλᾶν
1207 2327 1367 2396 βρέτη

202 2441 205 2443 -
237 2412 348 2469 τοῖς
381 2408 652 2475 φιλτάτοις
683 2426 738 2461 τε
772 2408 1026 2476 πολέμιον
1058 2407 1370 2475 πεφυκέναι.

108 2492 294 2541 Contra
324 2491 650 2555 patrocinium
685 2493 924 2556 pecuniae
956 2493 1125 2556 regina
1159 2494 1400 2558 suscipit,
1447 2492 1672 2542 studiose
1705 2493 1800 2543 hoc

108 2588 276 2639 agens,
310 2586 373 2620 nc
406 2571 598 2619 deliciis
634 2572 734 2619 suis
770 2572 846 2619 vel
879 2573 988 2636 ipsa
1021 2572 1100 2620 vel
1133 2572 1348 2622 famulae
1381 2574 1659 2638 priventur:

238 2643 325 2715 ἆρ’
362 2641 524 2711 οἶσθ’,
559 2649 648 2701 ὅθ’
683 2648 854 2716 οὕνεχ’
892 2649 944 2701 οἱ
975 2649 1072 2717 μὲν
1106 2650 1334 2717 εὐγενεῖς
1366 2653 1594 2717 βροτῶν,

238 2729 456 2798 πένητες
491 2733 653 2792 ὄντες,
692 2731 854 2783 οὐδὲν
889 2728 1206 2797 έμφαίνουσ’
1242 2730 1330 2795 ἔτι,

242 2813 296 2864 οἳ
329 2811 377 2864 δ’
414 2811 576 2864 οὐδὲν
608 2806 748 2880 ἦσαν
779 2812 1036 2879 πρόσθεν,
1072 2813 1244 2879 ὄλβιοι
1279 2811 1337 2864 δὲ
1368 2817 1491 2875 νῦν,

243 2893 409 2957 δόξαν
441 2892 696 2961 φέρονται
729 2899 828 2947 τοῦ
862 2894 1188 2962 νομίσματος
1217 2895 1371 2962 χάριν

240 2973 332 3027 καὶ
364 2974 750 3041 συμπλέκοντες
783 2975 990 3043 σπέρμα
1023 2975 1112 3029 καὶ
1145 2976 1354 3043 γάμους
1387 2977 1620 3044 βροτῶν;

239 3055 433 3109 δοῦναι
468 3056 524 3109 δὲ
557 3060 759 3124 μᾶλλον
793 3058 1036 3127 πλουσίῳ
1068 3063 1171 3119 πᾶς
1203 3076 1280 3120 τις
1312 3060 1458 3131 κακῷ

236 3137 520 3205 πρό-θυμός
552 3135 708 3205 ἐστιν,
742 3139 777 3207 ἢ
812 3140 999 3208 πένητι
1030 3139 1270 3208 κάγαθῷ,

241 3219 403 3280 κακὸς
437 3219 482 3271 δ’
517 3219 547 3272 ὁ
580 3220 652 3290 μὴ
687 3224 830 3291 ’χων,
867 3221 924 3274 οἱ
958 3222 1006 3274 δ’
1041 3219 1246 3290 ἔχοντες
1285 3221 1472 3288 ὄλβιοι.

183 3414 230 3469 *)
257 3414 428 3473 Vulgo:
461 3415 635 3460 animi
662 3438 720 3449 —
748 3419 906 3462 lavere
935 3417 1170 3463 nemini.

158 3483 229 3540 **)
256 3485 440 3543 Fragm.
471 3486 559 3529 inc.
589 3484 659 3530 64.
