2144 3854
953 316 1015 352 lx

138 460 379 529 excepto
415 452 672 508 Homero
687 491 703 520 ‚
747 467 913 504 nemo
949 430 1133 524 gratia
1170 454 1227 502 et
1266 448 1595 504 auctoritate
1625 467 1838 523 aequa-

137 568 245 636 vit,
301 568 472 623 etiam
507 565 682 620 invito
721 563 873 633 fato,
946 561 1233 616 interitum
1276 561 1497 637 effugit.
1595 562 1840 638 Propter

139 701 205 737 ea
230 688 446 750 autem,
485 698 628 751 quae
655 677 728 732 ad
756 675 1046 732 sarcienda
1076 675 1412 730 detrimenta
1438 675 1668 731 molitus
1696 695 1838 748 sum,

136 812 207 848 ne
264 793 389 866 quis
436 809 527 846 me
576 789 954 845 confidentiae
1006 788 1237 844 crimine
1293 795 1518 863 premat
1571 789 1836 861 iniquiuS‚

85 973 89 976 ⁷
134 912 326 960 teneto
364 923 455 959 me
492 923 606 959 non
644 903 780 976 quid
819 920 926 977 pro
966 907 1259 975 comperto
1289 901 1699 977 exploratoque
1724 901 1836 957 ha·-

135 1018 378 1087 buerim,
422 1017 523 1072 sed
551 1017 687 1091 quid
714 1017 974 1090 opinatus
1006 1015 1127 1085 sim,
1174 1015 1344 1070 etiam
1370 1015 1467 1069 ubi
1488 1015 1662 1070 verba
1686 1015 1836 1070 eius—

135 1131 319 1200 modi,
379 1131 567 1204 qualia
620 1137 746 1186 sunt
770 1134 921 1205 puto
964 1138 1020 1183 et
1060 1128 1295 1204 opinor,
1362 1147 1476 1183 non
1515 1128 1836 1198 adiecerim,

132 1245 403 1320 posuisse.

299 1358 505 1413 Latino
542 1375 672 1412 usus
713 1375 835 1411 sum
877 1373 1131 1410 sermone
1166 1354 1281 1409 hoc
1323 1355 1592 1424 consilio,
1636 1364 1700 1410 ut
1732 1373 1834 1410 ve-

131 1476 311 1525 terum
352 1471 542 1545 potius
578 1489 746 1543 quam
790 1469 1100 1524 recentium
1128 1468 1550 1524 aestimatorum
1579 1467 1721 1524 mihi
1744 1468 1835 1523 iu-

134 1582 281 1637 dicia
315 1584 602 1657 sequenda
640 1590 697 1637 et
743 1602 904 1637 sensa
940 1581 1277 1650 eorundem,
1323 1601 1355 1636 a
1383 1582 1583 1654 quibus
1606 1582 1836 1637 nomina

133 1696 505 1770 cogitatorum
545 1703 826 1770 peterem,
872 1694 1239 1748 adsciscendo
1267 1701 1478 1749 essent:
1526 1695 1679 1749 cuius
1705 1694 1834 1766 qui-

134 1806 268 1862 dem
312 1807 554 1861 instituti
589 1809 816 1862 minime
864 1826 955 1861 me
1006 1808 1279 1880 poenitet.
1389 1807 1581 1880 Atque
1619 1807 1834 1862 utinam

130 1918 227 1987 iis,
283 1918 380 1991 qui
417 1918 475 1973 in
510 1919 847 1974 illustrando
885 1919 1107 1974 scenico
1147 1937 1388 1993 poeseos
1417 1938 1628 1994 genere
1654 1919 1832 1974 hodie

133 2030 452 2099 elaborant,
506 2032 764 2106 placeat,
809 2039 870 2085 ut
906 2031 980 2086 ad
1016 2038 1267 2086 veterum
1301 2039 1599 2106 poetarum
1641 2033 1831 2087 imita-

129 2143 342 2199 tionem
380 2145 626 2213 enixiuS‚
682 2164 850 2218 quam
881 2152 1074 2214 antea,
1131 2164 1188 2199 se
1228 2146 1537 2219 applicent.
1626 2145 1830 2201 Tenue

131 2257 282 2311 enim
334 2258 623 2330 quoddam
675 2258 956 2313 scribendi
999 2277 1179 2334 genus
1230 2258 1373 2313 inter
1428 2258 1720 2313 historiam
1775 2265 1833 2314 et

128 2370 332 2444 poesin
369 2371 647 2440 medium,
693 2379 947 2445 spretum
986 2372 1056 2426 ab
1088 2371 1358 2443 antiquis,
1406 2372 1485 2426 sic
1520 2371 1697 2427 hodie
1735 2391 1830 2427 re-

128 2490 301 2558 gnat,
357 2490 419 2538 ut
463 2484 631 2538 etiam
666 2484 1114 2560 tragoediarum,
1171 2503 1316 2557 quae
1352 2491 1480 2539 sunt
1505 2504 1538 2539 a
1561 2485 1831 2540 nostrati-

128 2595 231 2650 bus
280 2596 551 2669 scriptae,
604 2616 734 2671 pars
768 2598 941 2672 longe
980 2598 1222 2652 maxima
1256 2598 1710 2654 Romanensibus
1738 2598 1830 2652 fa-

127 2707 304 2778 bulis,
362 2727 532 2780 quam
579 2710 724 2764 veris
777 2709 1115 2785 tragoediis,
1172 2710 1406 2764 similior
1444 2711 1529 2764 sit.
1626 2711 1830 2784 Itaque

130 2820 204 2876 ad
241 2821 523 2876 *sentiendi
562 2822 927 2877 subtilitatem
966 2824 1147 2898 magis
1186 2842 1354 2896 quam
1383 2823 1456 2876 ad
1481 2823 1704 2878 fortiter
1738 2824 1829 2878 fa-

131 2933 390 2988 ciendum
442 2933 773 3008 fortiterque
826 2935 1163 3010 patiendum
1199 2935 1458 2991 homines
1498 2935 1828 2991 imitationi-

129 3046 231 3102 bus
288 3046 399 3101 illis
445 3065 666 3102 morum
717 3048 1227 3122 sententiarumque
1271 3049 1608 3118 enucleatiS‚
1687 3068 1827 3122 quas

131 3158 384 3214 dramata
415 3161 804 3235 appellamuS‚
847 3162 1224 3218 instituuntur.

296 3272 635 3329 Doctoribus
699 3275 1139 3331 adolescentium
1193 3274 1348 3330 hunc
1404 3273 1609 3328 librum
1658 3272 1824 3328 dedi-

130 3383 252 3439 cavi
289 3391 346 3439 et
379 3393 676 3461 poetarum
711 3388 808 3458 iis,
866 3387 960 3460 qui
1000 3387 1341 3462 exemplaria
1380 3405 1586 3463 graeca
1622 3385 1825 3440 etiam-

127 3511 275 3552 nunc
325 3499 580 3556 manibus
627 3501 737 3557 suis
789 3500 1060 3557 versanda
1118 3520 1239 3557 esse
1287 3498 1709 3569 existimabunt,
1768 3505 1827 3578 et

1400 3597 1474 3638 *ῆι
