2144 3854
944 277 1064 334 117

161 428 303 473 natos
355 439 470 472 esse
517 425 611 472 ruti
668 421 958 485 attonitique
1000 421 1234 471 miraculo
1295 423 1358 471 ad
1402 438 1573 489 regem
1614 420 1839 481 redeunt,

163 506 397 566 monstra,
431 519 558 567 quae
588 506 763 569 putant
795 497 1006 565 (τέρατα
1046 500 1320 567 βουγενῆ),
1356 518 1524 552 secum
1557 502 1841 559 afferenteS,

162 583 406 649 simulque
450 599 574 632 unus
618 598 680 631 ex
723 583 784 630 iis
844 598 970 646 quae
1001 581 1233 630 viderunt
1282 583 1502 645 exponit.
1585 581 1695 645 Quo
1725 598 1843 648 por-

162 667 303 712 tento
346 664 396 712 in
431 665 550 729 ›ipso
594 662 759 711 reditu
790 661 1097 725 introituque
1129 660 1223 709 sibi
1257 660 1422 710 oblato
1455 677 1544 711 rex
1576 663 1845 712 vehemen-

161 742 355 791 ti-ime
390 748 687 801 commotu&
738 741 1028 802 Hessenem,
1083 746 1274 806 patrem
1309 757 1450 789 suum
1497 744 1844 806 grandaevum,

160 822 391 870 arcessiri
422 822 585 880 iubet,
631 822 695 870 de
736 838 794 870 re
837 822 960 870 mira
1008 821 1336 871 consulturus,
1403 822 1530 869 Dum
1577 822 1848 871 arcessitur
1921 866 1928 877 ,

162 916 346 962 senex,
391 902 546 951 Aeolo
592 899 653 949 ad
699 907 903 966 penates
950 901 1238 950 salutandos
1284 902 1336 949 in
1370 901 1571 950 domum
1603 902 1845 965 ingresso,

163 980 344 1031 chorus
378 981 506 1030 alter
534 981 779 1046 interponi
807 981 991 1047 potuit.

290 1061 465 1110 Prodit
497 1060 711 1121 Hellen,
747 1077 900 1110 senex
933 1061 1246 1125 decrepitus,
1283 1060 1348 1109 de
1382 1060 1654 1110 senectutis
1687 1059 1846 1108 imbe-

160 1141 364 1192 cillitate
395 1146 447 1190 et
478 1141 704 1190 molestia
735 1141 1043 1191 lamentans:

289 1219 341 1272 τί
372 1219 420 1272 δ’
454 1221 609 1280 ἄλλος
645 1217 801 1287 φωνὴ
832 1217 925 1271 καὶ
959 1218 1080 1271 σκιὰ
1113 1219 1286 1286 γέρων
1319 1218 1471 1287 ἀνήρ.

157 1301 254 1364 Re,
289 1302 446 1367 qualis
472 1303 757 1365 accidisset,
793 1318 854 1351 ex
882 1303 971 1351 filii
993 1302 1272 1351 narratione
1293 1302 1507 1367 cognita,
1541 1303 1706 1351 statim
1730 1317 1847 1368 pro-

158 1382 344 1448 digium
374 1397 489 1431 esse
522 1388 575 1431 et
607 1384 799 1447 expiari
830 1383 1016 1431 debere
1046 1387 1210 1431 certus
1244 1387 1351 1432 est:

287 1461 523 1526 „Certo
562 1463 670 1512 hic
717 1469 818 1512 est
865 1462 1132 1512 dubium
1167 1463 1453 1524 nullum,
1489 1464 1648 1529 quin
1681 1479 1846 1512 mon-

1002 1547 1063 1590 st
1076 1559 1103 1589 r
1114 1557 1149 1590 u
1162 1559 1213 1590 m
1245 1544 1380 1591 siet
1397 1560 1416 1590 .-

284 1621 428 1672 Hoc
464 1640 578 1689 ego
610 1623 745 1672 tibi
776 1621 924 1671 dico
959 1627 1023 1670 et
1060 1622 1461 1671 coniectura
1507 1622 1813 1686 auguro.’'

158 1700 317 1753 Aeolo
350 1707 532 1764 tamen,
565 1702 775 1751 formam
809 1701 1116 1768 parvulorum
1152 1705 1202 1750 et
1234 1702 1456 1767 vigorem
1480 1705 1533 1750 et
1555 1703 1708 1751 robur
1731 1717 1847 1752 con-

159 1782 411 1843 sideranti,
462 1799 561 1831 non
609 1783 776 1832 statim
809 1782 1137 1846 persuadetur
1184 1781 1298 1830 illos
1344 1797 1436 1845 pro
1483 1782 1717 1830 monstris
1759 1798 1847 1831 ne-

159 1862 346 1911 candos
389 1877 502 1911 esse
517 1901 532 1923 ,
581 1863 750 1927 potius
797 1861 1042 1909 beneficio
1087 1862 1412 1925 propitiorum
1446 1862 1655 1909 deorum
1688 1861 1847 1910 editos

159 1957 300 1999 esse,
347 1942 432 2005 qui
478 1942 636 1991 adulti
670 1957 835 1990 rerum
871 1948 1122 2004 gestarum
1158 1939 1424 2004 splendore
1457 1955 1663 2005 regnum
1697 1957 1846 2006 auge—

157 2025 259 2080 ant,
295 2021 555 2085 opinatur:

286 2100 759 2168 „Regnumque
799 2108 1100 2154 nostrum
1131 2103 1475 2169 sospitent
1517 2102 1847 2168 supersti-

1009 2190 1034 2233 t
1048 2201 1077 2232 e
1089 2201 1123 2233 n
1136 2190 1158 2233 t
1175 2199 1250 2252 qu
1267 2183 1346 2232 e.'’

157 2261 296 2310 Haec
330 2261 460 2310 dicta
495 2262 732 2311 stultitiae
765 2264 924 2326 arguit
956 2263 1164 2313 Hellen:

287 2340 485 2392 παπαί·
518 2339 638 2402 νέος
669 2339 759 2393 καὶ
786 2339 967 2403 σκαιὸς
1000 2337 1113 2403 ὀἷός
1147 2340 1436 2410 ἐστ’ῆ-ἄνήρ.

155 2421 409 2487 multaque
441 2424 770 2488 proferendo,
827 2426 1001 2488 quibus
1035 2425 1374 2490 prodigiorum
1406 2424 1534 2474 fides
1582 2425 1845 2473 confirma-

155 2506 294 2550 retur
335 2529 402 2538 —-
443 2519 650 2566 quorum
693 2505 744 2552 in
788 2520 993 2552 numero
1038 2505 1223 2552 Ennius
1271 2504 1420 2553 etiam
1466 2504 1608 2554 Navii
1646 2503 1847 2569 auguris

155 2580 340 2631 factum
374 2583 542 2646 posuit
575 2599 746 2631 saxum
779 2584 1010 2631 novacula
1045 2584 1346 2634 scindentis:

288 2662 476 2725 „Cum
508 2678 736 2712 saxum
771 2660 1229 2723 scisciderit‚'’
1262 2688 1330 2701 —-·

155 2743 355 2792 tandem
377 2743 550 2803 Aeolo,
585 2743 804 2807 quamvis
827 2741 1032 2790 meliora
1060 2741 1226 2803 docto,
1258 2740 1544 2807 persuadet,
1578 2740 1682 2804 igni
1704 2755 1846 2790 aver-

155 2824 417 2873 tendorum
430 2823 669 2872 malorum
685 2838 858 2872 caussa
872 2820 1099 2887 parvulos
1111 2822 1401 2870 cremandos
1419 2836 1532 2870 esse
1545 2835 1752 2870 censens
1762 2819 1814 2885 ³³)
1830 2839 1842 2867 :

298 2979 567 3022 converterit
596 3004 647 3011 —
678 2981 799 3021 hunc
828 2993 952 3032 esse,
994 2978 1087 3033 qui
1133 2977 1293 3020 filios
1319 2977 1574 3032 Neptuni
1604 2992 1631 3019 e
1657 2977 1842 3020 Mena-

295 3050 464 3104 lippa
492 3051 774 3103 servarit,
804 3065 866 3091 ne
895 3049 948 3091 in
977 3049 1203 3092 stabulo
1231 3048 1488 3091 infantes
1516 3062 1656 3105 grex
1683 3048 1843 3089 boum

299 3120 607 3162 obtereret.
688 3120 933 3176 Gregorius
982 3121 1012 3161 l.
1039 3121 1092 3161 l.:
1135 3117 1457 3174 φυλαττόμενα
1504 3118 1586 3174 μὲν
1624 3115 1718 3163 ὑπὸ
1757 3111 1845 3160 tow]

297 3189 488 3247 ταύρου,
519 3190 813 3246 θηλαζόμενα
843 3189 894 3234 δὲ
921 3187 1013 3232 ὑπὸ
1043 3190 1152 3244 μιᾶς
1180 3191 1273 3232 τῶν
1301 3190 1438 3247 βοῶν.

231 3260 273 3316 ⁸)
302 3260 372 3303 Cf.
415 3261 627 3317 Gregorii
663 3262 822 3311 verba,
854 3274 968 3316 quae
996 3273 1133 3315 supra
1161 3261 1404 3316 posuimus,
1458 3259 1611 3303 Minus
1636 3260 1843 3301 accurate

297 3331 540 3387 Dionysius
566 3333 681 3387 VIII,
710 3332 790 3374 10:
821 3331 845 3375 ὁ
889 3329 938 3375 δὲ
978 3327 1131 3388 πατὴρ
1161 3331 1371 3387 οἰόμενος
1400 3327 1519 3375 εἶναι
1547 3330 1686 3374 τοῦτο
1709 3325 1844 3384 τέρας

294 3398 482 3458 ’γνώμην
509 3406 711 3446 ποιεῖται
739 3402 1029 3446 κατακαῦσαι
1055 3400 1114 3444 τοὶ
1141 3403 1319 3446 παιδία.
1372 3402 1497 3445 Idem
1523 3401 1602 3453 IX,
1628 3399 1707 3441 10:
1738 3394 1765 3440 ὅ
1794 3394 1845 3440 δὲ

299 3470 451 3530 πατὴρ
470 3468 648 3529 ἡγεῖται
670 3470 718 3519 ἐκ
738 3473 848 3531 βοὸς
862 3470 981 3517 εἶναι
995 3471 1073 3516 καὶ
1084 3469 1144 3524 αἱς
1156 3470 1291 3531 τέρας
1310 3471 1525 3530 βούλεται
1540 3469 1842 3517 κατακαῦσαι.
