2144 3854
918 261 1039 320 169

128 415 279 479 gente
322 416 376 461 et
421 425 599 461 severo
633 417 905 476 parumque
937 408 1148 458 amabili.
1213 408 1361 458 Aiunt
1394 407 1522 457 enim
1555 423 1667 457 eum
1702 406 1814 458 bar-

130 492 241 542 bam
274 492 519 559 prolixam
565 490 750 540 aluisse
800 494 853 538 et
896 488 1243 551 lentiginosum
1285 488 1443 537 fuisse
1470 486 1541 553 *).
1624 488 1690 538 Et
1734 504 1818 537 ca-

128 589 245 622 num
279 588 336 622 se
369 571 724 636 barbatumque
756 584 869 618 esse
902 569 1013 634 ipse
1046 567 1165 616 dicit
1196 568 1248 616 in
1291 568 1498 620 Thesm.
1522 569 1816 634 Aristopha-

128 653 205 702 nis
240 652 309 716 (ν.
345 649 508 715 190.):

261 729 435 782 ἔπειτα
465 727 650 788 πολιός
683 724 786 791 εἶμι
817 725 908 778 καὶ
939 725 1151 792 πώγων’
1186 724 1300 792 ἔχω.

129 813 265 862 Sane
295 812 494 876 quidem
528 811 609 859 hic
642 810 733 858 viri
767 810 968 859 habitus
1003 815 1056 857 et
1089 809 1215 857 haec
1248 809 1379 856 vitae
1405 809 1709 858 consuetudo
1734 809 1822 860 de-

127 891 281 956 liquio
330 891 548 941 mulieris
594 890 903 953 adulterique
951 888 1139 937 libidini
1170 887 1338 936 idonei
1372 887 1587 937 suerunt.
1656 888 1757 938 Sed
1792 908 1822 940 a

129 972 338 1022 crimine
388 970 743 1036 Cephisophon
789 969 1130 1035 Aristophanis
1174 968 1342 1033 ipsius,
1379 969 1664 1018 testimonio
1698 971 1823 1019 libe-

127 1059 282 1102 ratur.
351 1051 645 1116 Intelligitur
682 1051 813 1099 enim
849 1066 911 1099 ex
966 1049 1121 1098 Ran'is
1167 1048 1330 1107 huius,
1379 1049 1618 1113 integram
1664 1066 1824 1114 usque

128 1132 191 1181 ad
223 1138 436 1182 mortem
469 1137 647 1196 poetae
680 1137 829 1194 atque
864 1131 1048 1180 actoris
1098 1129 1366 1178 amicitiam
1415 1129 1645 1178 durasse:
1694 1131 1826 1194 quod

131 1211 380 1276 quomodo
414 1211 527 1260 fieri
560 1211 830 1277 potuisset,
882 1211 925 1260 si
974 1212 1021 1259 in
1066 1215 1242 1274 stupro
1276 1203 1618 1274 deprehensus
1652 1227 1826 1263 caussa

127 1292 310 1341 fuisset
343 1292 472 1341 alter
505 1292 648 1340 alteri
682 1292 839 1356 patria
888 1290 1122 1339 carendi‘!
1189 1289 1273 1338 Sic
1322 1290 1524 1339 crimine
1568 1296 1826 1357 utramque

131 1372 386 1438 Euripidis
421 1388 626 1422 uxorem
649 1372 847 1420 liberari
873 1371 1026 1420 vides.
1085 1370 1449 1419 Felicissimum
1477 1375 1638 1421 autem
1665 1373 1827 1424 Choe-

127 1452 270 1502 rillae
293 1454 536 1518 imprimis
570 1453 932 1502 matrimonium
958 1451 1116 1500 fuisse
1142 1451 1218 1499 vel
1250 1467 1311 1499 ex
1333 1450 1635 1501 Mnesilochi
1657 1470 1826 1505 amore

132 1538 283 1597 atque
317 1533 660 1595 admiratione,
698 1550 791 1598 qua
818 1548 1052 1597 generum
1075 1531 1126 1579 in
1149 1531 1494 1596 Aristophanis
1519 1531 1684 1583 fabula
1705 1549 1825 1600 pro-

132 1614 376 1678 sequitur,
411 1614 654 1678 suspicari
685 1613 820 1665 licet.

263 1694 405 1744 Haec
440 1694 798 1759 praemittenda
844 1708 958 1742 esse
992 1693 1220 1743 duximus
1255 1693 1680 1757 contemplandam
1714 1711 1829 1760 pro-

133 1762 345 1840 posituri
377 1774 694 1823 didasculiam
731 1790 866 1834 eam,
919 1790 1047 1838 quae
1082 1774 1131 1821 in
1166 1774 1454 1822 maritorum
1487 1774 1675 1823 iuribus
1708 1791 1831 1824 uxo-

134 1870 346 1918 rumque
388 1853 491 1903 fide
538 1870 627 1903 seu
661 1854 869 1918 perfidia
904 1854 1195 1902 celebranda
1228 1853 1493 1902 manifesto
1526 1858 1632 1903 tota
1663 1872 1830 1905 versa-

132 1938 228 1984 tur.
280 1934 477 2000 Quippe
496 1933 576 1986 Ol.
600 1936 683 1991 85,
699 1937 764 1996 2.,
791 1950 917 1983 anno
941 1936 1075 1994 4:38„
1109 1938 1340 1999 praetore
1366 1933 1609 1982 Glaucide
1644 1935 1765 1985 Cre
1781 1952 1831 1985 s-

133 2031 265 2076 sas,
301 2015 761 2066 Alcmaeonem
796 2015 863 2063 in
896 2013 1248 2079 Psophide,
1284 2012 1644 2077 Telephum
1682 2023 1832 2081 atque

132 2095 545 2144 Alcestidem
594 2094 787 2144 fabulas
820 2111 919 2144 una
950 2094 1002 2143 in
1048 2099 1300 2143 certamen
1354 2094 1559 2143 delatasx
1592 2111 1703 2144 esse
1754 2101 1831 2145 te-

131 2175 361 2224 stimonio
407 2180 602 2224 constat
649 2176 787 2237 eiuS,
848 2176 933 2239 qui
990 2179 1338 2240 argumentum
1396 2174 1516 2222 illud
1564 2176 1834 2226 Alcestidis

133 2256 362 2321 scripsit,
411 2256 545 2320 quod
589 2272 750 2322 nuper
781 2257 831 2305 in
867 2255 976 2306 cod.
1013 2255 1176 2306 Vatic.
1211 2271 1239 2303 a
1274 2255 1336 2305 G.
1370 2254 1627 2305 Dindorfio
1661 2258 1833 2306 inven-

134 2341 242 2386 tum
276 2336 681 2402 divulgatumque
715 2341 819 2385 est:
868 2331 1124 2401 ἐδιδάχθη
1169 2330 1252 2385 ἐπὶ
1297 2336 1350 2385 Γ
1345 2334 1607 2387 λαυκίδου
1642 2338 1834 2403 ἄρχον-

134 2432 226 2476 τος
259 2413 336 2467 ὄλ.
369 2413 464 2469 πέ.
549 2416 772 2480 Πρῶτος
805 2409 875 2482 ἧν
908 2418 1223 2484 Σοφοκλῆς,
1259 2415 1505 2482 δεύτερος
1537 2417 1837 2484 Εὐριπίδης

135 2496 424 2563 Κρήσσαις,
451 2491 771 2562 Ἀλκμαίωνι
803 2499 877 2567 τῷ
914 2497 1002 2549 διὰ
1044 2497 1322 2562 Ψωφῖδος,
1373 2496 1612 2565 Τηλέφῳ,
1652 2493 1836 2565 Ἀλκή-

137 2576 275 2628 στιδι
301 2575 402 2641 **).
473 2578 693 2640 Quarum
740 2579 1016 2628 fabularum
1066 2580 1256 2628 duabus
1292 2597 1474 2629 uxores
1508 2581 1837 2645 probissimae

135 2658 523 2723 fidissimaeque,
559 2658 749 2708 duabus
784 2646 1024 2707 alienatae
1056 2675 1084 2707 a
1119 2660 1234 2707 viris
1270 2667 1322 2709 et
1357 2677 1468 2708 cum
1503 2661 1674 2709 alienis
1715 2677 1838 2710 con-

135 2739 382 2805 spirantes
416 2739 467 2787 in
503 2754 702 2787 scenam
737 2738 1111 2787 inducebantur.
1182 2739 1396 2788 Alcestis
1448 2741 1576 2789 enim
1625 2747 1838 2790 mortem

137 2819 336 2886 oppetit
369 2835 460 2885 pro
494 2819 673 2868 marito
710 2820 878 2884 digno,
914 2819 998 2884 qui
1034 2819 1224 2868 colatur
1260 2820 1498 2883 cuiusque
1527 2820 1676 2869 saluti
1699 2836 1837 2869 suam

136 2900 285 2950 amici
330 2916 389 2949 ac
435 2900 700 2965 propinqui
750 2905 1076 2965 postponant:
1123 2900 1457 2965 Alphesiboea
1492 2901 1639 2949 etiam
1675 2902 1836 2950 minus

136 2981 349 3046 probum
375 2981 632 3045 coniugem
660 2987 809 3045 atque
835 2997 965 3041 eum,
994 2996 1021 3027 a
1052 2995 1148 3044 quo
1174 2980 1283 3045 ipsa
1307 2982 1501 3045 prodita
1522 2982 1599 3040 sit,
1635 2982 1837 3046 dignum

138 3077 252 3111 esse
287 3062 474 3122 statuit,
510 3062 606 3122 cui,
642 3069 698 3110 ut
736 3063 846 3127 ipse
881 3061 1044 3109 salvus
1075 3060 1294 3124 felixque
1328 3077 1441 3110 esse
1480 3062 1659 3127 possit,
1694 3078 1836 3111 suum

139 3142 454 3191 commodum
484 3157 727 3206 suumque
761 3143 1002 3191 honorem
1037 3141 1302 3201 concedat,
1342 3158 1589 3208 quemque
1623 3144 1837 3192 eundem

206 3256 254 3310 ¹⁸)
284 3256 394 3298 Cod.
423 3255 632 3298 Medion
663 3253 839 3310 ἐλέγετο
869 3253 919 3298 δὲ
949 3253 1026 3298 καὶ
1056 3253 1214 3312 βαθὺν
1241 3252 1442 3312 πώγωνα
1469 3254 1650 3314 θρέψαι
1669 3255 1747 3299 καὶ
1764 3253 1840 3299 ἐπὶ

282 3326 367 3381 τῆς
394 3322 550 3381 ὅψεως
580 3323 761 3381 φακοὺς
789 3325 1045 3380 ἐσχηκέναι.

194 3398 253 3451 ’·)
284 3396 353 3439 Cf.
383 3397 534 3439 Glum.
577 3398 634 3441 de
665 3398 768 3442 Eur.
798 3395 1024 3440 Alcestide
1062 3397 1297 3442 comment.
1329 3414 1371 3454 p.
1399 3398 1442 3441 7.
1475 3402 1517 3442 et
1545 3394 1615 3440 14.
1646 3400 1690 3440 et
1728 3396 1838 3440 Din-

283 3466 399 3510 dorf.
429 3468 572 3523 praef·
