<?xml version="1.0" encoding="UTF-8"?>
<!DOCTYPE html PUBLIC "-//W3C//DTD XHTML 1.0 Transitional//EN"
    "http://www.w3.org/TR/xhtml1/DTD/xhtml1-transitional.dtd">
<html xmlns="http://www.w3.org/1999/xhtml" xml:lang="en" lang="en">
 <head>
  <title>
</title>
<meta http-equiv="Content-Type" content="text/html;charset=utf-8" />
  <meta name='ocr-system' content='tesseract 3.04.00' />
  <meta name='ocr-capabilities' content='ocr_page ocr_carea ocr_par ocr_line ocrx_word'/>
</head>
<body>
  <div class='ocr_page' id='page_1' title='image "./euripidesrestitu01hartuoft_0167.png"; bbox 0 0 2144 3854; ppageno 0'>
   <div class='ocr_carea' id='block_1_1' title="bbox 934 288 1056 344">
    <p class='ocr_par' dir='ltr' id='par_1_1' title="bbox 934 288 1056 344">
     <span class='ocr_line' id='line_1_1' title="bbox 934 288 1056 344; baseline 0 0"><span class='ocrx_word' id='word_1_1' title='bbox 934 288 1056 344; x_wconf 78' lang='lat'><strong>149</strong></span> 
     </span>
    </p>
   </div>
   <div class='ocr_carea' id='block_1_2' title="bbox 136 428 1843 2106">
    <p class='ocr_par' dir='ltr' id='par_1_2' title="bbox 286 428 1585 495">
     <span class='ocr_line' id='line_1_2' title="bbox 286 428 1585 495; baseline -0.003 -9"><span class='ocrx_word' id='word_1_2' title='bbox 286 435 539 495; x_wconf 77' lang='lat' dir='ltr'><strong>„Gaudia</strong></span> <span class='ocrx_word' id='word_1_3' title='bbox 571 440 830 486; x_wconf 77' lang='lat' dir='ltr'><strong>testantur</strong></span> <span class='ocrx_word' id='word_1_4' title='bbox 861 434 990 483; x_wconf 79' lang='lat' dir='ltr'><strong>socii</strong></span> <span class='ocrx_word' id='word_1_5' title='bbox 1024 434 1248 483; x_wconf 82' lang='lat' dir='ltr'><strong>clamore</strong></span> <span class='ocrx_word' id='word_1_6' title='bbox 1279 433 1519 495; x_wconf 74' lang='lat' dir='ltr'><strong>secunda,</strong></span> <span class='ocrx_word' id='word_1_7' title='bbox 1582 428 1585 430; x_wconf 53' lang='grc'><strong><em>’</em></strong></span> 
     </span>
    </p>

    <p class='ocr_par' dir='ltr' id='par_1_3' title="bbox 136 511 1843 1767">
     <span class='ocr_line' id='line_1_3' title="bbox 294 511 1829 583; baseline -0.003 -17"><span class='ocrx_word' id='word_1_8' title='bbox 294 515 667 583; x_wconf 72' lang='lat' dir='ltr'><strong>Wctrieemque</strong></span> <span class='ocrx_word' id='word_1_9' title='bbox 702 519 890 582; x_wconf 72' lang='lat' dir='ltr'><strong>petunt</strong></span> <span class='ocrx_word' id='word_1_10' title='bbox 925 512 1147 561; x_wconf 70' lang='lat' dir='ltr'><strong>dextrae</strong></span> <span class='ocrx_word' id='word_1_11' title='bbox 1193 515 1505 579; x_wconf 76' lang='lat' dir='ltr'><strong>coniungere</strong></span> <span class='ocrx_word' id='word_1_12' title='bbox 1538 511 1829 563; x_wconf 50' lang='lat' dir='ltr'><strong>dextram?</strong></span> 
     </span>
     <span class='ocr_line' id='line_1_4' title="bbox 155 582 1830 663; baseline -0.002 -17"><span class='ocrx_word' id='word_1_13' title='bbox 155 597 265 646; x_wconf 84' lang='lat' dir='ltr'><strong>Hac</strong></span> <span class='ocrx_word' id='word_1_14' title='bbox 306 596 441 647; x_wconf 81' lang='lat' dir='ltr'><strong>finita</strong></span> <span class='ocrx_word' id='word_1_15' title='bbox 485 597 762 663; x_wconf 76' lang='lat' dir='ltr'><strong>narratione</strong></span> <span class='ocrx_word' id='word_1_16' title='bbox 804 593 1006 643; x_wconf 89' lang='lat' dir='ltr'><strong>tertium</strong></span> <span class='ocrx_word' id='word_1_17' title='bbox 1052 592 1194 640; x_wconf 89' lang='lat' dir='ltr'><strong>chori</strong></span> <span class='ocrx_word' id='word_1_18' title='bbox 1238 609 1434 642; x_wconf 88' lang='lat' dir='ltr'><strong>carmen</strong></span> <span class='ocrx_word' id='word_1_19' title='bbox 1464 582 1711 659; x_wconf 86' lang='lat' dir='ltr'><strong>interponi</strong></span> <span class='ocrx_word' id='word_1_20' title='bbox 1743 610 1830 659; x_wconf 92' lang='lat' dir='ltr'><strong>po-</strong></span> 
     </span>
     <span class='ocr_line' id='line_1_5' title="bbox 155 663 1836 740; baseline -0.001 -15"><span class='ocrx_word' id='word_1_21' title='bbox 155 676 267 726; x_wconf 86' lang='lat' dir='ltr'><strong>tuit.</strong></span> <span class='ocrx_word' id='word_1_22' title='bbox 333 675 635 740; x_wconf 83' lang='lat' dir='ltr'><strong>Aptissimus</strong></span> <span class='ocrx_word' id='word_1_23' title='bbox 667 679 832 724; x_wconf 86' lang='lat' dir='ltr'><strong>autem</strong></span> <span class='ocrx_word' id='word_1_24' title='bbox 865 673 1003 722; x_wconf 89' lang='lat' dir='ltr'><strong>locus</strong></span> <span class='ocrx_word' id='word_1_25' title='bbox 1037 673 1213 735; x_wconf 88' lang='lat' dir='ltr'><strong>paeani</strong></span> <span class='ocrx_word' id='word_1_26' title='bbox 1245 677 1378 733; x_wconf 79' lang='lat' dir='ltr'><strong>erat,</strong></span> <span class='ocrx_word' id='word_1_27' title='bbox 1429 689 1525 738; x_wconf 92' lang='lat' dir='ltr'><strong>quo</strong></span> <span class='ocrx_word' id='word_1_28' title='bbox 1560 663 1612 723; x_wconf 85' lang='lat' dir='ltr'><strong>et</strong></span> <span class='ocrx_word' id='word_1_29' title='bbox 1643 675 1836 738; x_wconf 81' lang='lat' dir='ltr'><strong>patriae</strong></span> 
     </span>
     <span class='ocr_line' id='line_1_6' title="bbox 153 744 1836 818; baseline -0.001 -13"><span class='ocrx_word' id='word_1_30' title='bbox 153 762 348 806; x_wconf 83' lang='lat' dir='ltr'><strong>terrore</strong></span> <span class='ocrx_word' id='word_1_31' title='bbox 381 756 613 806; x_wconf 76' lang='lat' dir='ltr'><strong>liberatae</strong></span> <span class='ocrx_word' id='word_1_32' title='bbox 644 754 858 803; x_wconf 82' lang='lat' dir='ltr'><strong>felicitas</strong></span> <span class='ocrx_word' id='word_1_33' title='bbox 892 758 942 802; x_wconf 89' lang='lat' dir='ltr'><strong>et</strong></span> <span class='ocrx_word' id='word_1_34' title='bbox 974 752 1178 800; x_wconf 79' lang='lat' dir='ltr'><strong>victoris</strong></span> <span class='ocrx_word' id='word_1_35' title='bbox 1210 753 1315 801; x_wconf 82' lang='lat' dir='ltr'><strong>laus</strong></span> <span class='ocrx_word' id='word_1_36' title='bbox 1351 744 1404 801; x_wconf 82' lang='lat' dir='ltr'><strong>et</strong></span> <span class='ocrx_word' id='word_1_37' title='bbox 1435 755 1594 817; x_wconf 71' lang='lat' dir='ltr'><strong>regis,</strong></span> <span class='ocrx_word' id='word_1_38' title='bbox 1649 757 1732 818; x_wconf 90' lang='lat' dir='ltr'><strong>qui</strong></span> <span class='ocrx_word' id='word_1_39' title='bbox 1765 761 1836 804; x_wconf 92' lang='lat' dir='ltr'><strong>ta-</strong></span> 
     </span>
     <span class='ocr_line' id='line_1_7' title="bbox 153 832 1836 899; baseline 0.001 -16"><span class='ocrx_word' id='word_1_40' title='bbox 153 835 252 885; x_wconf 87' lang='lat' dir='ltr'><strong>lem</strong></span> <span class='ocrx_word' id='word_1_41' title='bbox 285 836 441 885; x_wconf 89' lang='lat' dir='ltr'><strong>filium</strong></span> <span class='ocrx_word' id='word_1_42' title='bbox 472 838 802 899; x_wconf 72' lang='lat' dir='ltr'><strong>procreasset,</strong></span> <span class='ocrx_word' id='word_1_43' title='bbox 834 832 992 882; x_wconf 88' lang='lat' dir='ltr'><strong>honor</strong></span> <span class='ocrx_word' id='word_1_44' title='bbox 1023 832 1376 883; x_wconf 84' lang='lat' dir='ltr'><strong>celebraretur.</strong></span> <span class='ocrx_word' id='word_1_45' title='bbox 1444 833 1584 882; x_wconf 90' lang='lat' dir='ltr'><strong>Hanc</strong></span> <span class='ocrx_word' id='word_1_46' title='bbox 1598 835 1836 885; x_wconf 88' lang='lat' dir='ltr'><strong>laetitiam</strong></span> 
     </span>
     <span class='ocr_line' id='line_1_8' title="bbox 155 912 1836 979; baseline 0.001 -16"><span class='ocrx_word' id='word_1_47' title='bbox 155 916 388 965; x_wconf 90' lang='lat' dir='ltr'><strong>continuo</strong></span> <span class='ocrx_word' id='word_1_48' title='bbox 431 915 640 979; x_wconf 82' lang='lat' dir='ltr'><strong>litigatio</strong></span> <span class='ocrx_word' id='word_1_49' title='bbox 689 929 975 978; x_wconf 88' lang='lat' dir='ltr'><strong>summaque</strong></span> <span class='ocrx_word' id='word_1_50' title='bbox 1022 912 1272 961; x_wconf 88' lang='lat' dir='ltr'><strong>calamitas</strong></span> <span class='ocrx_word' id='word_1_51' title='bbox 1317 913 1537 962; x_wconf 89' lang='lat' dir='ltr'><strong>insecuta</strong></span> <span class='ocrx_word' id='word_1_52' title='bbox 1570 918 1663 963; x_wconf 86' lang='lat' dir='ltr'><strong>est.</strong></span> <span class='ocrx_word' id='word_1_53' title='bbox 1734 915 1836 964; x_wconf 89' lang='lat' dir='ltr'><strong>Re-</strong></span> 
     </span>
     <span class='ocr_line' id='line_1_9' title="bbox 153 993 1839 1057; baseline 0.001 -14"><span class='ocrx_word' id='word_1_54' title='bbox 153 995 307 1044; x_wconf 82' lang='lat' dir='ltr'><strong>versis</strong></span> <span class='ocrx_word' id='word_1_55' title='bbox 342 995 471 1044; x_wconf 86' lang='lat' dir='ltr'><strong>enim</strong></span> <span class='ocrx_word' id='word_1_56' title='bbox 505 995 556 1043; x_wconf 90' lang='lat' dir='ltr'><strong>in</strong></span> <span class='ocrx_word' id='word_1_57' title='bbox 588 1010 786 1043; x_wconf 82' lang='lat' dir='ltr'><strong>scenam</strong></span> <span class='ocrx_word' id='word_1_58' title='bbox 819 993 1027 1043; x_wconf 87' lang='lat' dir='ltr'><strong>ducibus</strong></span> <span class='ocrx_word' id='word_1_59' title='bbox 1062 998 1113 1042; x_wconf 87' lang='lat' dir='ltr'><strong>et</strong></span> <span class='ocrx_word' id='word_1_60' title='bbox 1146 1009 1173 1041; x_wconf 87' lang='lat' dir='ltr'><strong>a</strong></span> <span class='ocrx_word' id='word_1_61' title='bbox 1206 1008 1327 1057; x_wconf 81' lang='lat' dir='ltr'><strong>rege</strong></span> <span class='ocrx_word' id='word_1_62' title='bbox 1362 994 1532 1043; x_wconf 90' lang='lat' dir='ltr'><strong>Oeneo</strong></span> <span class='ocrx_word' id='word_1_63' title='bbox 1563 995 1839 1056; x_wconf 84' lang='lat' dir='ltr'><strong>honorifice</strong></span> 
     </span>
     <span class='ocr_line' id='line_1_10' title="bbox 153 1073 1839 1140; baseline 0.001 -17"><span class='ocrx_word' id='word_1_64' title='bbox 153 1074 377 1140; x_wconf 78' lang='lat' dir='ltr'><strong>exceptis</strong></span> <span class='ocrx_word' id='word_1_65' title='bbox 401 1073 467 1137; x_wconf 38' lang='grc' dir='ltr'><strong>ἢ),</strong></span> <span class='ocrx_word' id='word_1_66' title='bbox 502 1073 697 1122; x_wconf 87' lang='lat' dir='ltr'><strong>Thestii</strong></span> <span class='ocrx_word' id='word_1_67' title='bbox 730 1073 847 1135; x_wconf 71' lang='lat' dir='ltr'><strong>filii,</strong></span> <span class='ocrx_word' id='word_1_68' title='bbox 881 1074 1130 1138; x_wconf 88' lang='lat' dir='ltr'><strong>iidemque</strong></span> <span class='ocrx_word' id='word_1_69' title='bbox 1162 1073 1362 1137; x_wconf 83' lang='lat' dir='ltr'><strong>reginae</strong></span> <span class='ocrx_word' id='word_1_70' title='bbox 1395 1073 1605 1131; x_wconf 74' lang='lat' dir='ltr'><strong>fratrea,</strong></span> <span class='ocrx_word' id='word_1_71' title='bbox 1641 1075 1839 1139; x_wconf 82' lang='lat' dir='ltr'><strong>indigne</strong></span> 
     </span>
     <span class='ocr_line' id='line_1_11' title="bbox 151 1152 1839 1219; baseline 0.001 -17"><span class='ocrx_word' id='word_1_72' title='bbox 151 1154 387 1215; x_wconf 84' lang='lat' dir='ltr'><strong>ferentes,</strong></span> <span class='ocrx_word' id='word_1_73' title='bbox 420 1153 552 1218; x_wconf 84' lang='lat' dir='ltr'><strong>quod</strong></span> <span class='ocrx_word' id='word_1_74' title='bbox 587 1154 741 1219; x_wconf 88' lang='lat' dir='ltr'><strong>spolia</strong></span> <span class='ocrx_word' id='word_1_75' title='bbox 775 1154 1034 1203; x_wconf 80' lang='lat' dir='ltr'><strong>Atalantae</strong></span> <span class='ocrx_word' id='word_1_76' title='bbox 1066 1170 1093 1202; x_wconf 90' lang='lat' dir='ltr'><strong>a</strong></span> <span class='ocrx_word' id='word_1_77' title='bbox 1128 1152 1381 1218; x_wconf 83' lang='lat' dir='ltr'><strong>Meleagro</strong></span> <span class='ocrx_word' id='word_1_78' title='bbox 1413 1169 1650 1203; x_wconf 88' lang='lat' dir='ltr'><strong>concessa</strong></span> <span class='ocrx_word' id='word_1_79' title='bbox 1682 1161 1839 1219; x_wconf 83' lang='lat' dir='ltr'><strong>erant,</strong></span> 
     </span>
     <span class='ocr_line' id='line_1_12' title="bbox 152 1233 1841 1300; baseline 0.001 -17"><span class='ocrx_word' id='word_1_80' title='bbox 152 1234 215 1284; x_wconf 82' lang='lat' dir='ltr'><strong>ad</strong></span> <span class='ocrx_word' id='word_1_81' title='bbox 248 1234 382 1283; x_wconf 90' lang='lat' dir='ltr'><strong>hunc</strong></span> <span class='ocrx_word' id='word_1_82' title='bbox 415 1233 744 1283; x_wconf 79' lang='lat' dir='ltr'><strong>accusandum</strong></span> <span class='ocrx_word' id='word_1_83' title='bbox 778 1235 1078 1298; x_wconf 84' lang='lat' dir='ltr'><strong>prodierunt.</strong></span> <span class='ocrx_word' id='word_1_84' title='bbox 1120 1233 1256 1296; x_wconf 64' lang='lat' dir='ltr'><strong>&gt;Qua</strong></span> <span class='ocrx_word' id='word_1_85' title='bbox 1292 1234 1357 1282; x_wconf 87' lang='lat' dir='ltr'><strong>de</strong></span> <span class='ocrx_word' id='word_1_86' title='bbox 1390 1249 1446 1283; x_wconf 89' lang='lat' dir='ltr'><strong>re</strong></span> <span class='ocrx_word' id='word_1_87' title='bbox 1478 1235 1603 1283; x_wconf 86' lang='lat' dir='ltr'><strong>haec</strong></span> <span class='ocrx_word' id='word_1_88' title='bbox 1637 1236 1841 1300; x_wconf 84' lang='lat' dir='ltr'><strong>scripsit</strong></span> 
     </span>
     <span class='ocr_line' id='line_1_13' title="bbox 136 1305 1838 1379; baseline 0.001 -15"><span class='ocrx_word' id='word_1_89' title='bbox 136 1314 506 1379; x_wconf 60' lang='lat' dir='ltr'><strong>Apollodorus:</strong></span> <span class='ocrx_word' id='word_1_90' title='bbox 557 1311 611 1363; x_wconf 84' lang='grc' dir='ltr'><strong>οἱ</strong></span> <span class='ocrx_word' id='word_1_91' title='bbox 656 1312 714 1364; x_wconf 82' lang='grc' dir='ltr'><strong>δὲ</strong></span> <span class='ocrx_word' id='word_1_92' title='bbox 758 1312 980 1364; x_wconf 80' lang='grc' dir='ltr'><em>Θεστίου</em></span> <span class='ocrx_word' id='word_1_93' title='bbox 1025 1305 1235 1375; x_wconf 75' lang='grc' dir='ltr'><em>παῖδὲς,</em></span> <span class='ocrx_word' id='word_1_94' title='bbox 1285 1311 1730 1378; x_wconf 74' lang='grc' dir='ltr'><em>ἀδοξοῦντες,</em></span> <span class='ocrx_word' id='word_1_95' title='bbox 1784 1314 1838 1365; x_wconf 82' lang='grc' dir='ltr'><strong>εἰ</strong></span> 
     </span>
     <span class='ocr_line' id='line_1_14' title="bbox 151 1391 1836 1462; baseline 0.001 -16"><span class='ocrx_word' id='word_1_96' title='bbox 151 1393 512 1459; x_wconf 81' lang='grc' dir='ltr'><strong><em>παρόντων</em></strong></span> <span class='ocrx_word' id='word_1_97' title='bbox 545 1393 821 1459; x_wconf 79' lang='grc' dir='ltr'><strong><em>ἀνδρῶν</em></strong></span> <span class='ocrx_word' id='word_1_98' title='bbox 853 1392 1027 1460; x_wconf 76' lang='grc' dir='ltr'><strong><em>γυνὴ</em></strong></span> <span class='ocrx_word' id='word_1_99' title='bbox 1074 1391 1154 1445; x_wconf 77' lang='grc' dir='ltr'><strong>τὰ</strong></span> <span class='ocrx_word' id='word_1_100' title='bbox 1187 1393 1500 1459; x_wconf 76' lang='grc' dir='ltr'><em>ἀριστεῖα</em></span> <span class='ocrx_word' id='word_1_101' title='bbox 1533 1395 1836 1462; x_wconf 83' lang='grc' dir='ltr'><em>λήψεται,</em></span> 
     </span>
     <span class='ocr_line' id='line_1_15' title="bbox 152 1472 1842 1544; baseline 0.001 -17"><span class='ocrx_word' id='word_1_102' title='bbox 152 1476 213 1527; x_wconf 85' lang='grc' dir='ltr'><strong>τὸ</strong></span> <span class='ocrx_word' id='word_1_103' title='bbox 248 1473 407 1540; x_wconf 81' lang='grc' dir='ltr'><em>δέρας</em></span> <span class='ocrx_word' id='word_1_104' title='bbox 448 1474 584 1542; x_wconf 76' lang='grc' dir='ltr'><em>αὐτῇ</em></span> <span class='ocrx_word' id='word_1_105' title='bbox 630 1474 944 1541; x_wconf 75' lang='grc' dir='ltr'><em>ἀφείλοντο,</em></span> <span class='ocrx_word' id='word_1_106' title='bbox 989 1474 1124 1526; x_wconf 79' lang='grc' dir='ltr'><em>κατὰ</em></span> <span class='ocrx_word' id='word_1_107' title='bbox 1155 1472 1310 1540; x_wconf 77' lang='grc' dir='ltr'><em>γένος</em></span> <span class='ocrx_word' id='word_1_108' title='bbox 1345 1476 1528 1537; x_wconf 83' lang='grc' dir='ltr'><em>αὐτοῖς</em></span> <span class='ocrx_word' id='word_1_109' title='bbox 1561 1476 1842 1544; x_wconf 80' lang='grc' dir='ltr'><strong><em>προςήκειν</em></strong></span> 
     </span>
     <span class='ocr_line' id='line_1_16' title="bbox 151 1554 1840 1624; baseline 0.001 -16"><span class='ocrx_word' id='word_1_110' title='bbox 151 1554 418 1622; x_wconf 73' lang='grc' dir='ltr'><em>λέγοντες,</em></span> <span class='ocrx_word' id='word_1_111' title='bbox 466 1555 511 1606; x_wconf 83' lang='grc' dir='ltr'><strong>εἰ</strong></span> <span class='ocrx_word' id='word_1_112' title='bbox 557 1554 870 1622; x_wconf 82' lang='grc' dir='ltr'><em>Μελέαγρος</em></span> <span class='ocrx_word' id='word_1_113' title='bbox 921 1555 1211 1622; x_wconf 80' lang='grc' dir='ltr'><em>λαμβάνειν</em></span> <span class='ocrx_word' id='word_1_114' title='bbox 1271 1554 1343 1622; x_wconf 80' lang='grc' dir='ltr'><strong>μὴ</strong></span> <span class='ocrx_word' id='word_1_115' title='bbox 1393 1561 1707 1624; x_wconf 80' lang='grc' dir='ltr'><em>προαιροῖτο</em></span> <span class='ocrx_word' id='word_1_116' title='bbox 1744 1559 1840 1624; x_wconf 49' lang='lat'><strong>²²²³3),</strong></span> 
     </span>
     <span class='ocr_line' id='line_1_17' title="bbox 151 1637 1843 1702; baseline 0 -14"><span class='ocrx_word' id='word_1_117' title='bbox 151 1638 420 1702; x_wconf 80' lang='lat' dir='ltr'><strong>Plexippus</strong></span> <span class='ocrx_word' id='word_1_118' title='bbox 451 1638 601 1686; x_wconf 87' lang='lat' dir='ltr'><strong>verba</strong></span> <span class='ocrx_word' id='word_1_119' title='bbox 637 1637 817 1688; x_wconf 88' lang='lat' dir='ltr'><strong>fecisse</strong></span> <span class='ocrx_word' id='word_1_120' title='bbox 849 1638 1080 1697; x_wconf 84' lang='lat' dir='ltr'><strong>videtur,</strong></span> <span class='ocrx_word' id='word_1_121' title='bbox 1117 1639 1258 1688; x_wconf 90' lang='lat' dir='ltr'><strong>cuius</strong></span> <span class='ocrx_word' id='word_1_122' title='bbox 1292 1641 1524 1689; x_wconf 89' lang='lat' dir='ltr'><strong>orationis</strong></span> <span class='ocrx_word' id='word_1_123' title='bbox 1558 1640 1651 1690; x_wconf 88' lang='lat' dir='ltr'><strong>hos</strong></span> <span class='ocrx_word' id='word_1_124' title='bbox 1687 1639 1843 1689; x_wconf 85' lang='lat' dir='ltr'><strong>fuisse</strong></span> 
     </span>
     <span class='ocr_line' id='line_1_18' title="bbox 154 1717 600 1767; baseline -0.002 0"><span class='ocrx_word' id='word_1_125' title='bbox 154 1734 327 1767; x_wconf 87' lang='lat' dir='ltr'><strong>versus</strong></span> <span class='ocrx_word' id='word_1_126' title='bbox 359 1717 600 1766; x_wconf 85' lang='lat' dir='ltr'><strong>arbitror:</strong></span> 
     </span>
    </p>

    <p class='ocr_par' dir='ltr' id='par_1_4' title="bbox 286 1788 1520 1865">
     <span class='ocr_line' id='line_1_19' title="bbox 286 1788 1520 1865; baseline 0.002 -18"><span class='ocrx_word' id='word_1_127' title='bbox 286 1795 388 1847; x_wconf 81' lang='grc' dir='ltr'><strong>οὐκ</strong></span> <span class='ocrx_word' id='word_1_128' title='bbox 419 1788 493 1862; x_wconf 80' lang='grc' dir='ltr'><strong>ἦν</strong></span> <span class='ocrx_word' id='word_1_129' title='bbox 521 1798 605 1862; x_wconf 80' lang='grc' dir='ltr'><strong>ἄρ’</strong></span> <span class='ocrx_word' id='word_1_130' title='bbox 642 1794 801 1849; x_wconf 79' lang='grc' dir='ltr'><em>οὐδὲν</em></span> <span class='ocrx_word' id='word_1_131' title='bbox 834 1800 963 1864; x_wconf 78' lang='grc' dir='ltr'><strong><em>πῆμ’</em></strong></span> <span class='ocrx_word' id='word_1_132' title='bbox 997 1795 1286 1865; x_wconf 80' lang='grc' dir='ltr'><strong><em>ἐλευθέραν</em></strong></span> <span class='ocrx_word' id='word_1_133' title='bbox 1319 1797 1520 1851; x_wconf 78' lang='grc' dir='ltr'><strong><em>δάκνον</em></strong></span> 
     </span>
    </p>

    <p class='ocr_par' dir='ltr' id='par_1_5' title="bbox 155 1872 1405 2023">
     <span class='ocr_line' id='line_1_20' title="bbox 284 1874 1390 1944; baseline 0.002 -16"><span class='ocrx_word' id='word_1_134' title='bbox 284 1874 464 1944; x_wconf 81' lang='grc' dir='ltr'><strong><em>ψυχὴν</em></strong></span> <span class='ocrx_word' id='word_1_135' title='bbox 496 1875 694 1943; x_wconf 81' lang='grc' dir='ltr'><em>ὁμοίως</em></span> <span class='ocrx_word' id='word_1_136' title='bbox 726 1876 923 1943; x_wconf 78' lang='grc' dir='ltr'><strong>α’νδρὸς</strong></span> <span class='ocrx_word' id='word_1_137' title='bbox 956 1878 1029 1938; x_wconf 80' lang='grc' dir='ltr'><strong>ὡς</strong></span> <span class='ocrx_word' id='word_1_138' title='bbox 1061 1879 1242 1944; x_wconf 73' lang='grc' dir='ltr'><em>ἀτιμία</em></span> <span class='ocrx_word' id='word_1_139' title='bbox 1268 1880 1390 1944; x_wconf 87' lang='grc'>)</span> 
     </span>
     <span class='ocr_line' id='line_1_21' title="bbox 155 1958 1197 2023; baseline 0.001 -15"><span class='ocrx_word' id='word_1_140' title='bbox 155 1958 477 2023; x_wconf 82' lang='lat' dir='ltr'><strong>Respondent</strong></span> <span class='ocrx_word' id='word_1_141' title='bbox 511 1960 639 2007; x_wconf 89' lang='lat' dir='ltr'><strong>enim</strong></span> <span class='ocrx_word' id='word_1_142' title='bbox 674 1959 753 2008; x_wconf 89' lang='lat' dir='ltr'><strong>his</strong></span> <span class='ocrx_word' id='word_1_143' title='bbox 788 1961 910 2009; x_wconf 88' lang='lat' dir='ltr'><strong>Attii</strong></span> <span class='ocrx_word' id='word_1_144' title='bbox 942 1961 1197 2010; x_wconf 84' lang='lat' dir='ltr'><strong>versibus:</strong></span> 
     </span>
    </p>

    <p class='ocr_par' dir='ltr' id='par_1_6' title="bbox 283 2037 1842 2106">
     <span class='ocr_line' id='line_1_22' title="bbox 283 2037 1842 2106; baseline 0.001 -19"><span class='ocrx_word' id='word_1_145' title='bbox 283 2037 480 2102; x_wconf 76' lang='lat' dir='ltr'><strong>„Quis</strong></span> <span class='ocrx_word' id='word_1_146' title='bbox 514 2041 680 2102; x_wconf 81' lang='lat' dir='ltr'><strong>erit,</strong></span> <span class='ocrx_word' id='word_1_147' title='bbox 716 2041 832 2106; x_wconf 80' lang='lat' dir='ltr'><strong>qui</strong></span> <span class='ocrx_word' id='word_1_148' title='bbox 861 2057 956 2089; x_wconf 86' lang='lat' dir='ltr'><strong>me</strong></span> <span class='ocrx_word' id='word_1_149' title='bbox 988 2057 1116 2089; x_wconf 79' lang='lat' dir='ltr'><strong>non</strong></span> <span class='ocrx_word' id='word_1_150' title='bbox 1150 2056 1507 2106; x_wconf 75' lang='lat' dir='ltr'><strong>spernens,</strong></span> <span class='ocrx_word' id='word_1_151' title='bbox 1544 2041 1842 2090; x_wconf 71' lang='lat' dir='ltr'><strong>incitans</strong></span> 
     </span>
    </p>
   </div>
   <div class='ocr_carea' id='block_1_3' title="bbox 153 2121 1843 2505">
    <p class='ocr_par' dir='ltr' id='par_1_7' title="bbox 153 2121 1843 2505">
     <span class='ocr_line' id='line_1_23' title="bbox 1032 2121 1258 2170; baseline -0.004 0"><span class='ocrx_word' id='word_1_152' title='bbox 1032 2121 1258 2170; x_wconf 80' lang='lat' dir='ltr'><strong>robris</strong></span> 
     </span>
     <span class='ocr_line' id='line_1_24' title="bbox 267 2139 1840 2268; baseline 0.003 -24"><span class='ocrx_word' id='word_1_153' title='bbox 267 2197 599 2249; x_wconf 77' lang='lat' dir='ltr'><strong>Sermone</strong></span> <span class='ocrx_word' id='word_1_154' title='bbox 660 2139 1098 2262; x_wconf 66' lang='lat' dir='ltr'><strong>indecorapns,</strong></span> <span class='ocrx_word' id='word_1_155' title='bbox 1156 2158 1343 2268; x_wconf 65' lang='lat' dir='ltr'><strong>tur&#39;pi</strong></span> <span class='ocrx_word' id='word_1_156' title='bbox 1387 2203 1580 2266; x_wconf 83' lang='lat' dir='ltr'><strong>sama</strong></span> <span class='ocrx_word' id='word_1_157' title='bbox 1631 2199 1840 2265; x_wconf 80' lang='lat' dir='ltr'><strong>disfe-</strong></span> 
     </span>
     <span class='ocr_line' id='line_1_25' title="bbox 1001 2282 1172 2331; baseline 0.006 -1"><span class='ocrx_word' id='word_1_158' title='bbox 1001 2289 1100 2331; x_wconf 84' lang='lat' dir='ltr'><strong>ret</strong></span> <span class='ocrx_word' id='word_1_159' title='bbox 1113 2282 1172 2331; x_wconf 72' lang='lat'><strong>22‘2</strong></span> 
     </span>
     <span class='ocr_line' id='line_1_26' title="bbox 155 2360 1843 2427; baseline 0.001 -17"><span class='ocrx_word' id='word_1_160' title='bbox 155 2361 280 2410; x_wconf 83' lang='lat' dir='ltr'><strong>Rem</strong></span> <span class='ocrx_word' id='word_1_161' title='bbox 313 2361 492 2426; x_wconf 83' lang='lat' dir='ltr'><strong>ipsam,</strong></span> <span class='ocrx_word' id='word_1_162' title='bbox 528 2361 593 2410; x_wconf 88' lang='lat' dir='ltr'><strong>de</strong></span> <span class='ocrx_word' id='word_1_163' title='bbox 627 2376 722 2424; x_wconf 87' lang='lat' dir='ltr'><strong>qua</strong></span> <span class='ocrx_word' id='word_1_164' title='bbox 755 2361 930 2427; x_wconf 80' lang='lat' dir='ltr'><strong>agitur,</strong></span> <span class='ocrx_word' id='word_1_165' title='bbox 966 2362 1189 2412; x_wconf 88' lang='lat' dir='ltr'><strong>eiusdem</strong></span> <span class='ocrx_word' id='word_1_166' title='bbox 1222 2366 1402 2426; x_wconf 90' lang='lat' dir='ltr'><strong>poetae</strong></span> <span class='ocrx_word' id='word_1_167' title='bbox 1434 2377 1610 2410; x_wconf 84' lang='lat' dir='ltr'><strong>versus</strong></span> <span class='ocrx_word' id='word_1_168' title='bbox 1641 2360 1725 2409; x_wconf 90' lang='lat' dir='ltr'><strong>hic</strong></span> <span class='ocrx_word' id='word_1_169' title='bbox 1755 2362 1843 2411; x_wconf 84' lang='lat' dir='ltr'><strong>de-</strong></span> 
     </span>
     <span class='ocr_line' id='line_1_27' title="bbox 153 2442 341 2505; baseline 0 -15"><span class='ocrx_word' id='word_1_170' title='bbox 153 2442 341 2505; x_wconf 79' lang='lat' dir='ltr'><strong>signat:</strong></span> 
     </span>
    </p>
   </div>
   <div class='ocr_carea' id='block_1_4' title="bbox 157 2520 1841 2746">
    <p class='ocr_par' dir='ltr' id='par_1_8' title="bbox 157 2520 1841 2746">
     <span class='ocr_line' id='line_1_28' title="bbox 283 2520 1841 2583; baseline 0.001 -14"><span class='ocrx_word' id='word_1_171' title='bbox 283 2520 575 2583; x_wconf 71' lang='lat' dir='ltr'><strong>„Quoius</strong></span> <span class='ocrx_word' id='word_1_172' title='bbox 627 2522 907 2571; x_wconf 67' lang='lat' dir='ltr'><strong>exuvias</strong></span> <span class='ocrx_word' id='word_1_173' title='bbox 953 2529 1015 2571; x_wconf 84' lang='lat' dir='ltr'><strong>et</strong></span> <span class='ocrx_word' id='word_1_174' title='bbox 1065 2539 1377 2572; x_wconf 80' lang='lat' dir='ltr'><strong>coronam</strong></span> <span class='ocrx_word' id='word_1_175' title='bbox 1425 2522 1581 2571; x_wconf 79' lang='lat' dir='ltr'><strong>huic</strong></span> <span class='ocrx_word' id='word_1_176' title='bbox 1629 2537 1841 2571; x_wconf 77' lang='lat' dir='ltr'><strong>mune-</strong></span> 
     </span>
     <span class='ocr_line' id='line_1_29' title="bbox 988 2599 1527 2667; baseline 0 -18"><span class='ocrx_word' id='word_1_177' title='bbox 988 2604 1182 2652; x_wconf 80' lang='lat' dir='ltr'><strong>ravit</strong></span> <span class='ocrx_word' id='word_1_178' title='bbox 1216 2599 1527 2667; x_wconf 81' lang='lat' dir='ltr'><strong>virgini.’&#39;</strong></span> 
     </span>
     <span class='ocr_line' id='line_1_30' title="bbox 157 2673 994 2746; baseline -0.001 -17"><span class='ocrx_word' id='word_1_179' title='bbox 157 2678 239 2732; x_wconf 83' lang='lat' dir='ltr'><strong>Cf.</strong></span> <span class='ocrx_word' id='word_1_180' title='bbox 277 2679 424 2732; x_wconf 85' lang='lat' dir='ltr'><strong>Ovid.</strong></span> <span class='ocrx_word' id='word_1_181' title='bbox 459 2695 506 2728; x_wconf 87' lang='lat' dir='ltr'><strong>v.</strong></span> <span class='ocrx_word' id='word_1_182' title='bbox 541 2681 640 2729; x_wconf 75' lang='lat'><strong>42⁸1</strong></span> <span class='ocrx_word' id='word_1_183' title='bbox 674 2695 840 2746; x_wconf 87' lang='lat' dir='ltr'><strong>seqq.:</strong></span> <span class='ocrx_word' id='word_1_184' title='bbox 991 2673 994 2676; x_wconf 36' lang='lat'><strong>⁴</strong></span> 
     </span>
    </p>
   </div>
   <div class='ocr_carea' id='block_1_5' title="bbox 171 2845 1847 3546">
    <p class='ocr_par' dir='ltr' id='par_1_9' title="bbox 171 2845 1847 3546">
     <span class='ocr_line' id='line_1_31' title="bbox 171 2845 1843 2910; baseline 0.001 -18"><span class='ocrx_word' id='word_1_185' title='bbox 171 2866 174 2868; x_wconf 89' lang='lat'>·</span> <span class='ocrx_word' id='word_1_186' title='bbox 226 2845 952 2906; x_wconf 68' lang='grc' dir='ltr'><strong>’)Μ81α1831.1.εᾶπελθών</strong></span> <span class='ocrx_word' id='word_1_187' title='bbox 985 2850 1036 2895; x_wconf 76' lang='grc' dir='ltr'><strong>δὲ</strong></span> <span class='ocrx_word' id='word_1_188' title='bbox 1064 2849 1090 2896; x_wconf 81' lang='grc' dir='ltr'>ὁ</span> <span class='ocrx_word' id='word_1_189' title='bbox 1127 2849 1389 2910; x_wconf 73' lang='grc' dir='ltr'><em>Μελέαγρος</em></span> <span class='ocrx_word' id='word_1_190' title='bbox 1416 2849 1560 2909; x_wconf 74' lang='grc' dir='ltr'><strong>πρὸς</strong></span> <span class='ocrx_word' id='word_1_191' title='bbox 1589 2849 1691 2895; x_wconf 78' lang='grc' dir='ltr'><strong>τὸν</strong></span> <span class='ocrx_word' id='word_1_192' title='bbox 1714 2849 1843 2894; x_wconf 71' lang='grc' dir='ltr'><strong>ἑαν-</strong></span> 
     </span>
     <span class='ocr_line' id='line_1_32' title="bbox 293 2918 672 2976; baseline -0.005 -12"><span class='ocrx_word' id='word_1_193' title='bbox 293 2936 320 2964; x_wconf 85' lang='grc' dir='ltr'><em>τ</em></span> <span class='ocrx_word' id='word_1_194' title='bbox 335 2935 359 2964; x_wconf 91' lang='grc' dir='ltr'><em>ο</em></span> <span class='ocrx_word' id='word_1_195' title='bbox 370 2921 401 2964; x_wconf 77' lang='grc' dir='ltr'><em>ὗ</em></span> <span class='ocrx_word' id='word_1_196' title='bbox 428 2936 463 2964; x_wconf 86' lang='grc' dir='ltr'>π</span> <span class='ocrx_word' id='word_1_197' title='bbox 478 2937 508 2964; x_wconf 87' lang='grc' dir='ltr'><em>α</em></span> <span class='ocrx_word' id='word_1_198' title='bbox 519 2937 543 2964; x_wconf 87' lang='grc' dir='ltr'><em>τ</em></span> <span class='ocrx_word' id='word_1_199' title='bbox 556 2918 612 2976; x_wconf 81' lang='grc' dir='ltr'><strong>ἐρ</strong></span> <span class='ocrx_word' id='word_1_200' title='bbox 626 2937 672 2964; x_wconf 88' lang='grc' dir='ltr'><strong>α.</strong></span> 
     </span>
     <span class='ocr_line' id='line_1_33' title="bbox 212 2986 1845 3049; baseline 0.002 -17"><span class='ocrx_word' id='word_1_201' title='bbox 212 2989 272 3047; x_wconf 70' lang='lat'><strong>”)</strong></span> <span class='ocrx_word' id='word_1_202' title='bbox 299 2990 522 3034; x_wconf 83' lang='lat' dir='ltr'><strong>Diodorus</strong></span> <span class='ocrx_word' id='word_1_203' title='bbox 549 2992 622 3044; x_wconf 86' lang='lat' dir='ltr'><strong>IV,</strong></span> <span class='ocrx_word' id='word_1_204' title='bbox 649 2989 732 3034; x_wconf 82' lang='lat'><strong>34:</strong></span> <span class='ocrx_word' id='word_1_205' title='bbox 763 2986 949 3046; x_wconf 79' lang='grc' dir='ltr'><strong>ἤγανά</strong></span> <span class='ocrx_word' id='word_1_206' title='bbox 965 3006 1206 3049; x_wconf 85' lang='grc' dir='ltr'><strong>κτησαν,</strong></span> <span class='ocrx_word' id='word_1_207' title='bbox 1246 2988 1340 3038; x_wconf 76' lang='grc' dir='ltr'><strong>ὅτι</strong></span> <span class='ocrx_word' id='word_1_208' title='bbox 1375 2992 1547 3049; x_wconf 82' lang='grc' dir='ltr'><strong><em>ξένην</em></strong></span> <span class='ocrx_word' id='word_1_209' title='bbox 1587 3008 1649 3048; x_wconf 76' lang='grc' dir='ltr'><strong>γυ</strong></span> <span class='ocrx_word' id='word_1_210' title='bbox 1664 3009 1731 3036; x_wconf 87' lang='grc' dir='ltr'><strong>να</strong></span> <span class='ocrx_word' id='word_1_211' title='bbox 1745 2995 1845 3036; x_wconf 83' lang='grc' dir='ltr'><strong>ἵκα</strong></span> 
     </span>
     <span class='ocr_line' id='line_1_34' title="bbox 295 3058 1844 3122; baseline 0.001 -18"><span class='ocrx_word' id='word_1_212' title='bbox 295 3076 366 3119; x_wconf 76' lang='grc' dir='ltr'><strong>πρ</strong></span> <span class='ocrx_word' id='word_1_213' title='bbox 383 3062 700 3117; x_wconf 84' lang='grc' dir='ltr'><em>οετίμησεν</em></span> <span class='ocrx_word' id='word_1_214' title='bbox 761 3058 986 3116; x_wconf 68' lang='grc' dir='ltr'><strong>αὐτῶν,</strong></span> <span class='ocrx_word' id='word_1_215' title='bbox 1050 3062 1448 3122; x_wconf 69' lang='grc' dir='ltr'><em>παραπέμψας</em></span> <span class='ocrx_word' id='word_1_216' title='bbox 1499 3062 1608 3120; x_wconf 85' lang='grc' dir='ltr'><strong>τὴν</strong></span> <span class='ocrx_word' id='word_1_217' title='bbox 1663 3064 1844 3108; x_wconf 83' lang='grc' dir='ltr'><em>οἰκει-</em></span> 
     </span>
     <span class='ocr_line' id='line_1_35' title="bbox 296 3129 1845 3192; baseline 0.001 -17"><span class='ocrx_word' id='word_1_218' title='bbox 296 3129 322 3175; x_wconf 88' lang='grc' dir='ltr'>ό</span> <span class='ocrx_word' id='word_1_219' title='bbox 332 3147 358 3175; x_wconf 83' lang='grc' dir='ltr'><em>τ</em></span> <span class='ocrx_word' id='word_1_220' title='bbox 369 3148 397 3187; x_wconf 92' lang='grc' dir='ltr'>η</span> <span class='ocrx_word' id='word_1_221' title='bbox 410 3148 436 3175; x_wconf 80' lang='grc' dir='ltr'><em>τ</em></span> <span class='ocrx_word' id='word_1_222' title='bbox 449 3148 492 3175; x_wconf 89' lang='grc' dir='ltr'><strong>α.</strong></span> <span class='ocrx_word' id='word_1_223' title='bbox 564 3132 794 3189; x_wconf 81' lang='lat' dir='ltr'><strong>Hyginus:</strong></span> <span class='ocrx_word' id='word_1_224' title='bbox 839 3135 1128 3192; x_wconf 83' lang='lat' dir='ltr'><strong>„Pellemque</strong></span> <span class='ocrx_word' id='word_1_225' title='bbox 1158 3137 1255 3179; x_wconf 80' lang='lat' dir='ltr'><strong>eius</strong></span> <span class='ocrx_word' id='word_1_226' title='bbox 1284 3137 1340 3178; x_wconf 91' lang='lat' dir='ltr'><strong>ob</strong></span> <span class='ocrx_word' id='word_1_227' title='bbox 1369 3135 1585 3178; x_wconf 76' lang='lat' dir='ltr'><strong>virtutem</strong></span> <span class='ocrx_word' id='word_1_228' title='bbox 1611 3137 1845 3181; x_wconf 80' lang='lat' dir='ltr'><strong>Atalantae</strong></span> 
     </span>
     <span class='ocr_line' id='line_1_36' title="bbox 295 3201 1845 3262; baseline 0.003 -18"><span class='ocrx_word' id='word_1_229' title='bbox 295 3201 460 3259; x_wconf 79' lang='lat' dir='ltr'><strong>virgini</strong></span> <span class='ocrx_word' id='word_1_230' title='bbox 492 3202 687 3257; x_wconf 83' lang='lat' dir='ltr'><strong>donavit,</strong></span> <span class='ocrx_word' id='word_1_231' title='bbox 719 3217 852 3259; x_wconf 87' lang='lat' dir='ltr'><strong>quam</strong></span> <span class='ocrx_word' id='word_1_232' title='bbox 880 3206 1011 3248; x_wconf 85' lang='lat' dir='ltr'><strong>Ideus</strong></span> <span class='ocrx_word' id='word_1_233' title='bbox 1022 3240 1035 3260; x_wconf 86' lang='lat'>,</span> <span class='ocrx_word' id='word_1_234' title='bbox 1071 3206 1312 3262; x_wconf 82' lang='lat' dir='ltr'><strong>Plexippus</strong></span> <span class='ocrx_word' id='word_1_235' title='bbox 1327 3237 1339 3259; x_wconf 85' lang='lat'><strong>,</strong></span> <span class='ocrx_word' id='word_1_236' title='bbox 1370 3207 1595 3262; x_wconf 82' lang='lat' dir='ltr'><strong>Lynceus,</strong></span> <span class='ocrx_word' id='word_1_237' title='bbox 1625 3207 1845 3249; x_wconf 83' lang='lat' dir='ltr'><strong>Althaeae</strong></span> 
     </span>
     <span class='ocr_line' id='line_1_37' title="bbox 300 3271 1846 3331; baseline 0.002 -17"><span class='ocrx_word' id='word_1_238' title='bbox 300 3271 479 3326; x_wconf 80' lang='lat' dir='ltr'><strong>fratres,</strong></span> <span class='ocrx_word' id='word_1_239' title='bbox 504 3274 677 3329; x_wconf 87' lang='lat' dir='ltr'><strong>eripere</strong></span> <span class='ocrx_word' id='word_1_240' title='bbox 701 3276 982 3318; x_wconf 80' lang='lat' dir='ltr'><strong>voluerunt.’⁷</strong></span> <span class='ocrx_word' id='word_1_241' title='bbox 1010 3277 1229 3320; x_wconf 69' lang='lat' dir='ltr'><strong>Althaeae</strong></span> <span class='ocrx_word' id='word_1_242' title='bbox 1257 3277 1420 3321; x_wconf 80' lang='lat' dir='ltr'><strong>fratres</strong></span> <span class='ocrx_word' id='word_1_243' title='bbox 1449 3279 1506 3321; x_wconf 90' lang='lat' dir='ltr'><strong>ab</strong></span> <span class='ocrx_word' id='word_1_244' title='bbox 1537 3277 1637 3321; x_wconf 87' lang='lat' dir='ltr'><strong>aliis</strong></span> <span class='ocrx_word' id='word_1_245' title='bbox 1663 3276 1846 3331; x_wconf 85' lang='lat' dir='ltr'><strong>Plexip-</strong></span> 
     </span>
     <span class='ocr_line' id='line_1_38' title="bbox 298 3345 1819 3405; baseline 0.002 -20"><span class='ocrx_word' id='word_1_246' title='bbox 298 3357 383 3398; x_wconf 82' lang='lat' dir='ltr'><strong>pus</strong></span> <span class='ocrx_word' id='word_1_247' title='bbox 413 3348 457 3387; x_wconf 84' lang='lat' dir='ltr'><strong>et</strong></span> <span class='ocrx_word' id='word_1_248' title='bbox 484 3345 664 3387; x_wconf 80' lang='lat' dir='ltr'><strong>Toxeus</strong></span> <span class='ocrx_word' id='word_1_249' title='bbox 674 3377 688 3397; x_wconf 90' lang='lat'>‚</span> <span class='ocrx_word' id='word_1_250' title='bbox 725 3345 925 3401; x_wconf 81' lang='lat' dir='ltr'><strong>Apharei</strong></span> <span class='ocrx_word' id='word_1_251' title='bbox 960 3347 1047 3390; x_wconf 81' lang='lat' dir='ltr'><strong>filii</strong></span> <span class='ocrx_word' id='word_1_252' title='bbox 1073 3348 1279 3404; x_wconf 83' lang='lat' dir='ltr'><strong>Lynceus</strong></span> <span class='ocrx_word' id='word_1_253' title='bbox 1304 3349 1494 3405; x_wconf 86' lang='lat' dir='ltr'><strong>Idasque</strong></span> <span class='ocrx_word' id='word_1_254' title='bbox 1522 3350 1819 3404; x_wconf 84' lang='lat' dir='ltr'><strong>appellantur.</strong></span> 
     </span>
     <span class='ocr_line' id='line_1_39' title="bbox 187 3412 1847 3478; baseline 0.004 -24"><span class='ocrx_word' id='word_1_255' title='bbox 187 3412 278 3468; x_wconf 75' lang='lat'><strong>·**)</strong></span> <span class='ocrx_word' id='word_1_256' title='bbox 307 3413 379 3455; x_wconf 83' lang='lat' dir='ltr'><strong>Cf.</strong></span> <span class='ocrx_word' id='word_1_257' title='bbox 415 3415 605 3471; x_wconf 88' lang='lat' dir='ltr'><strong>Bergkii</strong></span> <span class='ocrx_word' id='word_1_258' title='bbox 642 3420 876 3460; x_wconf 84' lang='lat' dir='ltr'><strong>comment.</strong></span> <span class='ocrx_word' id='word_1_259' title='bbox 927 3417 982 3459; x_wconf 88' lang='lat' dir='ltr'><strong>de</strong></span> <span class='ocrx_word' id='word_1_260' title='bbox 1025 3418 1267 3475; x_wconf 76' lang='lat' dir='ltr'><strong>Chrysippi</strong></span> <span class='ocrx_word' id='word_1_261' title='bbox 1303 3419 1432 3463; x_wconf 83' lang='lat' dir='ltr'><strong>libris</strong></span> <span class='ocrx_word' id='word_1_262' title='bbox 1465 3419 1568 3478; x_wconf 73' lang='grc' dir='ltr'><strong>περὶ</strong></span> <span class='ocrx_word' id='word_1_263' title='bbox 1611 3416 1847 3474; x_wconf 76' lang='grc' dir='ltr'><em>ἀποφατι-</em></span> 
     </span>
     <span class='ocr_line' id='line_1_40' title="bbox 299 3482 1526 3546; baseline 0.006 -21"><span class='ocrx_word' id='word_1_264' title='bbox 299 3482 391 3527; x_wconf 75' lang='grc' dir='ltr'><strong>κῶν</strong></span> <span class='ocrx_word' id='word_1_265' title='bbox 420 3499 464 3538; x_wconf 88' lang='lat' dir='ltr'><strong>p.</strong></span> <span class='ocrx_word' id='word_1_266' title='bbox 497 3484 539 3527; x_wconf 83' lang='lat'><strong>6.</strong></span> <span class='ocrx_word' id='word_1_267' title='bbox 572 3492 616 3532; x_wconf 88' lang='lat' dir='ltr'><strong>et</strong></span> <span class='ocrx_word' id='word_1_268' title='bbox 643 3485 713 3531; x_wconf 79' lang='lat'><strong>35.</strong></span> <span class='ocrx_word' id='word_1_269' title='bbox 770 3487 1053 3533; x_wconf 79' lang='lat' dir='ltr'><strong>Schneidew.</strong></span> <span class='ocrx_word' id='word_1_270' title='bbox 1083 3490 1198 3532; x_wconf 85' lang='lat' dir='ltr'><strong>coni.</strong></span> <span class='ocrx_word' id='word_1_271' title='bbox 1229 3489 1324 3535; x_wconf 79' lang='lat' dir='ltr'><strong>crit.</strong></span> <span class='ocrx_word' id='word_1_272' title='bbox 1355 3505 1400 3546; x_wconf 89' lang='lat' dir='ltr'><strong>p.</strong></span> <span class='ocrx_word' id='word_1_273' title='bbox 1428 3489 1526 3533; x_wconf 80' lang='lat'><strong>112.</strong></span> 
     </span>
    </p>
   </div>
  </div>
 </body>
</html>
