<?xml version="1.0" encoding="UTF-8"?>
<!DOCTYPE html PUBLIC "-//W3C//DTD XHTML 1.0 Transitional//EN"
    "http://www.w3.org/TR/xhtml1/DTD/xhtml1-transitional.dtd">
<html xmlns="http://www.w3.org/1999/xhtml" xml:lang="en" lang="en">
 <head>
  <title>
</title>
<meta http-equiv="Content-Type" content="text/html;charset=utf-8" />
  <meta name='ocr-system' content='tesseract 3.04.00' />
  <meta name='ocr-capabilities' content='ocr_page ocr_carea ocr_par ocr_line ocrx_word'/>
</head>
<body>
  <div class='ocr_page' id='page_1' title='image "./euripidesrestitu01hartuoft_0042.png"; bbox 0 0 2144 3854; ppageno 0'>
   <div class='ocr_carea' id='block_1_1' title="bbox 1137 243 1216 299">
    <p class='ocr_par' dir='ltr' id='par_1_1' title="bbox 1137 243 1216 299">
     <span class='ocr_line' id='line_1_1' title="bbox 1137 243 1216 299; baseline 0.013 -1"><span class='ocrx_word' id='word_1_1' title='bbox 1137 243 1216 299; x_wconf 82' lang='lat'><strong>24</strong></span> 
     </span>
    </p>
   </div>
   <div class='ocr_carea' id='block_1_2' title="bbox 339 387 2024 3484">
    <p class='ocr_par' dir='ltr' id='par_1_2' title="bbox 339 387 2023 1957">
     <span class='ocr_line' id='line_1_2' title="bbox 341 387 2014 456; baseline -0.003 -10"><span class='ocrx_word' id='word_1_2' title='bbox 341 395 561 446; x_wconf 87' lang='lat' dir='ltr'><strong>laborem</strong></span> <span class='ocrx_word' id='word_1_3' title='bbox 594 389 968 456; x_wconf 79' lang='lat' dir='ltr'><strong>periculumque</strong></span> <span class='ocrx_word' id='word_1_4' title='bbox 999 387 1352 448; x_wconf 82' lang='lat' dir='ltr'><strong>adductorum3</strong></span> <span class='ocrx_word' id='word_1_5' title='bbox 1399 387 1613 452; x_wconf 89' lang='lat' dir='ltr'><strong>denique</strong></span> <span class='ocrx_word' id='word_1_6' title='bbox 1644 387 1895 454; x_wconf 82' lang='lat' dir='ltr'><strong>Phrygum</strong></span> <span class='ocrx_word' id='word_1_7' title='bbox 1938 391 2014 442; x_wconf 83' lang='lat' dir='ltr'><strong>in-</strong></span> 
     </span>
     <span class='ocr_line' id='line_1_3' title="bbox 342 467 2015 540; baseline -0.002 -16"><span class='ocrx_word' id='word_1_8' title='bbox 342 475 485 540; x_wconf 85' lang='lat' dir='ltr'><strong>genia</strong></span> <span class='ocrx_word' id='word_1_9' title='bbox 501 473 804 522; x_wconf 85' lang='lat' dir='ltr'><strong>Graecorum</strong></span> <span class='ocrx_word' id='word_1_10' title='bbox 818 469 1035 519; x_wconf 91' lang='lat' dir='ltr'><strong>moribus</strong></span> <span class='ocrx_word' id='word_1_11' title='bbox 1055 484 1116 518; x_wconf 85' lang='lat' dir='ltr'><strong>ex</strong></span> <span class='ocrx_word' id='word_1_12' title='bbox 1130 469 1337 517; x_wconf 87' lang='lat' dir='ltr'><strong>adverso</strong></span> <span class='ocrx_word' id='word_1_13' title='bbox 1351 468 1529 533; x_wconf 90' lang='lat' dir='ltr'><strong>positis</strong></span> <span class='ocrx_word' id='word_1_14' title='bbox 1544 467 1790 532; x_wconf 83' lang='lat' dir='ltr'><strong>arguenda</strong></span> <span class='ocrx_word' id='word_1_15' title='bbox 1802 468 2015 520; x_wconf 80' lang='lat' dir='ltr'><strong>fuerunt.</strong></span> 
     </span>
     <span class='ocr_line' id='line_1_4' title="bbox 342 548 2017 619; baseline -0.002 -15"><span class='ocrx_word' id='word_1_16' title='bbox 342 552 542 619; x_wconf 83' lang='lat' dir='ltr'><strong>Singula</strong></span> <span class='ocrx_word' id='word_1_17' title='bbox 569 551 732 609; x_wconf 87' lang='lat' dir='ltr'><strong>verba,</strong></span> <span class='ocrx_word' id='word_1_18' title='bbox 755 549 974 613; x_wconf 82' lang='lat' dir='ltr'><strong>singulae</strong></span> <span class='ocrx_word' id='word_1_19' title='bbox 998 549 1288 609; x_wconf 84' lang='lat' dir='ltr'><strong>sententiae,</strong></span> <span class='ocrx_word' id='word_1_20' title='bbox 1315 548 1522 597; x_wconf 87' lang='lat' dir='ltr'><strong>actionis</strong></span> <span class='ocrx_word' id='word_1_21' title='bbox 1547 549 1694 596; x_wconf 87' lang='lat' dir='ltr'><strong>totius</strong></span> <span class='ocrx_word' id='word_1_22' title='bbox 1721 549 1846 598; x_wconf 87' lang='lat' dir='ltr'><strong>ratio</strong></span> <span class='ocrx_word' id='word_1_23' title='bbox 1866 550 2017 600; x_wconf 85' lang='lat' dir='ltr'><strong>vehe-</strong></span> 
     </span>
     <span class='ocr_line' id='line_1_5' title="bbox 342 627 2018 693; baseline -0.001 -12"><span class='ocrx_word' id='word_1_24' title='bbox 342 632 554 682; x_wconf 80' lang='lat' dir='ltr'><strong>mentius</strong></span> <span class='ocrx_word' id='word_1_25' title='bbox 587 631 830 690; x_wconf 80' lang='lat' dir='ltr'><strong>movebat‚</strong></span> <span class='ocrx_word' id='word_1_26' title='bbox 867 630 1022 692; x_wconf 79' lang='lat' dir='ltr'><strong>magis</strong></span> <span class='ocrx_word' id='word_1_27' title='bbox 1048 629 1342 690; x_wconf 79' lang='lat' dir='ltr'><strong>delectabat,</strong></span> <span class='ocrx_word' id='word_1_28' title='bbox 1377 629 1557 677; x_wconf 90' lang='lat' dir='ltr'><strong>rectius</strong></span> <span class='ocrx_word' id='word_1_29' title='bbox 1590 627 1799 677; x_wconf 87' lang='lat' dir='ltr'><strong>docebat</strong></span> <span class='ocrx_word' id='word_1_30' title='bbox 1824 635 2018 693; x_wconf 86' lang='lat' dir='ltr'><strong>specta·</strong></span> 
     </span>
     <span class='ocr_line' id='line_1_6' title="bbox 342 707 2021 776; baseline -0.002 -15"><span class='ocrx_word' id='word_1_31' title='bbox 342 716 496 769; x_wconf 78' lang='lat' dir='ltr'><strong>toreS,</strong></span> <span class='ocrx_word' id='word_1_32' title='bbox 523 710 805 776; x_wconf 83' lang='lat' dir='ltr'><strong>praemissis</strong></span> <span class='ocrx_word' id='word_1_33' title='bbox 829 710 905 771; x_wconf 78' lang='lat' dir='ltr'><strong>iis,</strong></span> <span class='ocrx_word' id='word_1_34' title='bbox 933 709 1221 772; x_wconf 86' lang='lat' dir='ltr'><strong>quibuscum</strong></span> <span class='ocrx_word' id='word_1_35' title='bbox 1245 709 1516 774; x_wconf 88' lang='lat' dir='ltr'><strong>composita</strong></span> <span class='ocrx_word' id='word_1_36' title='bbox 1529 708 1684 773; x_wconf 82' lang='lat' dir='ltr'><strong>magis</strong></span> <span class='ocrx_word' id='word_1_37' title='bbox 1695 707 2021 759; x_wconf 86' lang='lat' dir='ltr'><strong>redderentur</strong></span> 
     </span>
     <span class='ocr_line' id='line_1_7' title="bbox 342 787 2019 856; baseline -0.002 -15"><span class='ocrx_word' id='word_1_38' title='bbox 342 792 619 856; x_wconf 86' lang='lat' dir='ltr'><strong>conspicua.</strong></span> <span class='ocrx_word' id='word_1_39' title='bbox 666 789 890 847; x_wconf 84' lang='lat' dir='ltr'><strong>Accedit,</strong></span> <span class='ocrx_word' id='word_1_40' title='bbox 917 787 1067 851; x_wconf 82' lang='lat' dir='ltr'><strong>quod,</strong></span> <span class='ocrx_word' id='word_1_41' title='bbox 1092 804 1241 851; x_wconf 91' lang='lat' dir='ltr'><strong>quum</strong></span> <span class='ocrx_word' id='word_1_42' title='bbox 1266 789 1398 838; x_wconf 90' lang='lat' dir='ltr'><strong>nulla</strong></span> <span class='ocrx_word' id='word_1_43' title='bbox 1421 789 1567 837; x_wconf 89' lang='lat' dir='ltr'><strong>fieret</strong></span> <span class='ocrx_word' id='word_1_44' title='bbox 1587 788 1793 836; x_wconf 75' lang='lat' dir='ltr'><strong>facultas</strong></span> <span class='ocrx_word' id='word_1_45' title='bbox 1816 790 2019 838; x_wconf 87' lang='lat' dir='ltr'><strong>caedem</strong></span> 
     </span>
     <span class='ocr_line' id='line_1_8' title="bbox 339 868 2021 934; baseline 0 -15"><span class='ocrx_word' id='word_1_46' title='bbox 339 869 570 932; x_wconf 85' lang='lat' dir='ltr'><strong>Dolonis,</strong></span> <span class='ocrx_word' id='word_1_47' title='bbox 618 873 666 917; x_wconf 92' lang='lat' dir='ltr'><strong>et</strong></span> <span class='ocrx_word' id='word_1_48' title='bbox 714 884 1031 933; x_wconf 88' lang='lat' dir='ltr'><strong>quaecunque</strong></span> <span class='ocrx_word' id='word_1_49' title='bbox 1079 872 1217 914; x_wconf 83' lang='lat' dir='ltr'><strong>extra</strong></span> <span class='ocrx_word' id='word_1_50' title='bbox 1263 884 1460 916; x_wconf 83' lang='lat' dir='ltr'><strong>scenam</strong></span> <span class='ocrx_word' id='word_1_51' title='bbox 1507 868 1558 916; x_wconf 90' lang='lat' dir='ltr'><strong>in</strong></span> <span class='ocrx_word' id='word_1_52' title='bbox 1604 868 1765 933; x_wconf 88' lang='lat' dir='ltr'><strong>spatio</strong></span> <span class='ocrx_word' id='word_1_53' title='bbox 1800 870 2021 934; x_wconf 87' lang='lat' dir='ltr'><strong>utrisque</strong></span> 
     </span>
     <span class='ocr_line' id='line_1_9' title="bbox 341 946 2021 1012; baseline -0.001 -12"><span class='ocrx_word' id='word_1_54' title='bbox 341 951 515 1000; x_wconf 85' lang='lat' dir='ltr'><strong>castris</strong></span> <span class='ocrx_word' id='word_1_55' title='bbox 549 948 811 997; x_wconf 89' lang='lat' dir='ltr'><strong>interiecto</strong></span> <span class='ocrx_word' id='word_1_56' title='bbox 845 952 1079 1012; x_wconf 80' lang='lat' dir='ltr'><strong>aguntur,</strong></span> <span class='ocrx_word' id='word_1_57' title='bbox 1115 946 1375 1008; x_wconf 75' lang='lat' dir='ltr'><strong>narrandi,</strong></span> <span class='ocrx_word' id='word_1_58' title='bbox 1411 946 1679 996; x_wconf 88' lang='lat' dir='ltr'><strong>curandum</strong></span> <span class='ocrx_word' id='word_1_59' title='bbox 1712 948 1835 1009; x_wconf 84' lang='lat' dir='ltr'><strong>fuit,</strong></span> <span class='ocrx_word' id='word_1_60' title='bbox 1870 953 1928 998; x_wconf 90' lang='lat' dir='ltr'><strong>ut</strong></span> <span class='ocrx_word' id='word_1_61' title='bbox 1960 965 2021 999; x_wconf 84' lang='lat' dir='ltr'><strong>ex</strong></span> 
     </span>
     <span class='ocr_line' id='line_1_10' title="bbox 339 1027 2021 1094; baseline 0 -15"><span class='ocrx_word' id='word_1_62' title='bbox 339 1029 459 1094; x_wconf 86' lang='lat' dir='ltr'><strong>ipsis</strong></span> <span class='ocrx_word' id='word_1_63' title='bbox 488 1028 653 1078; x_wconf 87' lang='lat' dir='ltr'><strong>statim</strong></span> <span class='ocrx_word' id='word_1_64' title='bbox 681 1027 936 1090; x_wconf 87' lang='lat' dir='ltr'><strong>colloquiis</strong></span> <span class='ocrx_word' id='word_1_65' title='bbox 964 1031 1193 1075; x_wconf 71' lang='lat' dir='ltr'><strong>eventum</strong></span> <span class='ocrx_word' id='word_1_66' title='bbox 1220 1041 1483 1090; x_wconf 86' lang='lat' dir='ltr'><strong>possemus</strong></span> <span class='ocrx_word' id='word_1_67' title='bbox 1512 1027 1767 1091; x_wconf 88' lang='lat' dir='ltr'><strong>suspicari.</strong></span> <span class='ocrx_word' id='word_1_68' title='bbox 1803 1028 1881 1077; x_wconf 84' lang='lat' dir='ltr'><strong>Eo</strong></span> <span class='ocrx_word' id='word_1_69' title='bbox 1903 1044 2021 1094; x_wconf 87' lang='lat' dir='ltr'><strong>per-</strong></span> 
     </span>
     <span class='ocr_line' id='line_1_11' title="bbox 340 1103 2021 1175; baseline 0.001 -17"><span class='ocrx_word' id='word_1_70' title='bbox 340 1108 468 1159; x_wconf 87' lang='lat' dir='ltr'><strong>tinet</strong></span> <span class='ocrx_word' id='word_1_71' title='bbox 500 1108 639 1169; x_wconf 75' lang='lat' dir='ltr'><strong>illud,</strong></span> <span class='ocrx_word' id='word_1_72' title='bbox 675 1108 808 1172; x_wconf 87' lang='lat' dir='ltr'><strong>quod</strong></span> <span class='ocrx_word' id='word_1_73' title='bbox 841 1106 1003 1156; x_wconf 92' lang='lat' dir='ltr'><strong>Dolon</strong></span> <span class='ocrx_word' id='word_1_74' title='bbox 1037 1123 1091 1155; x_wconf 89' lang='lat' dir='ltr'><strong>se</strong></span> <span class='ocrx_word' id='word_1_75' title='bbox 1126 1111 1211 1155; x_wconf 88' lang='lat' dir='ltr'><strong>aut</strong></span> <span class='ocrx_word' id='word_1_76' title='bbox 1244 1105 1442 1169; x_wconf 83' lang='lat' dir='ltr'><strong>Ulyssis</strong></span> <span class='ocrx_word' id='word_1_77' title='bbox 1477 1111 1560 1155; x_wconf 90' lang='lat' dir='ltr'><strong>aut</strong></span> <span class='ocrx_word' id='word_1_78' title='bbox 1586 1103 1838 1158; x_wconf 82' lang='lat' dir='ltr'><strong>Diomedis</strong></span> <span class='ocrx_word' id='word_1_79' title='bbox 1872 1113 2021 1175; x_wconf 86' lang='lat' dir='ltr'><strong>caput</strong></span> 
     </span>
     <span class='ocr_line' id='line_1_12' title="bbox 339 1186 2023 1254; baseline 0 -16"><span class='ocrx_word' id='word_1_80' title='bbox 339 1187 615 1238; x_wconf 86' lang='lat' dir='ltr'><strong>abscissum</strong></span> <span class='ocrx_word' id='word_1_81' title='bbox 651 1203 820 1237; x_wconf 90' lang='lat' dir='ltr'><strong>secum</strong></span> <span class='ocrx_word' id='word_1_82' title='bbox 855 1191 1224 1252; x_wconf 83' lang='lat' dir='ltr'><strong>reportaturum</strong></span> <span class='ocrx_word' id='word_1_83' title='bbox 1261 1202 1375 1234; x_wconf 89' lang='lat' dir='ltr'><strong>esse</strong></span> <span class='ocrx_word' id='word_1_84' title='bbox 1423 1186 1713 1251; x_wconf 87' lang='lat' dir='ltr'><strong>pollicetur:</strong></span> <span class='ocrx_word' id='word_1_85' title='bbox 1765 1204 1890 1252; x_wconf 87' lang='lat' dir='ltr'><strong>quae</strong></span> <span class='ocrx_word' id='word_1_86' title='bbox 1931 1204 2023 1254; x_wconf 91' lang='lat' dir='ltr'><strong>per</strong></span> 
     </span>
     <span class='ocr_line' id='line_1_13' title="bbox 341 1265 2020 1332; baseline 0 -14"><span class='ocrx_word' id='word_1_87' title='bbox 341 1285 398 1318; x_wconf 90' lang='lat' dir='ltr'><strong>se</strong></span> <span class='ocrx_word' id='word_1_88' title='bbox 431 1268 630 1332; x_wconf 87' lang='lat' dir='ltr'><strong>quidem</strong></span> <span class='ocrx_word' id='word_1_89' title='bbox 666 1270 888 1332; x_wconf 87' lang='lat' dir='ltr'><strong>spectata</strong></span> <span class='ocrx_word' id='word_1_90' title='bbox 921 1267 1129 1315; x_wconf 89' lang='lat' dir='ltr'><strong>ridicula</strong></span> <span class='ocrx_word' id='word_1_91' title='bbox 1163 1272 1240 1315; x_wconf 90' lang='lat' dir='ltr'><strong>est</strong></span> <span class='ocrx_word' id='word_1_92' title='bbox 1271 1265 1564 1332; x_wconf 86' lang='lat' dir='ltr'><strong>promissi0,</strong></span> <span class='ocrx_word' id='word_1_93' title='bbox 1612 1268 1688 1316; x_wconf 91' lang='lat' dir='ltr'><strong>sin</strong></span> <span class='ocrx_word' id='word_1_94' title='bbox 1720 1267 1833 1317; x_wconf 88' lang='lat' dir='ltr'><strong>illos</strong></span> <span class='ocrx_word' id='word_1_95' title='bbox 1865 1267 2020 1332; x_wconf 77' lang='lat' dir='ltr'><strong>ipsoS,</strong></span> 
     </span>
     <span class='ocr_line' id='line_1_14' title="bbox 339 1346 2021 1413; baseline 0.001 -16"><span class='ocrx_word' id='word_1_96' title='bbox 339 1349 516 1413; x_wconf 86' lang='lat' dir='ltr'><strong>quibus</strong></span> <span class='ocrx_word' id='word_1_97' title='bbox 551 1354 761 1398; x_wconf 87' lang='lat' dir='ltr'><strong>mortem</strong></span> <span class='ocrx_word' id='word_1_98' title='bbox 795 1348 945 1396; x_wconf 90' lang='lat' dir='ltr'><strong>homo</strong></span> <span class='ocrx_word' id='word_1_99' title='bbox 981 1363 1136 1396; x_wconf 77' lang='lat' dir='ltr'><strong>vanus</strong></span> <span class='ocrx_word' id='word_1_100' title='bbox 1169 1347 1402 1408; x_wconf 83' lang='lat' dir='ltr'><strong>minatur,</strong></span> <span class='ocrx_word' id='word_1_101' title='bbox 1435 1348 1760 1397; x_wconf 81' lang='lat' dir='ltr'><strong>cummaxime</strong></span> <span class='ocrx_word' id='word_1_102' title='bbox 1791 1346 1853 1396; x_wconf 88' lang='lat' dir='ltr'><strong>ad</strong></span> <span class='ocrx_word' id='word_1_103' title='bbox 1886 1347 2021 1398; x_wconf 85' lang='lat' dir='ltr'><strong>hunc</strong></span> 
     </span>
     <span class='ocr_line' id='line_1_15' title="bbox 342 1425 2022 1491; baseline 0.001 -15"><span class='ocrx_word' id='word_1_104' title='bbox 342 1428 554 1477; x_wconf 88' lang='lat' dir='ltr'><strong>eundem</strong></span> <span class='ocrx_word' id='word_1_105' title='bbox 601 1426 1014 1491; x_wconf 88' lang='lat' dir='ltr'><strong>intercipiendum</strong></span> <span class='ocrx_word' id='word_1_106' title='bbox 1068 1432 1262 1491; x_wconf 87' lang='lat' dir='ltr'><strong>paratos</strong></span> <span class='ocrx_word' id='word_1_107' title='bbox 1309 1442 1422 1476; x_wconf 90' lang='lat' dir='ltr'><strong>esse</strong></span> <span class='ocrx_word' id='word_1_108' title='bbox 1473 1428 1687 1486; x_wconf 89' lang='lat' dir='ltr'><strong>scimus,</strong></span> <span class='ocrx_word' id='word_1_109' title='bbox 1746 1427 1787 1475; x_wconf 90' lang='lat' dir='ltr'><strong>si</strong></span> <span class='ocrx_word' id='word_1_110' title='bbox 1835 1425 2022 1477; x_wconf 79' lang='lat' dir='ltr'><strong>diserte</strong></span> 
     </span>
     <span class='ocr_line' id='line_1_16' title="bbox 341 1506 2018 1571; baseline -0.001 -15"><span class='ocrx_word' id='word_1_111' title='bbox 341 1507 580 1556; x_wconf 86' lang='lat' dir='ltr'><strong>duumviri</strong></span> <span class='ocrx_word' id='word_1_112' title='bbox 608 1507 963 1571; x_wconf 87' lang='lat' dir='ltr'><strong>praedixerunt</strong></span> <span class='ocrx_word' id='word_1_113' title='bbox 990 1523 1045 1556; x_wconf 89' lang='lat' dir='ltr'><strong>se</strong></span> <span class='ocrx_word' id='word_1_114' title='bbox 1073 1509 1122 1556; x_wconf 88' lang='lat' dir='ltr'><strong>in</strong></span> <span class='ocrx_word' id='word_1_115' title='bbox 1145 1508 1343 1568; x_wconf 69' lang='lat' dir='ltr'><strong>itinere,</strong></span> <span class='ocrx_word' id='word_1_116' title='bbox 1377 1522 1440 1554; x_wconf 92' lang='lat' dir='ltr'><strong>ne</strong></span> <span class='ocrx_word' id='word_1_117' title='bbox 1464 1507 1572 1570; x_wconf 89' lang='lat' dir='ltr'><strong>quis</strong></span> <span class='ocrx_word' id='word_1_118' title='bbox 1596 1507 1731 1556; x_wconf 87' lang='lat' dir='ltr'><strong>forte</strong></span> <span class='ocrx_word' id='word_1_119' title='bbox 1755 1522 1816 1555; x_wconf 84' lang='lat' dir='ltr'><strong>ex</strong></span> <span class='ocrx_word' id='word_1_120' title='bbox 1842 1506 2018 1555; x_wconf 88' lang='lat' dir='ltr'><strong>Troia-</strong></span> 
     </span>
     <span class='ocr_line' id='line_1_17' title="bbox 340 1585 2018 1652; baseline -0.001 -17"><span class='ocrx_word' id='word_1_121' title='bbox 340 1587 417 1637; x_wconf 87' lang='lat' dir='ltr'><strong>nis</strong></span> <span class='ocrx_word' id='word_1_122' title='bbox 441 1587 723 1652; x_wconf 86' lang='lat' dir='ltr'><strong>speculator</strong></span> <span class='ocrx_word' id='word_1_123' title='bbox 750 1587 797 1635; x_wconf 90' lang='lat' dir='ltr'><strong>in</strong></span> <span class='ocrx_word' id='word_1_124' title='bbox 823 1586 1128 1635; x_wconf 88' lang='lat' dir='ltr'><strong>Graecorum</strong></span> <span class='ocrx_word' id='word_1_125' title='bbox 1153 1594 1311 1635; x_wconf 86' lang='lat' dir='ltr'><strong>castra</strong></span> <span class='ocrx_word' id='word_1_126' title='bbox 1341 1602 1397 1635; x_wconf 91' lang='lat' dir='ltr'><strong>se</strong></span> <span class='ocrx_word' id='word_1_127' title='bbox 1433 1585 1702 1646; x_wconf 78' lang='lat' dir='ltr'><strong>conferret,</strong></span> <span class='ocrx_word' id='word_1_128' title='bbox 1738 1585 2018 1651; x_wconf 85' lang='lat' dir='ltr'><strong>exploratu-</strong></span> 
     </span>
     <span class='ocr_line' id='line_1_18' title="bbox 341 1665 2021 1730; baseline -0.001 -14"><span class='ocrx_word' id='word_1_129' title='bbox 341 1681 427 1716; x_wconf 87' lang='lat' dir='ltr'><strong>ros</strong></span> <span class='ocrx_word' id='word_1_130' title='bbox 462 1670 512 1714; x_wconf 90' lang='lat' dir='ltr'><strong>et</strong></span> <span class='ocrx_word' id='word_1_131' title='bbox 546 1665 608 1715; x_wconf 89' lang='lat' dir='ltr'><strong>ad</strong></span> <span class='ocrx_word' id='word_1_132' title='bbox 644 1666 864 1730; x_wconf 85' lang='lat' dir='ltr'><strong>quemvis</strong></span> <span class='ocrx_word' id='word_1_133' title='bbox 890 1666 1243 1715; x_wconf 84' lang='lat' dir='ltr'><strong>ambulantium</strong></span> <span class='ocrx_word' id='word_1_134' title='bbox 1273 1665 1536 1730; x_wconf 85' lang='lat' dir='ltr'><strong>strepitum</strong></span> <span class='ocrx_word' id='word_1_135' title='bbox 1561 1665 1750 1714; x_wconf 89' lang='lat' dir='ltr'><strong>animos</strong></span> <span class='ocrx_word' id='word_1_136' title='bbox 1775 1680 2021 1729; x_wconf 87' lang='lat' dir='ltr'><strong>auresque</strong></span> 
     </span>
     <span class='ocr_line' id='line_1_19' title="bbox 341 1743 2021 1809; baseline -0.001 -14"><span class='ocrx_word' id='word_1_137' title='bbox 341 1749 618 1795; x_wconf 88' lang='lat' dir='ltr'><strong>attenturos</strong></span> <span class='ocrx_word' id='word_1_138' title='bbox 666 1761 806 1807; x_wconf 79' lang='lat' dir='ltr'><strong>esse,</strong></span> <span class='ocrx_word' id='word_1_139' title='bbox 861 1745 905 1792; x_wconf 89' lang='lat' dir='ltr'><strong>si</strong></span> <span class='ocrx_word' id='word_1_140' title='bbox 951 1751 1116 1795; x_wconf 91' lang='lat' dir='ltr'><strong>certae</strong></span> <span class='ocrx_word' id='word_1_141' title='bbox 1162 1745 1399 1794; x_wconf 86' lang='lat' dir='ltr'><strong>Dolonem</strong></span> <span class='ocrx_word' id='word_1_142' title='bbox 1441 1743 1680 1809; x_wconf 84' lang='lat' dir='ltr'><strong>perniciei</strong></span> <span class='ocrx_word' id='word_1_143' title='bbox 1725 1745 1915 1794; x_wconf 90' lang='lat' dir='ltr'><strong>obviam</strong></span> <span class='ocrx_word' id='word_1_144' title='bbox 1948 1746 2021 1794; x_wconf 85' lang='lat' dir='ltr'><strong>ire</strong></span> 
     </span>
     <span class='ocr_line' id='line_1_20' title="bbox 341 1822 2021 1892; baseline -0.001 -17"><span class='ocrx_word' id='word_1_145' title='bbox 341 1825 483 1875; x_wconf 86' lang='lat' dir='ltr'><strong>nobis</strong></span> <span class='ocrx_word' id='word_1_146' title='bbox 517 1840 808 1891; x_wconf 81' lang='lat' dir='ltr'><strong>persuasum</strong></span> <span class='ocrx_word' id='word_1_147' title='bbox 842 1829 938 1888; x_wconf 86' lang='lat' dir='ltr'><strong>est,</strong></span> <span class='ocrx_word' id='word_1_148' title='bbox 971 1831 1078 1874; x_wconf 91' lang='lat' dir='ltr'><strong>tum</strong></span> <span class='ocrx_word' id='word_1_149' title='bbox 1111 1825 1196 1875; x_wconf 85' lang='lat' dir='ltr'><strong>illa</strong></span> <span class='ocrx_word' id='word_1_150' title='bbox 1217 1841 1315 1876; x_wconf 89' lang='lat' dir='ltr'><strong>non</strong></span> <span class='ocrx_word' id='word_1_151' title='bbox 1338 1826 1437 1875; x_wconf 88' lang='lat' dir='ltr'><strong>iam</strong></span> <span class='ocrx_word' id='word_1_152' title='bbox 1459 1824 1685 1886; x_wconf 87' lang='lat' dir='ltr'><strong>ridicula,</strong></span> <span class='ocrx_word' id='word_1_153' title='bbox 1719 1822 1809 1874; x_wconf 87' lang='lat' dir='ltr'><strong>sed</strong></span> <span class='ocrx_word' id='word_1_154' title='bbox 1834 1825 2021 1892; x_wconf 84' lang='lat' dir='ltr'><strong>tragica</strong></span> 
     </span>
     <span class='ocr_line' id='line_1_21' title="bbox 342 1911 563 1957; baseline 0.009 -2"><span class='ocrx_word' id='word_1_155' title='bbox 342 1911 421 1955; x_wconf 84' lang='lat' dir='ltr'><strong>est</strong></span> <span class='ocrx_word' id='word_1_156' title='bbox 453 1920 563 1957; x_wconf 72' lang='lat' dir='ltr'><strong>voX.</strong></span> 
     </span>
    </p>

    <p class='ocr_par' dir='ltr' id='par_1_3' title="bbox 341 1983 2024 3484">
     <span class='ocr_line' id='line_1_22' title="bbox 470 1983 2024 2051; baseline 0.001 -17"><span class='ocrx_word' id='word_1_157' title='bbox 470 1984 567 2034; x_wconf 91' lang='lat' dir='ltr'><strong>His</strong></span> <span class='ocrx_word' id='word_1_158' title='bbox 600 1986 830 2051; x_wconf 87' lang='lat' dir='ltr'><strong>peractis,</strong></span> <span class='ocrx_word' id='word_1_159' title='bbox 862 1983 1062 2035; x_wconf 88' lang='lat' dir='ltr'><strong>maioris</strong></span> <span class='ocrx_word' id='word_1_160' title='bbox 1098 1984 1332 2035; x_wconf 87' lang='lat' dir='ltr'><strong>victoriae</strong></span> <span class='ocrx_word' id='word_1_161' title='bbox 1364 1985 1694 2051; x_wconf 87' lang='lat' dir='ltr'><strong>reportandae</strong></span> <span class='ocrx_word' id='word_1_162' title='bbox 1727 1984 2024 2050; x_wconf 84' lang='lat' dir='ltr'><strong>maiorisque</strong></span> 
     </span>
     <span class='ocr_line' id='line_1_23' title="bbox 341 2064 2022 2131; baseline 0 -16"><span class='ocrx_word' id='word_1_163' title='bbox 341 2064 556 2131; x_wconf 83' lang='lat' dir='ltr'><strong>praedae</strong></span> <span class='ocrx_word' id='word_1_164' title='bbox 602 2065 954 2131; x_wconf 86' lang='lat' dir='ltr'><strong>adipiscendae</strong></span> <span class='ocrx_word' id='word_1_165' title='bbox 999 2065 1206 2114; x_wconf 87' lang='lat' dir='ltr'><strong>materia</strong></span> <span class='ocrx_word' id='word_1_166' title='bbox 1240 2064 1469 2114; x_wconf 90' lang='lat' dir='ltr'><strong>Diomedi</strong></span> <span class='ocrx_word' id='word_1_167' title='bbox 1502 2065 1771 2129; x_wconf 85' lang='lat' dir='ltr'><strong>Ulyssique</strong></span> <span class='ocrx_word' id='word_1_168' title='bbox 1805 2072 2022 2131; x_wconf 84' lang='lat' dir='ltr'><strong>paratur.</strong></span> 
     </span>
     <span class='ocr_line' id='line_1_24' title="bbox 342 2144 2024 2212; baseline 0.001 -18"><span class='ocrx_word' id='word_1_169' title='bbox 342 2144 496 2195; x_wconf 82' lang='lat' dir='ltr'><strong>Cuius</strong></span> <span class='ocrx_word' id='word_1_170' title='bbox 529 2145 762 2193; x_wconf 81' lang='lat' dir='ltr'><strong>victoriae</strong></span> <span class='ocrx_word' id='word_1_171' title='bbox 794 2146 1078 2212; x_wconf 84' lang='lat' dir='ltr'><strong>magnitudo</strong></span> <span class='ocrx_word' id='word_1_172' title='bbox 1113 2149 1186 2206; x_wconf 71' lang='lat' dir='ltr'><strong>ut,</strong></span> <span class='ocrx_word' id='word_1_173' title='bbox 1221 2150 1480 2210; x_wconf 87' lang='lat' dir='ltr'><strong>postquam</strong></span> <span class='ocrx_word' id='word_1_174' title='bbox 1514 2151 1655 2210; x_wconf 86' lang='lat' dir='ltr'><strong>parta</strong></span> <span class='ocrx_word' id='word_1_175' title='bbox 1689 2149 1848 2207; x_wconf 77' lang='lat' dir='ltr'><strong>esset,</strong></span> <span class='ocrx_word' id='word_1_176' title='bbox 1882 2149 2024 2195; x_wconf 86' lang='lat' dir='ltr'><strong>recte</strong></span> 
     </span>
     <span class='ocr_line' id='line_1_25' title="bbox 342 2223 2022 2290; baseline 0.001 -17"><span class='ocrx_word' id='word_1_177' title='bbox 342 2230 516 2290; x_wconf 88' lang='lat' dir='ltr'><strong>posset</strong></span> <span class='ocrx_word' id='word_1_178' title='bbox 549 2224 812 2284; x_wconf 86' lang='lat' dir='ltr'><strong>aestimari,</strong></span> <span class='ocrx_word' id='word_1_179' title='bbox 847 2239 1056 2273; x_wconf 89' lang='lat' dir='ltr'><strong>necesse</strong></span> <span class='ocrx_word' id='word_1_180' title='bbox 1088 2223 1185 2274; x_wconf 85' lang='lat' dir='ltr'><strong>fuit</strong></span> <span class='ocrx_word' id='word_1_181' title='bbox 1217 2230 1359 2273; x_wconf 90' lang='lat' dir='ltr'><strong>antea</strong></span> <span class='ocrx_word' id='word_1_182' title='bbox 1385 2226 1448 2273; x_wconf 89' lang='lat' dir='ltr'><strong>de</strong></span> <span class='ocrx_word' id='word_1_183' title='bbox 1475 2224 1678 2284; x_wconf 78' lang='lat' dir='ltr'><strong>viribuS,</strong></span> <span class='ocrx_word' id='word_1_184' title='bbox 1712 2224 2022 2289; x_wconf 87' lang='lat' dir='ltr'><strong>fortitudine,</strong></span> 
     </span>
     <span class='ocr_line' id='line_1_26' title="bbox 342 2302 2022 2368; baseline 0.001 -16"><span class='ocrx_word' id='word_1_185' title='bbox 342 2304 525 2353; x_wconf 88' lang='lat' dir='ltr'><strong>divitiis</strong></span> <span class='ocrx_word' id='word_1_186' title='bbox 560 2310 610 2352; x_wconf 90' lang='lat' dir='ltr'><strong>et</strong></span> <span class='ocrx_word' id='word_1_187' title='bbox 644 2304 818 2368; x_wconf 87' lang='lat' dir='ltr'><strong>spiritu</strong></span> <span class='ocrx_word' id='word_1_188' title='bbox 850 2304 972 2364; x_wconf 81' lang='lat' dir='ltr'><strong>viri,</strong></span> <span class='ocrx_word' id='word_1_189' title='bbox 1015 2305 1098 2367; x_wconf 90' lang='lat' dir='ltr'><strong>qui</strong></span> <span class='ocrx_word' id='word_1_190' title='bbox 1131 2302 1196 2350; x_wconf 92' lang='lat' dir='ltr'><strong>de</strong></span> <span class='ocrx_word' id='word_1_191' title='bbox 1229 2304 1393 2351; x_wconf 87' lang='lat' dir='ltr'><strong>medio</strong></span> <span class='ocrx_word' id='word_1_192' title='bbox 1439 2303 1684 2350; x_wconf 87' lang='lat' dir='ltr'><strong>tollendus</strong></span> <span class='ocrx_word' id='word_1_193' title='bbox 1720 2309 1830 2367; x_wconf 83' lang='lat' dir='ltr'><strong>est,</strong></span> <span class='ocrx_word' id='word_1_194' title='bbox 1879 2320 2022 2368; x_wconf 88' lang='lat' dir='ltr'><strong>quam</strong></span> 
     </span>
     <span class='ocr_line' id='line_1_27' title="bbox 342 2382 2023 2448; baseline 0.001 -17"><span class='ocrx_word' id='word_1_195' title='bbox 342 2383 632 2448; x_wconf 87' lang='lat' dir='ltr'><strong>plenissime</strong></span> <span class='ocrx_word' id='word_1_196' title='bbox 655 2383 850 2447; x_wconf 88' lang='lat' dir='ltr'><strong>exponi.</strong></span> <span class='ocrx_word' id='word_1_197' title='bbox 905 2383 1051 2445; x_wconf 76' lang='lat' dir='ltr'><strong>Quod</strong></span> <span class='ocrx_word' id='word_1_198' title='bbox 1086 2398 1181 2446; x_wconf 91' lang='lat' dir='ltr'><strong>quo</strong></span> <span class='ocrx_word' id='word_1_199' title='bbox 1214 2385 1388 2446; x_wconf 86' lang='lat' dir='ltr'><strong>posset</strong></span> <span class='ocrx_word' id='word_1_200' title='bbox 1421 2382 1727 2431; x_wconf 86' lang='lat' dir='ltr'><strong>commodius</strong></span> <span class='ocrx_word' id='word_1_201' title='bbox 1761 2382 2023 2448; x_wconf 88' lang='lat' dir='ltr'><strong>aptiusque</strong></span> 
     </span>
     <span class='ocr_line' id='line_1_28' title="bbox 344 2460 2023 2527; baseline 0 -16"><span class='ocrx_word' id='word_1_202' title='bbox 344 2478 510 2511; x_wconf 88' lang='lat' dir='ltr'><strong>coram</strong></span> <span class='ocrx_word' id='word_1_203' title='bbox 544 2463 737 2511; x_wconf 91' lang='lat' dir='ltr'><strong>theatro</strong></span> <span class='ocrx_word' id='word_1_204' title='bbox 772 2462 908 2520; x_wconf 87' lang='lat' dir='ltr'><strong>fieri,</strong></span> <span class='ocrx_word' id='word_1_205' title='bbox 961 2462 1242 2527; x_wconf 83' lang='lat' dir='ltr'><strong>fingendum</strong></span> <span class='ocrx_word' id='word_1_206' title='bbox 1289 2460 1385 2509; x_wconf 88' lang='lat' dir='ltr'><strong>fuit</strong></span> <span class='ocrx_word' id='word_1_207' title='bbox 1427 2460 1652 2511; x_wconf 85' lang='lat' dir='ltr'><strong>Rhesum</strong></span> <span class='ocrx_word' id='word_1_208' title='bbox 1699 2463 2023 2512; x_wconf 88' lang='lat' dir='ltr'><strong>cummaxime</strong></span> 
     </span>
     <span class='ocr_line' id='line_1_29' title="bbox 343 2541 2022 2606; baseline 0.001 -15"><span class='ocrx_word' id='word_1_209' title='bbox 343 2558 455 2591; x_wconf 91' lang='lat' dir='ltr'><strong>cum</strong></span> <span class='ocrx_word' id='word_1_210' title='bbox 490 2542 712 2591; x_wconf 86' lang='lat' dir='ltr'><strong>exercitu</strong></span> <span class='ocrx_word' id='word_1_211' title='bbox 745 2541 795 2590; x_wconf 90' lang='lat' dir='ltr'><strong>in</strong></span> <span class='ocrx_word' id='word_1_212' title='bbox 845 2545 1005 2590; x_wconf 87' lang='lat' dir='ltr'><strong>castra</strong></span> <span class='ocrx_word' id='word_1_213' title='bbox 1045 2541 1333 2606; x_wconf 76' lang='lat' dir='ltr'><strong>pervenire,</strong></span> <span class='ocrx_word' id='word_1_214' title='bbox 1370 2556 1521 2604; x_wconf 89' lang='lat' dir='ltr'><strong>quum</strong></span> <span class='ocrx_word' id='word_1_215' title='bbox 1565 2547 1716 2591; x_wconf 89' lang='lat' dir='ltr'><strong>noctu</strong></span> <span class='ocrx_word' id='word_1_216' title='bbox 1763 2557 1906 2606; x_wconf 83' lang='lat' dir='ltr'><strong>quam</strong></span> <span class='ocrx_word' id='word_1_217' title='bbox 1948 2543 2022 2592; x_wconf 91' lang='lat' dir='ltr'><strong>in-</strong></span> 
     </span>
     <span class='ocr_line' id='line_1_30' title="bbox 342 2620 2024 2686; baseline 0.001 -16"><span class='ocrx_word' id='word_1_218' title='bbox 342 2621 506 2672; x_wconf 89' lang='lat' dir='ltr'><strong>terdiu</strong></span> <span class='ocrx_word' id='word_1_219' title='bbox 539 2637 629 2686; x_wconf 89' lang='lat' dir='ltr'><strong>per</strong></span> <span class='ocrx_word' id='word_1_220' title='bbox 662 2626 843 2670; x_wconf 87' lang='lat' dir='ltr'><strong>terram</strong></span> <span class='ocrx_word' id='word_1_221' title='bbox 878 2620 937 2669; x_wconf 86' lang='lat' dir='ltr'><strong>ab</strong></span> <span class='ocrx_word' id='word_1_222' title='bbox 973 2620 1198 2669; x_wconf 85' lang='lat' dir='ltr'><strong>hostibus</strong></span> <span class='ocrx_word' id='word_1_223' title='bbox 1246 2625 1530 2685; x_wconf 87' lang='lat' dir='ltr'><strong>occupatam</strong></span> <span class='ocrx_word' id='word_1_224' title='bbox 1581 2621 1828 2685; x_wconf 87' lang='lat' dir='ltr'><strong>proficisci</strong></span> <span class='ocrx_word' id='word_1_225' title='bbox 1871 2623 2024 2671; x_wconf 86' lang='lat' dir='ltr'><strong>tutius</strong></span> 
     </span>
     <span class='ocr_line' id='line_1_31' title="bbox 344 2699 2020 2766; baseline 0 -16"><span class='ocrx_word' id='word_1_226' title='bbox 344 2717 458 2751; x_wconf 88' lang='lat' dir='ltr'><strong>esse</strong></span> <span class='ocrx_word' id='word_1_227' title='bbox 479 2701 715 2750; x_wconf 71' lang='lat' dir='ltr'><strong>duceret.</strong></span> <span class='ocrx_word' id='word_1_228' title='bbox 778 2701 877 2750; x_wconf 86' lang='lat' dir='ltr'><strong>lam</strong></span> <span class='ocrx_word' id='word_1_229' title='bbox 911 2716 1028 2750; x_wconf 75' lang='lat' dir='ltr'><strong>vero</strong></span> <span class='ocrx_word' id='word_1_230' title='bbox 1063 2702 1105 2748; x_wconf 91' lang='lat' dir='ltr'><strong>si</strong></span> <span class='ocrx_word' id='word_1_231' title='bbox 1137 2704 1251 2749; x_wconf 88' lang='lat' dir='ltr'><strong>ante</strong></span> <span class='ocrx_word' id='word_1_232' title='bbox 1284 2699 1487 2748; x_wconf 92' lang='lat' dir='ltr'><strong>Dolonis</strong></span> <span class='ocrx_word' id='word_1_233' title='bbox 1521 2701 1797 2750; x_wconf 90' lang='lat' dir='ltr'><strong>discessum</strong></span> <span class='ocrx_word' id='word_1_234' title='bbox 1832 2706 2020 2766; x_wconf 89' lang='lat' dir='ltr'><strong>pastor,</strong></span> 
     </span>
     <span class='ocr_line' id='line_1_32' title="bbox 345 2780 2023 2846; baseline 0 -17"><span class='ocrx_word' id='word_1_235' title='bbox 345 2780 429 2846; x_wconf 89' lang='lat' dir='ltr'><strong>qui</strong></span> <span class='ocrx_word' id='word_1_236' title='bbox 462 2781 622 2830; x_wconf 84' lang='lat' dir='ltr'><strong>Rhesi</strong></span> <span class='ocrx_word' id='word_1_237' title='bbox 654 2782 917 2830; x_wconf 80' lang='lat' dir='ltr'><strong>adventum</strong></span> <span class='ocrx_word' id='word_1_238' title='bbox 951 2780 1167 2842; x_wconf 85' lang='lat' dir='ltr'><strong>nuntiat,</strong></span> <span class='ocrx_word' id='word_1_239' title='bbox 1219 2780 1271 2829; x_wconf 88' lang='lat' dir='ltr'><strong>in</strong></span> <span class='ocrx_word' id='word_1_240' title='bbox 1305 2786 1464 2828; x_wconf 89' lang='lat' dir='ltr'><strong>castra</strong></span> <span class='ocrx_word' id='word_1_241' title='bbox 1497 2780 1805 2844; x_wconf 88' lang='lat' dir='ltr'><strong>pervenisset</strong></span> <span class='ocrx_word' id='word_1_242' title='bbox 1851 2785 1904 2830; x_wconf 90' lang='lat' dir='ltr'><strong>et</strong></span> <span class='ocrx_word' id='word_1_243' title='bbox 1935 2797 2023 2829; x_wconf 88' lang='lat' dir='ltr'><strong>au-</strong></span> 
     </span>
     <span class='ocr_line' id='line_1_33' title="bbox 343 2859 2021 2924; baseline 0.001 -16"><span class='ocrx_word' id='word_1_244' title='bbox 343 2860 512 2910; x_wconf 89' lang='lat' dir='ltr'><strong>diente</strong></span> <span class='ocrx_word' id='word_1_245' title='bbox 537 2860 726 2910; x_wconf 89' lang='lat' dir='ltr'><strong>Dolone</strong></span> <span class='ocrx_word' id='word_1_246' title='bbox 747 2861 1017 2910; x_wconf 90' lang='lat' dir='ltr'><strong>Hectorem</strong></span> <span class='ocrx_word' id='word_1_247' title='bbox 1042 2861 1105 2909; x_wconf 91' lang='lat' dir='ltr'><strong>de</strong></span> <span class='ocrx_word' id='word_1_248' title='bbox 1128 2860 1296 2909; x_wconf 89' lang='lat' dir='ltr'><strong>Rheso</strong></span> <span class='ocrx_word' id='word_1_249' title='bbox 1333 2859 1585 2924; x_wconf 87' lang='lat' dir='ltr'><strong>copiisque</strong></span> <span class='ocrx_word' id='word_1_250' title='bbox 1620 2860 1723 2908; x_wconf 88' lang='lat' dir='ltr'><strong>eius</strong></span> <span class='ocrx_word' id='word_1_251' title='bbox 1758 2860 2021 2910; x_wconf 83' lang='lat' dir='ltr'><strong>certiorem</strong></span> 
     </span>
     <span class='ocr_line' id='line_1_34' title="bbox 344 2938 2023 3005; baseline 0.001 -17"><span class='ocrx_word' id='word_1_252' title='bbox 344 2938 580 2998; x_wconf 83' lang='lat' dir='ltr'><strong>fecisset,</strong></span> <span class='ocrx_word' id='word_1_253' title='bbox 628 2946 885 2990; x_wconf 89' lang='lat' dir='ltr'><strong>assecutus</strong></span> <span class='ocrx_word' id='word_1_254' title='bbox 921 2944 1056 2990; x_wconf 87' lang='lat' dir='ltr'><strong>esset</strong></span> <span class='ocrx_word' id='word_1_255' title='bbox 1086 2941 1184 2990; x_wconf 87' lang='lat' dir='ltr'><strong>hoc</strong></span> <span class='ocrx_word' id='word_1_256' title='bbox 1230 2943 1405 3005; x_wconf 89' lang='lat' dir='ltr'><strong>poeta,</strong></span> <span class='ocrx_word' id='word_1_257' title='bbox 1452 2943 1506 2987; x_wconf 90' lang='lat' dir='ltr'><strong>ut</strong></span> <span class='ocrx_word' id='word_1_258' title='bbox 1540 2939 1904 3004; x_wconf 70' lang='lat' dir='ltr'><strong>speculatores,</strong></span> <span class='ocrx_word' id='word_1_259' title='bbox 1932 2939 2023 2989; x_wconf 84' lang='lat' dir='ltr'><strong>de</strong></span> 
     </span>
     <span class='ocr_line' id='line_1_35' title="bbox 344 3008 2020 3083; baseline 0 -15"><span class='ocrx_word' id='word_1_260' title='bbox 344 3020 518 3069; x_wconf 89' lang='lat' dir='ltr'><strong>eadem</strong></span> <span class='ocrx_word' id='word_1_261' title='bbox 551 3035 609 3068; x_wconf 91' lang='lat' dir='ltr'><strong>re</strong></span> <span class='ocrx_word' id='word_1_262' title='bbox 642 3020 810 3068; x_wconf 85' lang='lat' dir='ltr'><strong>statim</strong></span> <span class='ocrx_word' id='word_1_263' title='bbox 844 3036 871 3067; x_wconf 91' lang='lat' dir='ltr'><strong>a</strong></span> <span class='ocrx_word' id='word_1_264' title='bbox 897 3018 1086 3069; x_wconf 90' lang='lat' dir='ltr'><strong>Dolone</strong></span> <span class='ocrx_word' id='word_1_265' title='bbox 1121 3019 1300 3080; x_wconf 89' lang='lat' dir='ltr'><strong>edocti,</strong></span> <span class='ocrx_word' id='word_1_266' title='bbox 1335 3019 1463 3067; x_wconf 88' lang='lat' dir='ltr'><strong>sicut</strong></span> <span class='ocrx_word' id='word_1_267' title='bbox 1492 3018 1550 3067; x_wconf 83' lang='lat' dir='ltr'><strong>fit</strong></span> <span class='ocrx_word' id='word_1_268' title='bbox 1573 3018 1702 3083; x_wconf 90' lang='lat' dir='ltr'><strong>apud</strong></span> <span class='ocrx_word' id='word_1_269' title='bbox 1729 3008 2020 3081; x_wconf 83' lang='lat' dir='ltr'><strong>Homerum,</strong></span> 
     </span>
     <span class='ocr_line' id='line_1_36' title="bbox 343 3098 2021 3164; baseline 0 -16"><span class='ocrx_word' id='word_1_270' title='bbox 343 3104 479 3149; x_wconf 88' lang='lat' dir='ltr'><strong>recta</strong></span> <span class='ocrx_word' id='word_1_271' title='bbox 512 3099 575 3148; x_wconf 85' lang='lat' dir='ltr'><strong>ad</strong></span> <span class='ocrx_word' id='word_1_272' title='bbox 609 3115 723 3149; x_wconf 90' lang='lat' dir='ltr'><strong>eum</strong></span> <span class='ocrx_word' id='word_1_273' title='bbox 767 3098 958 3159; x_wconf 78' lang='lat' dir='ltr'><strong>locum,</strong></span> <span class='ocrx_word' id='word_1_274' title='bbox 1002 3099 1052 3147; x_wconf 90' lang='lat' dir='ltr'><strong>in</strong></span> <span class='ocrx_word' id='word_1_275' title='bbox 1095 3115 1191 3163; x_wconf 90' lang='lat' dir='ltr'><strong>quo</strong></span> <span class='ocrx_word' id='word_1_276' title='bbox 1229 3099 1507 3164; x_wconf 87' lang='lat' dir='ltr'><strong>quiesceret</strong></span> <span class='ocrx_word' id='word_1_277' title='bbox 1539 3098 1736 3148; x_wconf 89' lang='lat' dir='ltr'><strong>Rhesus</strong></span> <span class='ocrx_word' id='word_1_278' title='bbox 1749 3134 1764 3158; x_wconf 91' lang='lat'>‚</span> <span class='ocrx_word' id='word_1_279' title='bbox 1815 3099 2021 3148; x_wconf 88' lang='lat' dir='ltr'><strong>tendere</strong></span> 
     </span>
     <span class='ocr_line' id='line_1_37' title="bbox 343 3178 2019 3244; baseline -0.001 -16"><span class='ocrx_word' id='word_1_280' title='bbox 343 3194 402 3228; x_wconf 88' lang='lat' dir='ltr'><strong>ac</strong></span> <span class='ocrx_word' id='word_1_281' title='bbox 424 3180 542 3229; x_wconf 86' lang='lat' dir='ltr'><strong>sine</strong></span> <span class='ocrx_word' id='word_1_282' title='bbox 576 3179 699 3227; x_wconf 89' lang='lat' dir='ltr'><strong>deae</strong></span> <span class='ocrx_word' id='word_1_283' title='bbox 732 3178 909 3227; x_wconf 82' lang='lat' dir='ltr'><strong>auxilio</strong></span> <span class='ocrx_word' id='word_1_284' title='bbox 942 3179 1195 3228; x_wconf 70' lang='lat' dir='ltr'><strong>victoriam</strong></span> <span class='ocrx_word' id='word_1_285' title='bbox 1229 3178 1580 3243; x_wconf 88' lang='lat' dir='ltr'><strong>amplissimam</strong></span> <span class='ocrx_word' id='word_1_286' title='bbox 1615 3183 1872 3244; x_wconf 88' lang='lat' dir='ltr'><strong>reportare</strong></span> <span class='ocrx_word' id='word_1_287' title='bbox 1901 3193 2019 3243; x_wconf 88' lang='lat' dir='ltr'><strong>pos-</strong></span> 
     </span>
     <span class='ocr_line' id='line_1_38' title="bbox 346 3257 2020 3324; baseline -0.001 -16"><span class='ocrx_word' id='word_1_288' title='bbox 346 3263 476 3310; x_wconf 89' lang='lat' dir='ltr'><strong>sent.</strong></span> <span class='ocrx_word' id='word_1_289' title='bbox 543 3258 610 3309; x_wconf 83' lang='lat' dir='ltr'><strong>At</strong></span> <span class='ocrx_word' id='word_1_290' title='bbox 652 3259 751 3308; x_wconf 89' lang='lat' dir='ltr'><strong>hoc</strong></span> <span class='ocrx_word' id='word_1_291' title='bbox 796 3258 962 3323; x_wconf 89' lang='lat' dir='ltr'><strong>ipsum</strong></span> <span class='ocrx_word' id='word_1_292' title='bbox 1006 3259 1274 3308; x_wconf 87' lang='lat' dir='ltr'><strong>cavendum</strong></span> <span class='ocrx_word' id='word_1_293' title='bbox 1320 3257 1417 3307; x_wconf 84' lang='lat' dir='ltr'><strong>fuit</strong></span> <span class='ocrx_word' id='word_1_294' title='bbox 1450 3259 1650 3308; x_wconf 89' lang='lat' dir='ltr'><strong>scenico</strong></span> <span class='ocrx_word' id='word_1_295' title='bbox 1684 3263 1884 3324; x_wconf 78' lang='lat' dir='ltr'><strong>poetae,</strong></span> <span class='ocrx_word' id='word_1_296' title='bbox 1932 3257 2020 3322; x_wconf 79' lang='lat' dir='ltr'><strong>qui</strong></span> 
     </span>
     <span class='ocr_line' id='line_1_39' title="bbox 346 3337 2020 3404; baseline -0.002 -16"><span class='ocrx_word' id='word_1_297' title='bbox 346 3338 495 3388; x_wconf 84' lang='lat' dir='ltr'><strong>vellet</strong></span> <span class='ocrx_word' id='word_1_298' title='bbox 526 3339 576 3388; x_wconf 88' lang='lat' dir='ltr'><strong>in</strong></span> <span class='ocrx_word' id='word_1_299' title='bbox 609 3338 720 3403; x_wconf 91' lang='lat' dir='ltr'><strong>ipso</strong></span> <span class='ocrx_word' id='word_1_300' title='bbox 753 3353 906 3403; x_wconf 90' lang='lat' dir='ltr'><strong>opere</strong></span> <span class='ocrx_word' id='word_1_301' title='bbox 937 3337 990 3386; x_wconf 89' lang='lat' dir='ltr'><strong>in</strong></span> <span class='ocrx_word' id='word_1_302' title='bbox 1034 3343 1349 3404; x_wconf 86' lang='lat' dir='ltr'><strong>conspectum</strong></span> <span class='ocrx_word' id='word_1_303' title='bbox 1391 3338 1668 3403; x_wconf 86' lang='lat' dir='ltr'><strong>producere</strong></span> <span class='ocrx_word' id='word_1_304' title='bbox 1711 3339 1926 3387; x_wconf 86' lang='lat' dir='ltr'><strong>victores</strong></span> <span class='ocrx_word' id='word_1_305' title='bbox 1967 3339 2020 3385; x_wconf 89' lang='lat' dir='ltr'><strong>et</strong></span> 
     </span>
     <span class='ocr_line' id='line_1_40' title="bbox 346 3413 2017 3484; baseline -0.001 -18"><span class='ocrx_word' id='word_1_306' title='bbox 346 3431 492 3480; x_wconf 86' lang='lat' dir='ltr'><strong>quam</strong></span> <span class='ocrx_word' id='word_1_307' title='bbox 534 3417 645 3468; x_wconf 87' lang='lat' dir='ltr'><strong>fieri</strong></span> <span class='ocrx_word' id='word_1_308' title='bbox 690 3421 859 3483; x_wconf 88' lang='lat' dir='ltr'><strong>posset</strong></span> <span class='ocrx_word' id='word_1_309' title='bbox 891 3418 1103 3470; x_wconf 82' lang='lat' dir='ltr'><strong>maxime</strong></span> <span class='ocrx_word' id='word_1_310' title='bbox 1149 3435 1255 3471; x_wconf 85' lang='lat' dir='ltr'><strong>rem</strong></span> <span class='ocrx_word' id='word_1_311' title='bbox 1302 3419 1364 3470; x_wconf 91' lang='lat' dir='ltr'><strong>ob</strong></span> <span class='ocrx_word' id='word_1_312' title='bbox 1409 3418 1580 3470; x_wconf 84' lang='lat' dir='ltr'><strong>oculos</strong></span> <span class='ocrx_word' id='word_1_313' title='bbox 1624 3433 1842 3484; x_wconf 86' lang='lat' dir='ltr'><strong>ponere,</strong></span> <span class='ocrx_word' id='word_1_314' title='bbox 1884 3413 2017 3481; x_wconf 83' lang='lat' dir='ltr'><strong>quod</strong></span> 
     </span>
    </p>
   </div>
  </div>
 </body>
</html>
