2176 3874
1125 274 1245 329 432

355 441 413 475 ac
446 422 597 473 Sileni
630 436 686 470 os
720 418 903 468 rubore
935 416 1180 476 suffusum
1196 455 1212 478 ,
1267 417 1444 468 callide
1478 417 1678 472 coniicit
1687 440 1715 482 q.
1726 416 1876 488 „him
1893 433 2017 471 „ver-

353 505 551 554 beribus
584 500 830 558 affectum,
863 514 1045 562 pecora
1076 503 1238 549 autem
1271 516 1364 564 per
1395 499 1495 547 vim
1521 514 1584 548 ex
1601 498 1834 564 speluiica
1857 495 2021 559 ablat!

352 599 479 632 esse.
547 580 600 628 ld
633 593 748 627 vero
783 577 1102 643 cupidissime
1137 579 1328 628 Silenus
1365 578 1623 628 confirmat
1666 582 1720 627 et
1767 579 1902 639 ultro
1929 583 2017 633 'ec-

352 666 489 710 cusat
533 660 739 708 minatos
789 673 902 707 esse
943 659 1165 723 hospites
1212 675 1266 707 se
1301 658 1504 723 Cyclopi
1547 658 1708 707 vincto
1741 659 2016 708 membrum

348 740 490 789 virile
516 741 819 797 desecturos,
853 741 1049 803 tergum
1071 739 1355 788 verberibus
1383 739 1721 787 conscissuros
1746 753 1890 800 esseff
1912 742 2037 789 tum*

348 821 398 868 in
431 836 601 869 navem
622 818 901 882 impositum
926 835 1015 883 pro
1039 834 1179 867 servo
1206 819 1485 882 pistrinario
1501 817 1800 868 vendituros.
1841 806 2019 888 Fidfijn

347 899 465 948 huic
498 898 793 947 accusationi
825 897 946 946 facit
976 899 1216 947 voracitas
1233 898 1468 963 Cyclopis
1493 903 1543 946 et
1563 897 1723 946 carnis
1756 895 2017 958 humanae,

349 995 445 1043 qua
490 977 675 1032 dudum
723 978 906 1037 caruit,
959 978 1273 1028 desiderium.
1353 978 1486 1043 Ergo
1546 977 2015 1049 cultrosf'expedirss

346 1058 509 1119 ignem
543 1057 759 1117 accendi,
794 1057 1005 1105 lebetem
1040 1073 1258 1120 veruque
1290 1057 1451 1121 parari
1479 1058 1630 1106 iubet.
1696 1057 1883 1122 Ulysse
1904 1057 2044 1106 *cri-i

347 1153 461 1186 men
508 1138 832 1200 deprecante,
878 1136 1044 1185 Sileno
1090 1141 1255 1185 autem
1300 1153 1393 1202 per
1435 1136 1673 1202 quidquid
1720 1138 1815 1186 sibi
1846 1153 2013 1221 cotug]

348 1221 667 1280 sanctumque
702 1217 796 1275 sit,
841 1216 958 1279 quin
1006 1216 1153 1263 etiam
1201 1231 1291 1280 per
1324 1217 1535 1265 filiorum
1571 1231 1781 1266 suorum·
1805 1217 2014 1269 salutem

347 1297 619 1355 adiurante,
653 1295 860 1358 denique
895 1295 1074 1359 satyris
1099 1301 1269 1344 contra
1287 1297 1447 1360 ipsum
1473 1301 1659 1360 patrem
1680 1297 2015 1346 testimonium

346 1376 636 1435 dicentibus,
674 1374 907 1439 Cyclops,
942 1390 1266 1438 perseverans
1299 1377 1347 1423 in
1367 1376 1623 1436 sententia,
1649 1375 1933 1427 Silenum-»a
1956 1391 2013 1425 se

313 1455 721 1505 «Rhadamantho
767 1454 877 1518 ipso
923 1455 1180 1503 iustiorem
1224 1455 1566 1518 verioremque
1614 1455 1864 1520 cognitum
1898 1470 2013 1517 esse

344 1535 575 1585 affirmat.
643 1534 746 1584 Iam
779 1534 845 1582 nil
878 1535 1044 1598 Ulyssi
1078 1535 1384 1598 relinquitur,
1418 1535 1512 1583 uisi
1547 1540 1601 1583 ut
1633 1536 1696 1583 ad
1729 1529 2014 1592 miserico}-

343 1615 473 1664 diam
509 1614 771 1680 confugiat.
839 1613 1143 1678 Suppliciter
1184 1615 1331 1680 igitur
1378 1618 1484 1662 orat
1517 1613 1812 1679 Cyclopem,
1861 1628 2013 1680 quum

344 1695 411 1744 sit
443 1694 658 1758 Neptuni
691 1694 821 1742 filius
857 1699 908 1743 et
925 1694 1227 1743 Graecorum
1262 1700 1425 1742 terrae
1446 1693 1626 1755 incola,
1659 1707 1724 1744 ne
1753 1693 2012 1757 veliteos,

341 1791 433 1840 per
466 1790 589 1839 quos
624 1779 675 1823 et
709 1775 911 1823 deorum
946 1774 1131 1838 templa
1152 1779 1203 1822 et
1230 1774 1420 1838 patriae
1453 1775 1605 1823 decus
1640 1791 1669 1823 a
1691 1774 2011 1824 barbarorum

342 1855 517 1904 iniuria
549 1855 754 1903 defensa
788 1855 899 1915 sint,
935 1855 1065 1903 bello
1090 1854 1311 1918 marique
1335 1854 1616 1914 exhaustos,
1650 1854 1904 1919 supplices
1932 1854 2010 1904 in—

341 1935 587 1995 terficere,
624 1935 712 1983 sed
746 1934 877 1982 victu
911 1934 1150 1996 donisque
1172 1933 1494 1996 hospitalibus
1517 1935 1711 1984 adiutos
1731 1934 1780 1983 in
1803 1934 2009 1998 patriani

341 2014 403 2062 ad
436 2018 666 2078 parentes
700 2029 981 2076 uxoresque
1013 2013 1291 2072 remittere3
1337 2018 1592 2075 postremo
1638 2014 1846 2062 deorum
1867 2013 2008 2065 ‘irim
2044 2063 2051 2067 ..

340 2093 505 2142 vereri
534 2093 689 2150 iubet,
725 2093 767 2140 si
799 2093 942 2157 gulae
975 2092 1229 2140 voracitati
1247 2090 1503 2155 indulgens
1531 2097 1752 2141 ventrem
1778 2092 2006 2146 carnibus

340 2171 564 2232 humanis
595 2171 812 2235 impleat.
881 2170 975 2218 His
1009 2170 1188 2218 auditis
1222 2170 1440 2230 Silenus,
1474 2172 1689 2235 linguam
1721 2171 1917 2235 Ulyssis
1950 2179 2008 2222 ut

340 2256 454 2300 ante
477 2251 635 2299 omnia
669 2250 879 2308 mandat,
916 2251 1114 2298 domino
1149 2249 1346 2308 suadet;
1382 2250 1596 2314 Cyclops
1618 2267 1750 2313 vero,
1783 2249 2005 2313 Divitiae,

339 2331 514 2395 inquit,
550 2346 578 2377 o
612 2330 891 2388 homuncio,
929 2330 1019 2377 soli
1055 2330 1122 2378 dii
1157 2335 1270 2377 sunt
1295 2330 1612 2393 sapientibuS,
1647 2335 1814 2380 cetera
1849 2331 2008 2384 inanis

339 2411 601 2459 verborum
638 2424 816 2472 pompa
849 2408 1106 2472 sucusque.
1172 2408 1265 2456 His
1302 2408 1543 2472 simulque
1566 2410 1750 2459 viribus
1784 2413 2005 2476 corporis

339 2490 498 2538 fretus
517 2488 681 2536 Iovem
710 2492 994 2548 contemn03
1021 2488 1115 2536 soli
1129 2489 1247 2536 mihi
1276 2493 1327 2536 et
1351 2489 1526 2549 ventri,
1554 2489 1759 2538 deorum
1774 2492 2004 2554 maximo,

338 2584 535 2633 pecora,
571 2583 694 2631 quae
726 2572 873 2626 terra,
910 2569 1011 2615 sive
1034 2568 1152 2616 velit
1186 2568 1288 2616 sive
1321 2568 1463 2625 nolit,
1498 2575 1743 2634 procreat,
1775 2570 2002 2622 immolo:

338 2665 448 2698 nam
487 2648 682 2707 bibere,
717 2648 894 2707 edere,
946 2648 1277 2711 voluptatibus
1311 2647 1411 2695 frui
1445 2653 1497 2696 et
1528 2648 1692 2698 valere
1722 2649 1896 2699 iubere
1929 2652 2004 2700 di-

338 2727 589 2790 sciplinam
635 2741 828 2787 eorum,
879 2727 959 2790 qui
1004 2726 1195 2790 legibus
1240 2727 1509 2775 scribendis
1550 2727 1698 2776 vitam
1741 2728 2002 2779 humanam

338 2806 685 2866 excoluerunt,
734 2806 836 2854 sola
884 2822 998 2854 vera
1046 2807 1281 2870 sapientia
1326 2814 1416 2854 est.
1483 2805 1698 2856 Proinde
1742 2823 1828 2862 vos
1873 2809 2002 2858 intro

337 2886 494 2946 abite,
540 2891 596 2933 ut
642 2891 827 2933 stantes
861 2885 922 2933 ad
969 2902 1101 2935 aram
1133 2886 1375 2945 numinis,
1420 2885 1548 2950 quod
1592 2886 1779 2935 haecce
1810 2888 2003 2938 stabula

337 2966 482 3022 colit,
516 2964 678 3027 ignem
698 3001 712 3025 ,
748 2980 919 3028 aquam
953 2971 1206 3030 paternam
1243 2970 1293 3014 et
1324 2965 1537 3014 lebetem
1572 2964 1699 3014 dono
1732 2967 2000 3032 accipiatis.

334 3044 610 3093 Minervam
658 3049 710 3092 et
753 3043 916 3092 lovem
948 3045 1260 3108 Hospitalem
1307 3044 1543 3108 UlysseS‚
1586 3046 1690 3092 tam
1733 3045 2003 3095 crudeliter

333 3128 584 3183 tractatus,
618 3123 667 3171 in
704 3123 933 3171 auxilium
968 3128 1118 3173 vocat.
1185 3124 1514 3188 Interponitur
1532 3138 1725 3171 carmen
1742 3130 1998 3188 praestan-

333 3204 611 3260 tissimum,
665 3217 760 3265 quo
796 3202 927 3251 diras
976 3203 1208 3267 Cyclopis
1256 3203 1425 3268 epulas
1469 3202 1650 3251 chorus
1683 3204 1999 3267 persequitur

334 3289 384 3333 et
415 3282 781 3347 improbitatem
816 3283 1023 3331 monstri
1056 3282 1359 3332 detestabilis
1392 3286 1693 3347 exsecratur,

459 3362 610 3411 Redit
625 3361 833 3424 Ulysses
869 3369 919 3410 et
951 3377 1075 3424 quae
1111 3362 1244 3411 intus
1278 3366 1418 3428 gesta
1441 3366 1555 3410 sunt
1577 3360 1796 3425 exponit.
1830 3361 1997 3426 iguem

332 3443 556 3493 accendit
590 3433 802 3507 Cyclops
835 3444 975 3491 tanta
1005 3441 1126 3508 ligni
1160 3443 1324 3506 copia,
1357 3446 1582 3505 quantam
1614 3442 1694 3489 vix
1725 3440 1822 3490 tria
1856 3440 1995 3504 plau-
