2144 3854
1133 290 1253 349 158

425 437 1126 504 „Passimqaepraeda
1146 452 1368 506 pecua
1394 437 1722 491 halabant
1749 441 2030 508 agris„—

362 520 492 569 unde
544 519 808 582 imparatos
841 518 1211 584 inopinatosque
1254 518 1427 567 hostes
1470 535 1736 584 oppressos
1785 532 1896 571 esse
1943 540 2031 588 ap-

359 602 518 662 paret.
583 597 718 661 Agrii
750 598 877 647 filios
912 614 972 647 eo
1003 598 1195 664 proelio
1229 598 1471 647 occidisse
1514 599 1658 664 plane
1688 614 1896 651 necesse
1922 608 2033 652 estz

361 693 567 740 quorum
603 677 800 740 quidem
828 679 1028 727 nomina
1061 683 1259 743 praeter
1292 679 1457 739 unius,
1509 679 1593 742 qui
1638 695 1858 731 summae
1889 697 2032 747 prae·

359 762 483 818 erat,
517 757 595 805 vix
631 762 1009 806 commemorata
1043 774 1156 807 esse
1189 758 1377 822 opinor.

490 836 829 886 Narrationem
883 854 1078 886 carmen
1127 837 1266 886 chori
1311 838 1511 888 tertium
1555 839 1766 906 excepit.
1844 839 2034 890 Deinde

361 914 623 965 Diomedes
670 933 732 966 ex
777 918 964 982 proelio
1010 918 1175 966 rediit.
1255 911 1350 980 Qui
1400 923 1658 983 postquam
1707 934 1796 969 avo
1842 920 2034 985 sibique

357 996 471 1060 ipsi,
504 991 637 1060 quo'd
669 998 859 1061 tyranni
891 998 1156 1047 saevissimi
1191 998 1486 1048 crudelitate
1517 999 1711 1048 liberati
1744 1001 1865 1064 sint,
1919 1017 2032 1067 gra-

359 1075 538 1125 tulatus
575 1082 652 1125 est
691 1103 755 1113 —-

486 1182 552 1193 ·——
681 1182 748 1192 —
879 1183 941 1192 —
1075 1158 1265 1223 „sere
1300 1159 1804 1209 exantlavimna

494 1235 803 1302 Tyranni
833 1253 1098 1286 saevum
1132 1238 1472 1302 ingenium
1499 1246 1702 1306 atque
1728 1255 2031 1290 exa-ecra-

1204 1316 1450 1367 bile”—

357 1397 555 1462 exponit
587 1413 674 1459 ea,
709 1413 835 1461 quae
867 1397 1117 1446 victoriam
1151 1398 1371 1447 insecuta
1405 1403 1533 1446 sunt.
1599 1399 1868 1463 Populares
1903 1399 2030 1449 enim

357 1491 528 1525 omnes
563 1478 731 1526 statim
766 1479 825 1525 ab
861 1478 1010 1541 Agrio
1045 1477 1376 1539 desciverunt,
1410 1483 1465 1526 ut
1496 1478 1655 1527 solent
1687 1478 1911 1529 homines
1949 1494 2030 1528 re-

356 1556 448 1605 bus
483 1556 712 1606 secundis
747 1556 1157 1620 quemadmodum
1193 1556 1315 1621 lapis
1349 1572 1547 1621 magnes
1581 1557 1716 1607 ferro
1747 1557 1910 1607 trahi:

486 1663 550 1672 —-
681 1664 745 1674 ——
875 1664 940 1674 -
1073 1633 1167 1694 τὰς
1204 1634 1413 1699 βροτῶν

484 1713 696 1782 γνώμας
731 1712 963 1766 ἐπισπῶν
998 1712 1122 1775 diste
1156 1717 1436 1783 Μαγνῆτις
1466 1714 1637 1777 λίθος,
1996 1718 2012 1747 '

482 1795 580 1863 τὴν
613 1794 773 1859 δόξαν
804 1792 936 1848 ἕλκει
969 1794 1057 1848 καὶ
1088 1795 1395 1862 μεθίστησιν
1426 1795 1584 1847 πάλιν
1603 1795 1672 1863 *).
1894 1803 1897 1805 ’

351 1877 513 1930 Simul
547 1876 862 1937 Sthenelum,
897 1883 950 1926 ut
983 1879 1187 1943 Agrium
1234 1884 1433 1943 caperet
1479 1884 1624 1942 atque
1658 1877 1706 1926 in
1739 1876 2033 1944 supplicium

353 1958 640 2019 adduceret,
673 1961 810 2006 recta
843 1956 904 2004 ad
939 1959 1121 2023 regiam
1155 1958 1429 2022 profectum
1464 1972 1576 2006 esse
1609 1956 1840 2006 ostendit.
1902 1955 2030 2007 Gru-

354 2037 604 2087 delitatem
666 2037 718 2085 in
759 2036 1000 2101 supplicio
1046 2038 1284 2087 sumendo
1331 2037 1657 2086 adhibendam
1703 2051 1819 2086 esse
1860 2041 2030 2087 censet

352 2117 636 2177 Diomedes,
669 2115 947 2182 refragante
980 2117 1166 2178 Oeneo,
1203 2117 1286 2182 qui
1317 2116 1542 2183 profecto
1571 2132 1666 2166 non
1691 2117 2028 2168 mendicorum

352 2213 556 2248 numero
590 2199 648 2247 ab
682 2197 1015 2261 Aristophane
1046 2202 1316 2264 poneretur
1341 2194 1438 2264 **),
1472 2197 1564 2246 nisi
1598 2213 1775 2263 sapere
1806 2197 1858 2247 in
1880 2199 2028 2248 rebus

352 2278 570 2327 adversis
623 2276 877 2326 didicisset
921 2295 980 2327 ac
1026 2293 1164 2327 more
1217 2276 1618 2343 philosophorum
1666 2292 1747 2326 res
1792 2277 2028 2327 humanas

351 2358 651 2423 despiceret.
718 2356 944 2407 Diomedi
975 2359 1098 2408 haec
1131 2358 1325 2407 tribuo:

489 2436 555 2488 οὐ
589 2434 734 2488 δεινὰ
766 2436 983 2503 πάσχειν
1017 2434 1163 2488 δεινὰ
1195 2428 1320 2496 τοὺς
1353 2432 1729 2501 εἰργασμένους
1757 2433 1884 2501 ***).

352 2517 658 2583 Magnopere
691 2519 821 2567 enim
853 2519 984 2568 hunc
1018 2518 1350 2578 contendisse,
1384 2523 1441 2566 ut
1476 2516 1812 2566 crudelitatem
1846 2517 1897 2566 in
1929 2514 2027 2566 fra-

352 2602 429 2647 tre
462 2615 579 2647 avus
615 2598 836 2647 exerceri
870 2603 1140 2664 pateretur,
1174 2598 1300 2646 haec
1335 2597 1488 2646 Oenei
1522 2597 1668 2645 verba
1701 2597 1975 2646 declarant:

483 2677 595 2741 „Si
635 2694 908 2745 unquam
948 2676 1393 2744 praepediar,
1438 2682 1672 2742 gnate,
1716 2683 1787 2726 tu
1819 2692 1898 2725 ne
1932 2681 2028 2725 at-

1186 2755 1503 2806 tenderis

485 2837 728 2887 Petere
762 2854 796 2887 a
828 2855 953 2897 me,
988 2836 1154 2904 qnod
1187 2837 1379 2901 nefas
1409 2837 1497 2884 sit
1532 2834 1810 2885 concedi
1841 2834 2025 2888 tibi.’'

419 3059 459 3114 *)
486 3059 649 3115 Ingens
684 3059 974 3112 interpretum
1004 3057 1240 3114 trepidatio
1274 3058 1392 3101 circa
1427 3058 1543 3100 haec
1584 3057 1724 3100 verba
1763 3057 1862 3100 toni
1893 3070 2024 3114 posse

489 3128 602 3171 mihi
640 3129 738 3171 visa
778 3132 843 3170 est
878 3127 1080 3171 ἐπισπῶν
1118 3143 1202 3184 pro
1239 3129 1420 3174 σκοπῶν
1466 3129 1733 3183 reponendo.
1804 3128 2021 3183 Supplen-

492 3199 599 3241 dum
632 3213 728 3240 esse
766 3198 941 3241 videtur
972 3200 1241 3242 vocabulum
1273 3197 1299 3243 ὁ
1328 3199 1537 3248 πλοῦτος.
1836 3197 1840 3199 ’

400 3270 457 3325 **)
486 3270 678 3312 Acharn.
707 3269 815 3311 418:

597 3336 656 3383 τὰ
686 3343 799 3383 ποῖοι
826 3337 990 3397 τρύχης
1021 3339 1122 3394 μῶν
1151 3336 1199 3383 ἐν
1229 3337 1298 3388 οἷς
1329 3337 1495 3389 Οἰνεύς
1526 3336 1598 3382 ὁδὶ

597 3408 622 3454 ὁ
655 3409 913 3465 δύςποτμος
940 3408 1120 3468 γεραιὰς
1149 3405 1388 3466 ἠγωνίζετο
1404 3426 1420 3460 ,·

365 3482 461 3537 m‘'‘¹)
489 3483 672 3540 Fragm.
703 3480 788 3524 inc.
817 3496 858 3524 n.
888 3480 982 3524 18⁰.
1015 3486 1058 3524 et
1090 3480 1188 3523 181.
