2176 3874
1177 267 1301 323 446

411 418 563 470 oritus
607 414 889 478 argumenta
933 415 1182 476 gestorum
1236 409 1549 460 heroicorum
1595 415 1868 473 tractasse,
1920 415 2076 479 eaque

409 499 691 562 argumenta
732 490 1033 554 dithyrambi
1089 491 1321 556 appellati
1379 505 1508 541 esse.
1594 490 1833 540 Eiusdem
1880 494 2075 555 generis

407 582 498 636 est,
532 573 661 637 quod
693 570 985 620 Aristoteles
1019 570 1049 619 Ι.
1084 571 1116 618 l.
1154 570 1422 619 narrativos
1449 568 1908 635 (διηγηματικούς)
1935 572 2076 638 prius

407 670 549 719 quam
582 651 839 700 imitativos
874 650 1211 713 dithyrambos
1247 649 1400 698 fuisse
1434 651 1603 700 innuit.
1669 652 1737 700 Et
1768 651 2072 715 tragoediam

406 748 627 797 quoque,
675 745 821 793 quam
849 745 907 777 cx
944 729 1254 793 dithyrambo
1283 734 1445 778 natam
1481 747 1594 779 esse
1629 735 1846 794 constat,
1897 747 1925 780 a
1955 746 2076 780 nar-

405 812 557 862 rando
589 811 723 859 aiunt
746 809 808 857 ad
833 809 1117 858 imitandum
1137 810 1455 873 processisse.
1527 809 1672 860 Unde
1695 810 1876 860 docere
1909 810 2075 874 dithy-

404 894 626 941 rambnm
661 889 833 938 eodem
866 889 1041 949 modo,
1096 904 1191 951 quo
1213 887 1417 936 ‘docere
1462 890 1766 955 tragoediam
1799 891 2071 949 dicebatur,

408 977 461 1022 et
517 965 966 1033 διθυραμβοποιοὶ
1026 967 1172 1015 iidem
1241 966 1794 1032 τραγῳδοδιδάσκαλοι
1852 969 2072 1035 appella·

405 1054 582 1102 bantur
616 1048 793 1114 (schol.
829 1047 1076 1111 Aristoph.
1105 1046 1233 1097 Plut.
1267 1047 1421 1114 290.).

529 1130 627 1179 Sed
662 1134 717 1177 ut
750 1143 810 1175 eo
842 1131 1168 1186 revertamur,
1202 1128 1332 1176 unde
1364 1129 1577 1192 profecti
1611 1144 1813 1178 sumus:
1856 1127 1954 1181 tria
1986 1143 2073 1192 ge-

404 1226 521 1260 nera
561 1209 857 1265 carminum,
921 1221 1046 1268 quae
1084 1223 1113 1254 a
1159 1207 1360 1271 singulis
1408 1212 1752 1268 cantarentur,
1813 1209 1980 1258 dicere
2021 1211 2075 1256 et

404 1288 694 1339 Aristoteles
742 1291 794 1334 et
846 1285 1025 1347 reliqui
1080 1285 1335 1346 videntur,
1386 1302 1586 1349 nomoS,
1638 1287 1974 1351 dithyrambos
2024 1290 2075 1334 et

405 1368 590 1417 cantica
625 1367 724 1414 sive
756 1365 1008 1413 monodias
1044 1365 1261 1413 scenicas
1277 1365 1353 1431 ²²²),
1387 1382 1513 1429 quae
1546 1367 1901 1432 patientissima
1933 1369 2073 1414 erant

403 1446 724 1496 mutationum
773 1445 1029 1507 omnisque
1080 1445 1330 1505 licentiae,
1389 1461 1484 1509 qua
1522 1446 1572 1495 in
1617 1447 1839 1495 novanda
1883 1445 2071 1494 musica

402 1527 481 1577 usi
523 1531 636 1575 sunt
682 1524 998 1574 recentiores,
1078 1523 1345 1573 Novatores
1393 1531 1559 1573 autem
1603 1526 1676 1573 illi
1723 1523 2070 1590 dithyrambici

402 1611 577 1671 poetae
608 1604 809 1669 proprie
842 1603 1235 1667 appellabantur,
1289 1609 1339 1652 et
1385 1606 1592 1655 mixtum
1638 1605 1882 1670 quoddam
1918 1617 2072 1667 genus

404 1685 739 1744 modulorum,
805 1685 937 1747 quod
991 1683 1407 1734 vehementiorem
1466 1686 1751 1734 ostenderet
1802 1684 2071 1732 affectuum

403 1764 807 1824 commotionem,
874 1762 1175 1826 dithyrambi
1231 1766 1530 1814 recentiores
1605 1765 1761 1813 fuisse
1813 1763 2070 1821 videntur3

403 1845 471 1897 cf.
506 1844 705 1907 DionyS.
737 1843 848 1893 Hal.
886 1843 1115 1907 Compos.
1152 1858 1193 1892 c.
1230 1846 1306 1892 19.
1342 1861 1390 1907 p.
1429 1846 1554 1892 131:
1603 1843 2069 1908 „Dithyramborum

401 1930 625 1978 auctores
661 1924 806 1972 etiam
842 1927 1105 1971 concentus
1128 1924 1393 1982 mutabant,
1422 1939 1570 1986 quum
1594 1923 1792 1985 Dorios4
1827 1922 2069 1988 Phrygios

399 2010 453 2055 et
485 2003 670 2068 Lydios
703 2003 753 2051 in
786 2003 959 2050 eodem
995 2001 1208 2050 carmine
1242 2002 1517 2059 efficerent,
1553 2008 1605 2051 et
1639 2003 1876 2051 melodias
1910 2000 2071 2050 varia-

399 2085 533 2144 bant,
565 2082 713 2130 modo
748 2081 1050 2129 enarmonias
1085 2080 1348 2130 efficiendo
1382 2081 1529 2129 modo
1564 2082 1888 2129 chromaticas
1919 2079 2067 2128 modo

400 2163 651 2218 diatonas,
687 2165 737 2209 et
769 2160 819 2208 in
852 2159 1097 2222 rhythmis
1132 2175 1324 2224 quoque
1358 2177 1545 2209 summa
1578 2176 1688 2209 cum
1722 2159 1921 2208 licentia
1948 2174 2067 2207 ver-

399 2242 647 2292 sabantur.
715 2239 1034 2287 Philoxenum
1070 2238 1182 2287 dico
1217 2245 1268 2288 et
1302 2240 1621 2289 Timotheum
1656 2245 1707 2289 et
1731 2238 1984 2288 Telestem
2017 2241 2067 2286 et

399 2322 577 2370 horum
613 2319 824 2368 similes:
882 2333 994 2366 nam
1028 2318 1157 2382 apud
1194 2320 1417 2382 antiquos
1451 2319 1650 2383 quidem
1688 2322 1818 2367 stata
1849 2321 1955 2366 erat
1987 2316 2065 2365 di-

398 2398 648 2463 thyrambi
680 2395 900 2446 natura.”
965 2397 1089 2447 Plat.
1123 2396 1272 2461 Legg.
1309 2398 1388 2448 111.
1425 2416 1471 2463 p.
1507 2401 1620 2448 700.
1654 2399 1745 2450 A.=
1811 2395 2064 2458 „Miscent

397 2479 599 2528 threnos
632 2476 827 2541 hymnis
862 2480 913 2524 et
943 2492 1156 2541 paeanas
1189 2477 1515 2542 dithyrambis
1549 2483 1600 2527 et
1632 2479 1858 2527 tibiarum
1893 2479 2065 2526 cantus

396 2558 571 2607 fidium
605 2556 825 2605 cantibus
858 2557 1107 2605 imitantur
1140 2562 1190 2606 et
1235 2562 1408 2607 cuncta
1441 2560 1490 2607 in
1535 2561 1710 2606 cuncta
1744 2554 2062 2621 congerunt.”

527 2635 819 2686 Huiusmodi
847 2635 1164 2700 dithyrambis
1198 2639 1407 2687 maxime
1440 2638 1617 2686 similia
1651 2637 1838 2687 cantica
1870 2636 2065 2685 scenica

397 2722 600 2782 propter
633 2715 838 2766 eandem
862 2716 1130 2764 animorum
1150 2718 1525 2766 concitationem
1552 2717 1711 2766 fuisse
1745 2715 2059 2766 manifestum

394 2801 490 2846 est.
557 2795 686 2844 Tum
720 2795 1008 2844 threnorum
1052 2810 1255 2844 numero
1301 2797 1553 2846 monodias
1600 2797 1792 2845 habitas
1843 2809 1958 2844 esse
1990 2793 2058 2842 ait

391 2874 572 2925 Suidas
608 2873 675 2941 (s.
709 2890 753 2923 V.
787 2868 1021 2934 ἐπιεικῶς
1051 2871 1153 2939 γὰρ
1187 2878 1349 2926 πᾶσαι
1383 2873 1569 2926 affinia&
1588 2876 1802 2942 σκηνῆς
1834 2869 1967 2939 ᾠδαὶ
1999 2869 2060 2922 ἐν

395 2958 461 3020 τῇ
505 2952 772 3023 τραγῳδίᾳ
814 2953 1012 3022 θρῆνοί
1057 2954 1210 3020 εἰσιν)
1246 2962 1295 3005 et
1342 2948 1563 3012 common
1609 2971 1804 3021 quoque
1848 2953 2058 3002 threnon

390 3035 696 3100 appellatum
745 3050 857 3084 esse
914 3035 1062 3084 tradit
1108 3035 1319 3086 Tzetzes
1364 3037 1414 3085 in
1472 3034 1691 3084 Grameri
1735 3031 1923 3083 Anecd.
1969 3028 2057 3088 IV,

528 3230 709 3286 propr-Ia
735 3229 885 3273 fuerat
911 3229 1077 3285 nomia,
1107 3231 1245 3274 tibiae
1273 3227 1591 3286 dithyrambis,
1634 3230 1870 3280 antequam
1897 3223 2059 3267 misce-

531 3304 696 3343 rentur.
1433 3308 1441 3315 ’

452 3370 505 3425 *)
532 3370 721 3414 Cantica
747 3382 848 3411 cum
889 3368 1036 3411 choris
1072 3370 1223 3413 iuncta
1265 3340 1474 3414 habuisse
1512 3365 1821 3423 dithyrambus
1858 3377 1943 3407 non
1970 3362 2057 3406 mi-

532 3453 615 3482 nus
642 3453 775 3495 quam
801 3439 1038 3496 tragoedia
1068 3439 1253 3483 videtur.
