2144 3854
926 301 1054 362 305

149 458 205 505 et
238 452 397 504 ceteri
445 451 533 517 qui
582 455 700 502 sunt
732 449 1015 501 robustiore
1066 453 1232 500 aetate
1265 449 1388 512 filii,
1439 464 1620 501 novum
1658 448 1838 520 ‚perfu-

147 535 285 602 gium
320 532 614 598 quaesituri,
651 532 694 580 si
730 547 791 580 ex
824 531 922 579 hoc
955 529 1230 594 abigantur.
1299 529 1489 580 Relicti
1522 531 1671 594 igitur
1703 534 1838 594 sunt,

149 615 234 680 qui
266 604 547 664 imbellibus
581 611 813 661 Herculis
861 610 1030 659 liberis
1076 610 1479 675 patrocinentur,
1530 611 1630 660 duo
1674 626 1839 674 senes,

147 695 312 744 Iolaus
363 698 514 758 atque
560 694 823 751 Alcmene,
871 706 1079 753 quorum
1131 690 1216 738 ille
1261 691 1396 740 nullo
1445 691 1679 740 dramatis
1727 691 1840 741 loco

148 774 351 839 Iphiclis
384 774 516 822 filius
551 789 663 822 esse
696 771 1003 837 perhibetur,
1041 786 1169 835 quae
1203 779 1279 818 est
1304 769 1437 819 fama
1462 772 1691 836 vulgaris.
1739 773 1840 822 Ab-

147 861 334 903 sonum'
359 855 487 903 enim
524 858 658 902 esset
691 850 835 900 simul
869 855 919 898 et
952 851 1106 898 aviam
1142 854 1194 898 et
1218 856 1450 916 nepotem
1496 857 1728 915 tanquam
1756 868 1839 902 se-

146 950 236 983 nes
286 934 565 998 decrepitos
617 933 668 981 in
719 946 916 979 scenam
952 921 1208 980 inducere.
1278 930 1414 979 Usus
1451 936 1529 979 est
1564 932 1718 997 igitur
1747 948 1839 982 no-

147 1020 253 1063 ster
285 1013 485 1063 licentia
519 1017 778 1078 poetarum
812 1027 908 1060 non
943 1011 1163 1077 fingendi
1190 1015 1383 1061 tantum
1421 1013 1712 1074 commode,
1748 1013 1841 1063 sed

146 1094 342 1142 celandi
388 1108 584 1157 quoque
628 1093 901 1157 prudenter
957 1107 1085 1155 quae
1127 1092 1271 1157 vulgo
1322 1091 1512 1142 credita
1560 1109 1588 1141 a
1652 1109 1839 1154 rerum,

145 1188 267 1237 quas
301 1173 541 1236 fingeret,
575 1172 676 1221 fide
710 1173 1059 1221 abhorrebant.

280 1251 593 1302 Constitutus
628 1252 777 1318 igitur
811 1253 942 1302 inter
976 1253 1161 1301 liberos
1195 1252 1432 1303 Herculis
1467 1253 1629 1303 Iolaus
1665 1254 1730 1303 de
1760 1270 1839 1305 ca·

144 1332 281 1382 sibus
315 1338 369 1381 et
401 1332 603 1382 fortuna
638 1333 1015 1382 Heraclidarum
1051 1334 1290 1399 exponit,
1344 1350 1487 1383 orsus
1531 1351 1559 1383 a
1594 1335 1842 1384 sententia

145 1413 413 1472 communi,
448 1429 548 1477 qua
584 1413 760 1462 eadem
795 1414 1006 1478 Ulysses
1041 1415 1092 1462 in
1126 1414 1331 1464 exordio
1366 1414 1563 1465 fabulae
1585 1414 1841 1465 Philocte-

142 1494 210 1543 tis
244 1494 432 1555 utitur,
467 1494 595 1543 mala
630 1501 681 1544 et
716 1495 913 1544 labores
948 1492 1276 1558 perferendos
1312 1511 1426 1544 esse
1459 1495 1547 1557 iis,
1602 1495 1687 1559 qui
1719 1510 1842 1559 neg-

145 1572 276 1622 lecto
324 1588 421 1622 suo
463 1576 726 1623 commodo
772 1575 1039 1623 amicorum
1088 1575 1366 1639 civiumque
1412 1576 1687 1641 commodis
1723 1591 1843 1626 con-

145 1653 369 1703 sulentes
403 1654 634 1703 iustitiam
674 1655 851 1707 colant.
920 1653 1004 1703 Sic
1040 1671 1095 1704 se
1130 1662 1180 1704 et
1213 1657 1321 1704 vivo
1351 1656 1560 1704 Herculi
1595 1661 1646 1704 et
1669 1655 1842 1705 liberis

145 1734 369 1783 defuncti
401 1734 569 1783 officia
601 1735 703 1784 fide
736 1736 916 1800 pieque
943 1741 1278 1800 praestantem
1306 1742 1552 1801 perpetuo
1579 1736 1710 1785 vitae
1737 1735 1842 1785 dis-

146 1815 351 1864 crimina
383 1814 521 1864 adire
555 1819 608 1865 et
641 1816 798 1880 patria
833 1831 1021 1876 carere,
1075 1832 1224 1880 quum
1259 1816 1416 1881 possit
1450 1816 1554 1865 otio
1590 1821 1641 1865 et
1674 1817 1844 1879 quiete

144 1894 257 1945 frui.
325 1894 451 1944 Nam
487 1896 854 1960 Eurystheum,
902 1897 1111 1960 stirpem
1153 1896 1388 1945 Herculis
1435 1897 1607 1945 delere
1641 1897 1843 1960 cupien-

144 1979 275 2035 tem,
321 1990 418 2023 non
471 1977 730 2038 quiescere
763 1991 927 2039 neque
960 1976 1244 2039 perfugium
1282 1977 1562 2025 concedere
1595 1976 1843 2043 profugis,

144 2055 234 2104 sed
269 2070 428 2118 usque
461 2057 697 2120 persequi
732 2071 1032 2119 praeconem
1067 2056 1341 2113 mittendo,
1394 2057 1478 2119 qui
1523 2055 1708 2104 bellum
1751 2070 1843 2119 po-

144 2135 250 2201 puli
283 2135 577 2198 Argivorum
613 2136 944 2200 potentissimi
977 2135 1248 2184 minitando
1284 2135 1443 2184 minus
1480 2122 1716 2200 potentes
1748 2135 1842 2184 ho-

144 2215 302 2282 spites
348 2217 410 2264 ab
459 2215 628 2265 officio
674 2217 946 2265 deterreat.
1016 2216 1107 2264 His
1154 2216 1394 2281 expositis
1442 2216 1610 2264 statim
1658 2231 1844 2280 praeco

141 2296 252 2361 ipse
276 2296 492 2357 advenit,
528 2312 626 2360 quo
650 2303 918 2361 conspecto
944 2297 1164 2346 vestibus
1190 2295 1311 2344 Iolai
1335 2296 1652 2361 implicantur
1674 2295 1844 2361 pueri3

144 2376 437 2426 abstrahere
487 2391 574 2424 eos
621 2392 868 2439 praecone
917 2393 980 2425 ex
1029 2391 1112 2423 ara
1157 2381 1307 2439 atque
1356 2392 1418 2426 ex
1451 2376 1675 2424 manibus
1711 2376 1845 2426 senis

145 2461 382 2516 conante,
429 2455 513 2503 hic
559 2455 610 2504 in
643 2455 933 2505 reluctando
969 2457 1136 2519 lapsus
1171 2456 1310 2504 humi
1343 2455 1708 2520 prosternitur3
1753 2471 1844 2505 ac·-

146 2541 354 2586 currunt
387 2534 450 2583 ad
484 2535 754 2584 clamorem
802 2536 910 2585 eius
946 2536 1225 2601 populares·
1252 2536 1517 2601 edoctique
1550 2534 1616 2584 de
1650 2550 1844 2597 caussa,

145 2621 199 2666 et
231 2615 328 2680 ipsi
363 2631 421 2664 se
455 2621 711 2680 opponunt
746 2621 798 2666 et
831 2616 941 2682 regi
976 2620 1158 2676 terrae,
1192 2614 1382 2665 Thesei
1416 2615 1548 2679 filio,
1585 2615 1845 2665 arbitrium

143 2696 215 2745 rei
247 2695 471 2762 permitti
502 2697 691 2749 iubent.

277 2776 378 2825 lam
427 2776 598 2826 audito
649 2776 862 2827 tumultu
897 2776 1193 2842 Demophon
1226 2776 1338 2841 ipse
1373 2792 1489 2826 cum
1525 2775 1682 2827 fratre
1718 2776 1846 2827 Aca-

71 2884 74 2885 r
144 2861 312 2907 mante
344 2858 557 2905 accurrit
584 2856 655 2921 '‘).
724 2857 810 2908 Fit
843 2858 974 2923 apud
1008 2857 1143 2906 illum
1179 2857 1396 2907 iudicem
1423 2858 1676 2906 contentio
1701 2872 1848 2922 prae·

146 2938 286 2987 conis
319 2942 471 3001 atque
505 2937 653 2999 Iolai3
702 2939 836 2988 illius
881 2938 1036 2987 oratio
1085 2938 1244 2987 omnis
1290 2938 1340 2986 in
1386 2937 1615 2987 utilitatis
1657 2937 1850 2987 ratione

142 3017 476 3084 praedicanda
509 3024 757 3069 versatur:
793 3019 1088 3085 Argivorum
1125 3018 1256 3067 enim
1287 3018 1503 3067 amicitia
1527 3024 1712 3082 quanto
1739 3017 1847 3067 He-

136 3093 441 3148 >raclidarum
495 3100 827 3165 praestantior
876 3099 965 3158 sit,
1014 3098 1232 3148 ostendit
1280 3103 1332 3147 et
1375 3098 1564 3149 bellum
1614 3099 1846 3160 minatur,

205 3295 257 3350 *)
289 3288 438 3349 Quum
469 3293 733 3351 saepissime
764 3293 937 3352 gemini
966 3295 1041 3337 vel
1067 3293 1233 3336 fratres
1262 3294 1338 3337 vel
1365 3307 1501 3350 reges
1529 3293 1573 3336 in
1604 3293 1848 3349 antiquita-

286 3364 342 3407 tis
368 3364 535 3408 fabulis
555 3370 772 3422 tanquam
795 3379 884 3408 una
910 3378 1102 3422 persona
1130 3367 1315 3421 agentes
1336 3363 1666 3417 inducerentur,
1686 3369 1848 3420 poetae

282 3435 449 3492 tragici
476 3435 549 3478 his
578 3436 643 3479 sic
671 3435 739 3479 uti
767 3438 997 3492 solebant,
1038 3439 1089 3480 ut
1115 3439 1267 3491 partes
1306 3435 1468 3478 actoris
1506 3436 1582 3478 uni
1609 3435 1845 3492 deferrent,

287 3506 482 3551 alterum
510 3512 682 3552 mutam
712 3521 949 3564 personam
978 3521 1062 3565 pro
1088 3505 1250 3552 comite
1278 3505 1347 3550 illi
1377 3505 1690 3564 adiungerent.

1416 3579 1487 3627 20
