2144 3854
857 316 936 370 17

56 463 237 515 Pudori
283 462 379 512 sibi
428 460 566 511 ducit
598 459 856 511 Menelaus
902 475 999 509 non
1033 462 1288 526 suscipere
1323 463 1610 514 societatem
1643 481 1734 531 pe·

55 545 201 595 riculi
246 559 406 608 neque
451 557 542 607 pro
589 540 772 605 Ulysse
822 556 878 589 se
913 539 1142 590 Diomedi
1190 542 1457 606 adiungere
1491 545 1736 607 comitem,

56 625 143 689 qui
186 629 272 674 aut
312 627 472 672 morte
517 621 654 670 illum
690 619 911 685 eripiat,'
945 623 1031 669 aut
1063 637 1160 670 una
1194 623 1501 672 occumbens
1528 640 1736 690 poenam

58 705 289 765 iniuriae,
325 703 455 766 quod
489 700 675 749 bellum
709 701 936 749 omnibus
971 706 1023 750 et
1057 701 1333 766 periculum
1360 702 1586 754 Diomedi
1620 720 1738 757 con-

57 784 215 847 flarit,
250 784 458 849 patiatur
489 780 836 830 iustissimam:
1641 840 1653 846 „

190 863 338 925 „Aac
373 877 467 926 ego
499 861 648 910 illum
683 862 932 928 eripiam,
969 867 1063 911 aut
1096 861 1183 910 illi
1208 879 1408 929 poenas
1438 862 1736 932 sufferam’'.

59 943 161 994 Sed
194 961 222 992 a
254 942 407 990 fratre
443 941 796 990 contumeliose
830 941 1146 1007 repudiatur,
1194 958 1290 991 non
1326 944 1407 1008 pie
1443 945 1740 995 retrahitur:

56 1024 194 1075 illum
209 1023 335 1072 enim
351 1021 576 1070 Diomedi
590 1022 668 1069 vel
678 1023 848 1086 Ulyssi
864 1039 1034 1087 parem
1049 1022 1407 1087 aequalemque
1428 1040 1542 1074 esse
1567 1028 1740 1091 negat:

186 1102 346 1165 „Illos
377 1109 565 1169 suapte
598 1101 812 1150 indu-vic
844 1102 1034 1163 virum,
1082 1108 1142 1151 tu
1177 1102 1390 1152 laudem
1421 1104 1631 1154 illorum
1664 1105 1739 1154 le-

215 1229 218 1232 .
969 1181 1094 1230 vas’'
1125 1179 1194 1246 *).

55 1263 317 1328 Ulyssem,
361 1263 578 1328 quamvis
625 1261 823 1312 maximi
873 1262 1113 1311 momenti
1149 1267 1317 1314 essent
1364 1269 1565 1330 parteS,
1618 1280 1746 1329 quas

54 1343 296 1393 Diomede
330 1342 592 1392 deferente
627 1343 958 1407 suscipiebat,
1004 1347 1199 1404 tamen,
1236 1344 1464 1408 quoniam
1498 1361 1595 1395 non
1629 1345 1743 1410 plus

55 1423 214 1473 tribus
259 1423 506 1473 actoribus
541 1423 613 1471 uti
645 1422 852 1485 licebat,
903 1423 1108 1472 tacitum
1151 1423 1271 1473 huic
1308 1424 1555 1490 colloquio
1588 1426 1741 1474 inter-

53 1503 215 1563 fuisse
258 1519 466 1553 necesse
512 1506 621 1551 est:
683 1503 815 1566 quod
864 1520 963 1552 non
1010 1505 1343 1565 mirabuntur,
1409 1507 1492 1569 qui
1540 1504 1744 1570 Pyladis

53 1583 200 1648 quale
231 1585 281 1633 in
313 1583 537 1649 pluribus
571 1583 840 1646 tragoediis
875 1598 1053 1631 munus
1090 1584 1157 1631 sit
1191 1586 1562 1649 comparabunt.

189 1662 242 1711 ln
274 1664 369 1711 hac
402 1663 630 1711 Attianae
662 1662 860 1710 fabulae
893 1666 1035 1725 parte
1069 1662 1179 1725 quis
1215 1678 1312 1711 non
1338 1664 1596 1726 Euripidis
1629 1664 1743 1714 imi-

55 1742 292 1792 tationem
327 1740 689 1806 deprehendit?
724 1739 896 1788 Nonne
921 1741 1049 1788 enim
1076 1742 1361 1790 Atridarum
1386 1742 1637 1790 contentio
1661 1758 1745 1792 ea·-

55 1823 170 1872 dem
205 1821 320 1869 huic
355 1821 511 1879 actui,
566 1836 691 1883 quae
727 1819 1007 1883 iphigeniae
1041 1820 1300 1870 Aulidensi
1334 1826 1483 1886 atque
1516 1821 1745 1888 Telepho

55 1901 278 1951 eiusdem
311 1905 492 1965 poetae
527 1899 694 1948 inest?
747 1899 956 1963 Negavit
989 1897 1206 1949 Vaterus
1240 1901 1322 1949 illa
1359 1902 1422 1950 de
1457 1901 1744 1967 Euripideis

56 1996 292 2046 expressa
324 1995 461 2037 esse,
515 1982 802 2045 argumento
837 1978 1036 2042 quidem
1071 1985 1215 2029 utens
1251 1996 1337 2043 ec,
1387 1983 1522 2046 quod
1555 1981 1743 2032 nullum

55 2067 147 2112 est.
181 2061 553 2124 „Quanquam'’,
580 2060 758 2124 inquit,
786 2059 919 2119 „loci
947 2060 1152 2109 mutatio
1177 2060 1224 2108 in
1246 2058 1452 2110 Graecis
1475 2062 1744 2128 tragoediis

55 2157 153 2192 non
187 2141 345 2190 semel
378 2141 658 2206 reperitur,
709 2139 758 2188 in
804 2139 898 2189 hac
934 2144 1101 2188 tamen
1135 2140 1390 2205 tragoedia
1426 2143 1620 2192 omnino
1655 2157 1743 2192 ne-

56 2223 224 2288 quibat
258 2220 497 2270 adhiberi.
566 2219 760 2285 Nempe
795 2221 835 2269 si
869 2220 1086 2269 indolem
1123 2220 1424 2270 Graecarum
1465 2223 1744 2288 tragoedia-

57 2318 173 2353 rum
200 2301 516 2369 perspiciam,
550 2301 622 2350 ibi
655 2305 842 2349 tantum
877 2301 974 2349 loci
1007 2301 1182 2350 mutati
1206 2306 1428 2366 potestas
1456 2302 1626 2365 fuerit,
1659 2302 1746 2352 ubi

57 2383 188 2434 idem
217 2386 383 2432 manet
407 2382 605 2445 chorus,
642 2381 772 2430 sicut
797 2381 846 2428 in
870 2381 1022 2429 Aiace
1049 2380 1327 2446 Sophoclea
1353 2387 1405 2431 et
1430 2383 1478 2430 in
1508 2381 1748 2447 Aeschyli
1833 2375 1838 2382 ’

58 2462 430 2512 Eumenidibus.
502 2461 646 2524 Quod
693 2476 791 2510 non
839 2461 973 2509 cadit
1019 2461 1068 2510 in
1110 2461 1364 2522 Rhesum,
1411 2462 1459 2510 in
1504 2477 1602 2524 qua
1646 2462 1747 2510 illic

59 2541 242 2591 milites
271 2541 480 2598 Graeci,
514 2542 596 2590 hic
629 2539 830 2588 Troiani
863 2541 1068 2589 chorum
1103 2537 1418 2590 efficerent.”
1479 2541 1544 2590 At
1574 2559 1603 2590 a
1626 2556 1746 2606 pro-

59 2621 188 2686 logis
224 2620 402 2669 choros
441 2622 650 2681 abesse,
697 2634 842 2667 nemo
877 2626 954 2666 est
987 2621 1070 2683 qui
1102 2621 1317 2683 ignoret.
1378 2619 1535 2669 Addit
1568 2620 1744 2684 igitur:

63 2701 221 2751 Unica
241 2701 462 2750 restabat
481 2699 575 2760 via,
611 2698 654 2746 si
689 2701 803 2745 ante
832 2697 968 2745 chori
994 2698 1256 2746 adventum
1288 2698 1426 2746 locus
1451 2700 1748 2750 mutabatur.

61 2779 205 2843 Quod
242 2780 436 2845 quantis
473 2777 851 2827 difficultatibus
881 2782 1154 2841 prematur,
1188 2778 1267 2826 vix
1291 2782 1367 2826 est
1390 2793 1514 2842 opus
1540 2779 1746 2827 moneri.
1798 2826 1802 2830 .

62 2860 397 2923 Quomodo
444 2859 608 2908 enim
654 2856 1009 2906 concilium
1062 2857 1459 2906 Graecorum
1519 2858 1746 2906 ducum

60 2941 406 3005 potuisset
454 2937 790 2995 exhiberi,
839 2936 970 2985 nisi
1017 2936 1254 2986 chorus
1302 2953 1405 2986 eos
1453 2937 1745 3001 egisset!

61 3019 310 3084 Equidem
344 3018 589 3083 quomodo
623 3018 720 3066 hoc
756 3016 981 3065 dubitare
1026 3018 1244 3081 potuerit
1291 3019 1367 3066 vir
1413 3017 1746 3078 doctissimae,

62 3101 386 3149 vehementer
429 3099 595 3147 miror.
678 3097 829 3160 Quasi
864 3111 960 3144 non
994 3112 1143 3162 saepe
1178 3097 1391 3146 universi
1424 3097 1596 3161 populi
1629 3113 1746 3146 con-

65 3177 258 3243 cionem,
308 3193 434 3242 quae
466 3193 562 3227 non
597 3181 740 3240 agant
772 3192 1031 3242 personam
1066 3177 1236 3235 chori,
1285 3181 1646 3239 convocentur,
1697 3181 1749 3226 et

65 3258 205 3323 quasi
236 3273 446 3321 unquam
483 3257 623 3307 chori
649 3273 910 3323 personam
946 3273 1094 3323 agere
1125 3257 1286 3322 possit
1319 3272 1440 3323 grex
1473 3256 1745 3316 hominum,

67 3337 206 3388 euius
237 3339 336 3387 duo
368 3352 460 3403 pro
495 3353 554 3387 se
586 3338 797 3406 quisque
828 3339 978 3388 verba
1012 3334 1229 3399 faciunt3
1265 3336 1444 3400 reliqui
1477 3335 1639 3385 silent.

134 3503 176 3559 ·)
203 3503 273 3549 cf.
301 3504 355 3549 ιι.
386 3522 431 3562 η,
460 3503 544 3548 109
558 3528 604 3539 -
622 3505 719 3548 119.

1217 3577 1249 3624 2
