2144 3854
1162 290 1283 348 212

381 437 670 488 inferiorem
720 450 832 484 esse
878 434 1165 486 iudicaverit
1198 453 1288 486 sua
1322 435 1611 486 mortalibus
1646 438 1870 488 omnibus
1903 439 2060 506 impe-

380 518 520 567 randi
554 514 840 579 cupiditate,
879 516 974 565 ‘Et
1005 517 1161 566 sensit
1191 517 1323 565 idem
1360 516 1653 581 EuripideS,
1689 533 1800 567 cum
1836 519 2057 580 Atreum,

379 612 550 660 regem
599 595 990 659 potentissimum
1040 597 1426 659 dominandique
1476 597 1879 661 cupidissimum,
1947 615 2058 649 cum

382 675 628 739 Thyeste,
662 675 818 724 altero
853 675 1097 742 Telepho,
1135 681 1452 740 componeret
1474 676 1649 737 ita,*ut
1667 677 1845 727 eodem
1869 683 2061 728 utrum-

377 771 475 819 que
509 754 724 803 studium
769 755 918 804 animi
963 756 1132 805 habitu
1166 757 1252 804 niti
1285 756 1586 806 ostenderet.
1656 757 1740 805 Sic
1771 757 2058 823 EuripideS,

379 834 510 900 quod
545 840 624 883 est
654 850 942 900 magnorum
976 824 1300 900 ingeniorum,
1337 851 1462 899 quae
1496 841 1697 900 postera
1731 838 1932 886 demum
1973 853 2058 888 ae-

377 919 484 964 tate
515 915 594 964 vel
627 915 677 963 in
712 914 987 965 eruditione
1020 916 1098 964 vel
1132 916 1182 965 in
1215 916 1311 964 vita
1339 922 1571 965 eventura
1603 921 1758 975 erant,
1792 922 1960 966 mente
1982 918 2059 966 di-

378 995 491 1044 vina
523 995 806 1059 anticipavit
858 1001 909 1044 et
956 996 1096 1060 quasi
1147 996 1246 1045 dux
1280 996 1443 1044 factus
1478 1002 1557 1045 est
1590 996 1844 1045 hominum
1880 997 2057 1047 studiis

377 1075 439 1123 ad
475 1090 664 1123 summa
698 1074 1012 1137 enitentibus,
1047 1075 1221 1124 similis
1253 1076 1362 1140 ipse
1386 1074 1629 1140 Telepho,
1665 1077 1748 1140 qui
1773 1077 1835 1126 ad
1857 1076 2057 1126 Troiam

377 1154 748 1221 expugnandam
784 1155 1158 1220 proficiscentes
1193 1155 1256 1204 de
1290 1156 1412 1204 locis
1446 1155 1804 1220 itineribusque
1842 1159 2057 1210 edocuit:

377 1234 423 1284 0
457 1235 675 1300 iniquam
712 1234 1103 1284 criminationem
1138 1250 1326 1294 eorum,
1361 1236 1441 1300 qui
1475 1252 1717 1284 summum
1751 1242 1950 1301 poetam
1980 1236 2057 1286 in-

375 1315 523 1364 fimae
554 1315 688 1379 plebi
719 1313 960 1363 adulando
993 1314 1190 1364 laudem
1222 1321 1272 1364 et
1293 1315 1512 1364 favorem
1544 1321 1771 1380 captasse
1795 1314 2055 1366 accusant!

374 1394 465 1443 llle
510 1410 629 1443 vero
673 1409 995 1458 quaecunque
1037 1395 1248 1443 maxima
1293 1399 1343 1443 et
1388 1395 1673 1460 gravissima
1716 1396 1767 1443 in
1800 1396 2054 1446 hominum

375 1473 496 1528 vita,
531 1474 580 1521 iu
612 1474 761 1522 rebus
794 1474 969 1538 gestis,
1003 1473 1054 1522 in
1086 1473 1390 1538 reipublicae
1422 1474 1859 1532 administratione,
1894 1476 1944 1525 in
1973 1491 2053 1524 ar-

374 1552 499 1602 tium
534 1552 709 1601 studiis
729 1589 743 1610 ,
790 1553 842 1601 in
891 1552 1204 1617 philosophia
1238 1558 1384 1616 atque
1418 1553 1693 1602 eruditione
1722 1554 1916 1604 inerant
1947 1571 2052 1604 am-

374 1631 668 1697 plectendo,
714 1637 765 1681 et
808 1632 1067 1681 verissimo
1112 1632 1291 1681 iudicio
1326 1647 1421 1681 non
1457 1634 1617 1682 minus
1653 1649 1739 1695 ea,
1788 1650 1913 1698 quae
1955 1635 2053 1682 iam

375 1717 488 1762 nata
523 1717 573 1761 et
607 1716 943 1761 consummata
978 1717 1131 1773 erant,
1167 1728 1314 1776 quam
1349 1729 1423 1774 ea,
1458 1729 1600 1777 quae,
1634 1713 1848 1762 nondum
1875 1712 2057 1775 adulta,

374 1793 515 1856 quasi
547 1791 912 1858 germinabant,
961 1793 1227 1841 aestimans
1246 1827 1263 1851 ,
1311 1798 1447 1842 tanta
1478 1793 1802 1843 admiratione
1834 1808 2056 1842 summos

373 1872 670 1936 infimosque
703 1871 907 1932 affecit,
956 1877 1090 1920 tanta
1138 1873 1466 1922 delectatione
1509 1878 1561 1922 et
1605 1874 1685 1936 qui
1731 1873 1959 1938 legebant
2001 1877 2054 1922 et

374 1953 458 2016 qui
492 1952 780 2016 spectabant
814 1967 965 2016 opera
987 1967 1073 1999 sua
1097 1953 1273 2010 tenuit,
1309 1956 1366 2002 ut
1385 1953 1609 2018 proxime
1634 1953 1850 2002 omnium
1885 1957 2053 2016 poeta-

372 2048 485 2081 rum
518 2031 578 2079 ad
613 2031 886 2080 Homerum
920 2031 1214 2080 auctoritate
1248 2035 1300 2080 et
1333 2033 1484 2095 gratia
1517 2034 1790 2080 accessisse
1812 2031 2052 2080 videatur.

373 2112 598 2161 Alterum
634 2110 991 2174 Aristophanes
1025 2108 1251 2174 Telepho
1301 2112 1485 2160 crimen
1531 2111 1766 2172 intendit,
1810 2111 1942 2175 quod
1987 2111 2054 2160 sit

373 2190 691 2255 προςαιτῶν,
726 2188 1015 2254 στωμύλος,
1052 2187 1226 2249 δεινὸς
1258 2188 1426 2255 λέγειν
1458 2189 1526 2254 *).
1594 2192 1847 2240 Habemus
1881 2195 2053 2240 aucto-

373 2287 509 2332 rem,
546 2287 574 2318 a
620 2286 719 2334 quo
770 2271 1003 2320 instructi
1036 2271 1162 2319 hauc
1198 2287 1392 2335 quoque
1426 2271 1649 2320 iniuriam
1684 2270 2050 2336 propulsemus.

373 2350 501 2400 Nam
534 2350 787 2411 Horatius,
823 2355 875 2399 et
907 2351 1050 2400 testis
1100 2350 1518 2415 locupletissimus
1553 2356 1605 2399 et
1638 2351 1787 2400 iudex
1822 2351 2054 2400 sinceris-

374 2431 562 2491 simus,
610 2447 707 2480 non
753 2430 911 2479 solum
960 2447 1055 2479 non
1102 2431 1297 2494 indigna
1331 2430 1582 2494 tragoedia
1616 2446 1730 2479 esse
1763 2431 1946 2478 iudicat
1979 2446 2054 2490 ea,

373 2526 502 2574 quae
535 2529 563 2560 a
595 2510 824 2575 Telepho
857 2510 1111 2576 Euripidis
1153 2512 1406 2572 dicantur,
1469 2511 1558 2559 sed
1617 2512 1764 2558 etiam
1824 2515 2053 2573 tanquam

373 2590 646 2655 exemplari
678 2590 912 2640 orationis
946 2591 1095 2640 rebus
1129 2591 1530 2640 accommodatae
1563 2591 1655 2639 hac
1689 2590 1794 2654 ipsa
1841 2588 2054 2655 Telephi

376 2685 590 2733 persona
623 2671 805 2720 utitur:

506 2751 622 2811 „Et
655 2752 891 2816 tragicus
919 2753 1224 2819 plerumque
1260 2751 1398 2800 dolet
1431 2767 1663 2801 sermone
1690 2751 1924 2818 pedestri

508 2830 854 2896 Telephus
889 2838 940 2881 et
976 2832 1242 2890 PeleuS,
1291 2849 1404 2881 cum
1441 2847 1707 2898 pauper
1751 2837 1814 2879 et
1862 2832 2054 2879 exsul

1230 2918 1444 2978 uterque

505 2988 721 3039 Proiicit
759 2991 1014 3058 ampullas
1050 2998 1101 3040 et
1133 2991 1518 3058 sesquipedalia
1549 2989 1722 3049 verba,

505 3066 569 3115 Si
603 3076 752 3118 curat
787 3087 872 3120 cor
904 3073 1191 3137 spectantis
1224 3072 1459 3136 tetigisse
1491 3071 1717 3135 querela.

509 3146 633 3197 Non
661 3151 790 3198 satis
825 3157 901 3199 est
931 3152 1121 3216 pulcra
1160 3167 1269 3200 esse
1297 3156 1577 3216 poemata:
1614 3150 1790 3199 dulcia
1821 3156 1989 3211 sunto,

502 3226 581 3276 Et
615 3244 916 3295 quocunque
948 3232 1123 3281 volent
1157 3231 1386 3280 animum
1421 3229 1674 3278 auditoris
1712 3238 1924 3296 agunto,

429 3409 478 3463 *)
506 3409 629 3452 Adde
649 3408 762 3452 Nub.
783 3407 893 3451 922:
924 3407 974 3453 ἐκ
1003 3413 1223 3468 πηριδίου
1252 3408 1435 3466 γνώμας
1463 3408 1647 3467 τρώγων
1679 3407 2047 3461 Πανδελετείους,

510 3493 612 3521 cum
642 3479 822 3523 scholiis
851 3479 948 3521 eius
976 3482 1078 3526 loci.
