2144 3854
935 298 1057 357 179

277 445 492 512 «γαμεῖτε
523 445 647 504 νῦν,
679 444 904 511 γαμεῖτε,
934 435 1070 508 κᾷτα
1100 441 1357 510 θνήσκετε

281 524 318 593 ἢ
352 522 714 591 φαρμάκοισιν
746 521 805 582 ἐκ
834 522 1091 589 γυναικὸς
1122 520 1157 589 ἢ
1193 521 1387 584 δόλοις.

151 608 349 672 Aerope
391 607 630 656 arcessita
679 619 906 654 caussam
950 620 1127 671 magno
1173 605 1333 654 animo
1383 610 1436 655 et
1477 604 1655 655 fidenti
1700 606 1840 658 dicit.

149 688 229 737 Ad
261 687 453 752 paterni
486 687 623 750 regni
657 685 969 750 splendorem
1001 689 1256 750 provocat,
1290 685 1352 733 ad
1386 684 1582 736 divitias
1605 691 1656 737 et
1681 686 1840 739 famu-

148 766 306 815 larum
342 766 727 826 multitudinem,
763 780 968 829 quarum
1002 780 1186 829 pompa
1219 764 1432 813 deducta
1471 765 1552 815 sit.
1618 766 1843 832 Denique

148 853 296 912 negat
340 862 397 896 se
428 850 763 895 recusaturum
799 860 943 902 esse,
995 845 1112 908 quin
1146 844 1198 893 in
1230 845 1439 908 patriam
1473 846 1637 894 statim
1669 863 1839 898 rever-

149 930 299 988 tatur,
334 927 379 974 si
412 925 620 989 coniugii
653 924 861 973 Atreum
896 923 1177 990 poeniteat:

284 1004 825 1070 ,‚Sislacoebunt
861 1002 1314 1064 conditiones,
1359 1003 1729 1069 repudiato
1775 1012 1840 1056 et

979 1080 1375 1148 reddito''³‘).

148 1167 250 1217 Sed
284 1167 462 1216 Atreus
493 1180 655 1228 neque
696 1163 998 1213 confidentia
1029 1163 1251 1213 mulieris
1284 1178 1445 1228 neque
1477 1163 1710 1229 precibus
1735 1183 1840 1217 mo·

147 1251 320 1304 vetur,
381 1249 530 1309 atque
587 1244 872 1310 deprecanti
917 1242 1051 1293 idem
1098 1243 1230 1307 quod
1275 1244 1407 1308 apud
1456 1244 1840 1311 Aristophanem

146 1324 326 1390 (Vesp.
360 1323 501 1388 ¹263.)
537 1323 826 1374 Philocleon
858 1324 1021 1372 oranti
1051 1324 1156 1372 filio
1187 1324 1484 1389 respondet:

276 1430 344 1440 —-
474 1432 539 1442 —
671 1430 736 1441 —-
868 1404 1028 1454 τοῦτο
1062 1399 1122 1453 δὲ

276 1477 462 1551 ’Ἅιδης
494 1482 758 1549 διακρινεῖ
785 1483 1047 1550 πρότερον
1079 1481 1114 1550 ἢ
1147 1478 1244 1548 ’γὼ
1275 1481 1537 1549 πείσομαι.

147 1565 413 1617 Postremo
445 1566 770 1626 adimentem,
806 1581 863 1615 se
887 1565 1083 1630 coniugi
1103 1564 1310 1614 studere
1335 1579 1500 1628 neque
1517 1564 1615 1616 hoo
1639 1565 1842 1631 quidem

147 1652 375 1712 tempore
406 1645 560 1695 fidem
594 1645 822 1708 violasse,
857 1661 932 1704 re,
967 1660 1066 1695 non
1110 1644 1277 1694 verbis
1322 1643 1578 1695 declarare
1621 1647 1842 1698 volunta-

147 1732 250 1776 tem
281 1726 447 1775 iubet:

281 1804 548 1857 οὐπώποτ’
582 1802 745 1871 ἔργου
780 1806 984 1869 μᾶλλον
1017 1801 1232 1870 εἱλόμην
1264 1802 1480 1869 λόγους.

149 1886 276 1936 Nam
303 1888 346 1935 si
378 1886 544 1934 mariti
576 1887 802 1946 salutem,
836 1891 892 1935 ut
924 1886 1082 1947 dicat,
1118 1884 1345 1933 omnibus
1377 1884 1528 1934 rebus
1562 1890 1844 1952 anteponat,

149 1966 476 2016 communiter
507 1964 847 2013 ulciscendum
880 1964 1078 2010 hostem
1114 1979 1258 2022 esse,
1304 1964 1353 2011 in
1397 1963 1567 2029 plagas
1615 1966 1714 2015 iam
1748 1968 1844 2018 de·-

149 2046 380 2096 ductum:
431 2043 639 2109 proinde
687 2041 856 2089 caedis
902 2039 1194 2089 societatem
1236 2056 1300 2089 ne
1332 2041 1527 2094 abnuat.
1594 2045 1844 2098 Hom-ente

148 2125 350 2175 sceleris
384 2121 769 2187 magnitudinem
803 2122 1003 2186 Aerope
1037 2121 1342 2185 deorumque
1374 2122 1495 2171 iram
1529 2131 1733 2176 verente
1777 2155 1840 2165 —

277 2199 381 2269 ἐγὼ
411 2201 566 2269 χάριν
600 2199 701 2268 σὴν
735 2200 929 2261 παῖδας
962 2199 1029 2252 οὐ
1061 2201 1364 2252 κατακτενῶ
1398 2229 1463 2239 -

147 2286 328 2336 Atreus
361 2300 602 2351 spernere
634 2300 691 2334 se
726 2284 858 2349 vulgi
890 2283 1172 2349 opinionem
1206 2282 1451 2332 ostendit:

279 2363 410 2432 ὁρᾷς
441 2363 537 2415 τὸν
569 2362 716 2426 ὑψοῦ
751 2362 897 2414 τόνδ’
933 2363 1157 2425 ἄπειρον
1192 2359 1386 2427 αἰθέρα

281 2443 372 2496 καὶ
405 2447 508 2512 γῆν
540 2442 688 2508 πέριξ
723 2441 901 2511 ἔχονθ’
936 2442 1125 2509 ὑγραῖς
1159 2439 1217 2494 ἐν
1250 2441 1530 2508 ἄγκοίλαιςς

284 2527 482 2578 τοῦτον
515 2525 694 2590 νόμιζε
733 2527 901 2592 Ζῆνα,
934 2523 1076 2575 τόνδ’
1110 2523 1250 2590 ἦνοῦ
1284 2523 1431 2587 θεόν,

152 2622 280 2671 quae
310 2608 462 2657 latine
491 2608 642 2656 vertit
675 2606 852 2656 Cicero
887 2605 949 2655 Nl
983 2604 1044 2653 D.
1078 2605 1141 2662 ΙΙ,
1174 2607 1266 2653 252

282 2685 527 2749 „Vides
560 2686 1130 2751 sublimesusum,
1182 2682 1684 2733 immoderatum
1728 2700 1846 2736 ae-

987 2770 1010 2813 t
1023 2763 1057 2812 Ῐι
1072 2780 1100 2812 e
1114 2779 1141 2811 r
1159 2779 1208 2823 a,

288 2845 415 2910 Qui
445 2853 692 2896 tenero
726 2853 981 2895 terram
1006 2843 1466 2893 circumiectu
1494 2843 1845 2910 amplecti-

985 2925 1137 2974 tur?

286 3005 483 3057 Hunc
516 3023 834 3056 summum
867 3005 1110 3055 habeto
1144 3002 1385 3063 divum,
1419 3001 1585 3053 hunc
1611 3003 1846 3070 perhi-

992 3084 1142 3134 beto
1178 3079 1450 3144 Iovem‚'’

157 3172 209 3218 et
238 3166 524 3218 reddiderat
558 3166 706 3216 etiam
739 3166 955 3215 Ennius:

290 3245 619 3313 „Adspice
664 3245 787 3295 hoc
835 3244 1116 3295 sublime
1151 3242 1478 3304 candens,
1529 3259 1712 3310 quem
1747 3259 1849 3292 vo-

1013 3331 1168 3374 cant
1204 3340 1344 3374 omn
1362 3340 1424 3373 es
1460 3321 1710 3374 lovem”
1733 3321 1828 3385 ²²²²³).

227 3423 280 3479 ²²)
307 3425 441 3468 Ennii
466 3424 636 3482 ftagm.
664 3439 707 3467 n.
734 3424 777 3468 6.

207 3493 283 3549 Η)
311 3494 381 3537 ef.
412 3495 576 3538 Matth.
616 3495 771 3539 incert.
801 3494 967 3551 fragm.
995 3507 1037 3536 n.
1061 3493 1102 3535 1.
1161 3493 1334 3538 Welck.
1360 3509 1402 3550 p.
1424 3492 1523 3536 682.
1581 3488 1851 3535 Celebratis-

306 3564 423 3609 simu
449 3566 566 3610 haec
593 3567 711 3622 apud
734 3564 936 3622 antiquos
953 3563 1146 3609 fuerunt.
1484 3631 1510 3663 *

1410 3636 1471 3682 12
