2144 3854
1140 275 1263 335 206

369 426 565 492 Ulyssis
597 423 764 485 verba,
797 437 924 489 quae
956 421 1142 474 dicenv
1158 422 1299 472 illum
1327 421 1466 486 quasi
1494 422 1591 473 iam
1616 423 1940 477 constrictum
1955 432 2032 479 te-

369 513 471 565 net,
505 507 628 555 haec
663 508 803 553 sunt:

496 583 527 635 ὁ
560 583 607 634 δ’
642 582 742 634 εἴτε
775 581 970 643 Μυσὸς
1005 581 1105 634 εἴτε
1135 581 1399 634 κᾶλλοθέν
1428 584 1618 647 ποθεν,

499 663 600 716 οὐκ
630 659 745 715 ἔσθ’
779 661 922 727 ὅπως
954 662 1021 714 οὐ
1061 663 1298 731 Τήλεφος
1329 661 1635 730 γνωρίζεται
1653 662 1722 731 *).

364 747 465 797 lam
497 761 615 795 vero
648 744 832 808 Ulysse
863 749 1011 810 atque
1042 747 1410 812 Agamemnone
1426 751 1636 795 mortem
1662 746 2033 811 intentantibus,

361 842 525 887 unam,
559 840 766 889 eamque
798 825 1055 886 infirmam,
1090 841 1228 890 spem
1265 827 1357 875 sibi
1391 827 1598 889 relinqui
1628 825 1803 876 videns
1833 848 1902 864 —·

494 903 651 971 λεπτή
684 920 762 964 τις
794 901 936 964 ἐλπίς
969 901 1088 967 ἐστ’,
1123 903 1208 971 ἐφ’
1240 895 1304 972 ἧς
1337 904 1605 972 ὀχούμεθα
1627 904 1710 971 **)
1742 933 1810 944 -—

363 987 412 1036 in
459 987 727 1035 sacrarium
772 1001 827 1034 se
872 986 1140 1035 coniiciens
1184 985 1422 1036 infantem
1468 988 1533 1036 de
1581 987 1835 1036 cunabulis
1898 989 2030 1054 rapit

363 1082 575 1130 eumque
607 1081 663 1115 se
696 1065 1068 1115 interfecturum
1104 1081 1216 1115 esse
1247 1068 1516 1127 minitatur,
1553 1066 1649 1116 nisi
1675 1067 2027 1132 Agamemnon,

362 1162 507 1211 quam
540 1145 691 1194 fidem
724 1146 890 1210 ignoto
923 1145 1170 1210 pollicitus
1206 1147 1287 1207 sit,
1323 1148 1529 1196 eandem
1554 1152 1777 1211 praestet
1805 1149 2024 1213 cognito:

489 1222 687 1290 πληγὲν
718 1223 950 1292 μαχαίρᾳ
980 1224 1107 1292 τῇδε
1139 1225 1352 1291 φοινίας
1386 1223 1585 1292 φλέβας

488 1305 878 1371 καθαιματώσει
909 1305 1094 1372 βωμόν
1114 1303 1238 1372 ***).

357 1385 470 1436 Hoc
502 1387 712 1436 tumultu
746 1387 907 1437 excita
938 1388 1151 1436 accurrit
1181 1387 1350 1454 regina
1384 1403 1536 1451 seque
1578 1386 1846 1452 interponit
1873 1387 2024 1453 mea).

356 1465 689 1532 indignantem
725 1466 1138 1531 Agamemnonem
1172 1466 1388 1533 Telephi
1420 1466 1577 1516 oratio
1610 1468 1828 1534 mitigat:

480 1538 827 1611 Ἀγάμεμνον,
863 1543 980 1596 οὐδ’
1014 1543 1059 1596 εἰ
1090 1544 1316 1597 πέλεκυν
1349 1544 1408 1597 ἐν
1438 1548 1618 1613 χεροῖν
1649 1544 1782 1614 ἔχων

484 1624 662 1690 μέλλοι
694 1643 772 1686 τις
805 1624 877 1686 εἰς
907 1625 1166 1693 τράχηλον
1199 1623 1445 1694 ἐμβαλεῖν
1477 1624 1622 1693 ἐμόν,

486 1706 784 1773 σιγήσομαι,
820 1706 997 1758 δίκαιοί
1027 1709 1077 1774 γ’
1112 1707 1373 1759 ἀντειπεῖν
1405 1704 1539 1774 ἔχων
1563 1705 1638 1773 †).

354 1787 502 1846 Tum,
536 1788 759 1836 fraudem
796 1805 1052 1851 excusans,
1084 1806 1181 1839 non
1216 1791 1500 1855 speculandi
1533 1805 1589 1838 se
1623 1802 1797 1837 caussa
1826 1788 2023 1839 venisse

354 1868 587 1928 ostendit,
631 1885 790 1933 neque
837 1870 953 1918 ficta
988 1884 1100 1918 esse
1143 1886 1270 1933 quae
1319 1871 1382 1919 de
1426 1868 1648 1918 remedio
1681 1866 1896 1916 vulneris
1931 1868 2018 1918 de-

353 1964 450 2013 que
483 1948 726 2013 Apollinis
761 1949 958 1998 oraculo
993 1949 1420 2012 Clytaemnestrae
1451 1940 1690 1997 retulerit.
1756 1947 1932 2011 Neque
1962 1962 2019 1998 se

349 2026 547 2077 hostem
581 2028 787 2077 Graecis
820 2043 962 2089 esse,
996 2044 1182 2092 neque,
1219 2044 1328 2076 cum
1364 2029 1428 2077 sit
1460 2027 1709 2093 sanguinis
1742 2028 2018 2077 necessitu-

350 2107 464 2156 dine
499 2123 608 2156 cum
642 2107 704 2165 iis
739 2109 1055 2169 coniunctus,
1103 2107 1436 2157 dubitaturum
1489 2107 1649 2156 fuisse
1695 2123 1811 2168 eos,
1853 2108 1894 2156 si
1925 2124 2017 2173 per

347 2186 535 2251 legatos
570 2202 626 2235 se
659 2187 918 2248 adiissent,
971 2187 1188 2252 hospitio
1232 2189 1460 2252 excipere
1495 2191 1547 2236 et
1580 2188 1765 2236 donare
1799 2188 2017 2237 muneri-

346 2266 438 2316 bus
466 2265 578 2331 ††).
643 2266 878 2332 Mitigato
913 2268 1008 2316 iam
1042 2268 1422 2333 Agamemnone,
1457 2272 1663 2332 repente
1688 2266 1909 2316 Achilles
1934 2284 2013 2316 ar-

412 2407 459 2462 ⁸)
489 2407 745 2464 Olympiod.
785 2408 843 2450 ad
883 2409 997 2451 Plan
1030 2408 1166 2465 Gorg.
1198 2423 1242 2464 p.
1269 2408 1367 2450 521.
1395 2408 1450 2450 Β.
1506 2407 1652 2450 Verba
1681 2405 2014 2461 corruptissima

484 2478 741 2521 traduntur:
782 2478 826 2520 in
868 2478 1028 2533 quibus
1058 2479 1343 2521 emendandis
1370 2483 1545 2520 secutus
1573 2492 1672 2519 sum
1701 2478 1849 2520 virum
1875 2492 2013 2533 quen-

484 2548 589 2590 dam
619 2549 798 2591 doctum
827 2549 871 2591 in
901 2549 1011 2591 actis
1039 2549 1122 2592 litt.
1150 2549 1440 2592 Hallensibus
1469 2548 1573 2591 anni
1601 2546 1728 2590 1840.
1757 2548 1810 2591 Ν.
1838 2547 1880 2591 8.
1897 2563 1942 2604 p.
1957 2547 2013 2590 57

481 2632 602 2673 seqq.
662 2620 732 2662 Cf.
760 2620 887 2662 Iahn.
920 2635 961 2674 p.
992 2619 1063 2661 28.

385 2690 451 2744 n)
479 2689 704 2744 Aristoph.
732 2690 814 2743 Eq.
845 2704 888 2730 v.
918 2687 1044 2731 1244.

363 2760 452 2814 ***)
481 2759 705 2814 Aristoph.
735 2760 918 2801 Thesm.
947 2758 1071 2812 693„
1112 2772 1199 2813 quo
1235 2760 1335 2801 loco
1361 2760 1477 2801 haec
1502 2757 1715 2800 dramatis
1740 2769 1847 2812 pars
1873 2755 1919 2799 in
1945 2755 2009 2800 ri-

478 2830 673 2872 diculum
701 2829 984 2871 convertitur.

339 2901 448 2953 ****)
477 2901 579 2941 Hoc
613 2899 782 2941 factum
824 2913 922 2941 esse
963 2902 1056 2940 tam
1093 2913 1146 2940 ex
1183 2897 1428 2941 imitatione
1465 2895 1772 2951 Aristophanis
1798 2897 2006 2952 (Thesm.

477 2968 602 3019 695.)
633 2982 765 3023 quam
795 2983 850 3011 ex
877 2968 1017 3024 signis
1043 2967 1226 3011 caelatis
1240 2999 1253 3020 ,
1291 2980 1403 3022 quae
1443 2966 1555 3008 Iahn
1583 2965 1895 3021 interpretatus
1923 2971 2004 3021 est,

473 3038 751 3095 intelligitur.

390 3109 443 3164 †)
472 3109 677 3151 Imitatus
707 3112 773 3151 est
801 3109 916 3151 haec
945 3121 1118 3163 quoque
1145 3107 1369 3163 Aristoph.
1399 3106 1593 3149 Acharn.
1623 3105 1734 3149 318:
1762 3103 1878 3164 ’ὑπὲρ
1901 3105 2004 3150 ἐπι-

477 3178 619 3233 ξήνου
648 3177 833 3233 θελήσω
862 3176 943 3221 τὸν
971 3177 1187 3233 Κέφαλον
1215 3177 1327 3234 ἔχων
1355 3174 1513 3231 λέγειν.

360 3248 448 3304 ††)
477 3249 633 3306 Dictys
657 3250 714 3301 ΙΙ,
736 3248 787 3290 5:
817 3249 1049 3304 „ipsorum
1076 3249 1237 3304 potius,
1266 3248 1341 3301 ait,
1369 3249 1501 3301 culpa
1529 3246 1714 3299 factum,
1743 3245 1861 3300 quod
1887 3245 2003 3288 ami-

473 3319 672 3362 cissimos
701 3323 745 3362 et
774 3319 942 3361 iunctos
978 3318 1062 3360 sibi
1103 3319 1279 3375 generis
1315 3317 1535 3361 affinitate
1562 3328 1703 3374 regno
1730 3329 1810 3357 suo
1839 3316 2002 3370 appul-

473 3403 547 3432 sos
574 3389 870 3447 ignoraverit:
899 3388 1243 3443 praemittendos
1270 3386 1434 3431 etenim
1459 3387 1622 3442 fuisse,
1651 3399 1732 3442 per
1759 3398 1894 3441 quos,
1925 3380 2002 3427 co-

471 3459 595 3515 gnito
633 3474 788 3504 eorum
828 3458 1041 3514 adventu,
1094 3459 1274 3502 obviam
1323 3456 1389 3500 ire
1434 3457 1710 3513 gratulatum
1760 3453 2002 3511 oportuerit
