2176 3874
930 259 1051 316 399

237 438 243 445 -
276 405 389 456 Non
421 405 575 457 multo
608 411 726 472 post
764 405 1173 471 Bellerophontes
1206 405 1310 456 sive
1342 406 1461 456 fato«
1481 407 1582 456 sive
1615 421 1677 456 ex
1710 407 1815 457 vul-

146 502 269 536 nere
311 486 362 535 in
405 502 567 551 pugna
615 491 820 549 accepto
864 487 1084 536 moritur.
1154 486 1264 535 Hoc
1311 502 1408 536 non
1453 487 1561 536 sine
1605 486 1817 536 numinis

145 566 369 625 alicuius,
398 565 665 624 Minervae,
694 565 862 620 credo,
889 581 982 628 qua
1008 581 1126 613 usus
1152 572 1256 614 erat
1281 566 1510 628 fautrice,
1537 567 1817 616 interventu

147 646 312 695 evenit
345 642 410 708 *).
478 643 639 691 Huius
675 650 805 703 erat,
850 643 1148 693 voluntatem
1183 648 1360 695 summi
1404 647 1617 695 numinis
1668 653 1820 712 atque

147 725 348 775 consilia
380 723 644 787 explanare
678 724 922 787 simulque
956 724 1019 772 de
1044 723 1219 788 Pegasi
1244 725 1524 775 conditione
1557 733 1610 776 et
1631 731 1819 777 mutato

145 819 332 870 genere
378 802 535 851 officii
587 802 748 868 deque
781 803 957 853 Glauci
1006 803 1104 852 vita
1149 803 1317 853 futura
1364 805 1563 855 docere.
1632 809 1704 857 Ac
1755 808 1820 856 de

144 883 336 950 Pegaso
369 883 568 947 quidem
603 883 787 931 dictum
823 888 901 932 est
932 883 1054 932 illud
1088 884 1139 941 in
1171 884 1424 950 Aristoph.
1460 885 1573 936 Pac.
1607 889 1735 936 ⁷21:

275 961 371 1027 ὑφ’
404 960 590 1028 ἅρματ’
627 959 798 1014 ἐλθὼν
834 963 1007 1030 Ζηνὸς
1038 962 1445 1028 ἀστραπηφορεῖ
1473 963 1566 1028 ³²³².)

146 1044 544 1108 Bellerophontis
591 1052 754 1094 autem
808 1061 1018 1109 magno,
1065 1051 1118 1093 ut
1164 1046 1233 1092 ait
1276 1046 1539 1105 AelianuS,
1590 1047 1820 1112 elatoque

146 1124 310 1176 animo
344 1131 550 1173 mortem
585 1125 939 1186 occumbentis,
973 1126 1100 1174 haec
1135 1131 1250 1175 sunt
1280 1126 1456 1175 verbaz

279 1197 489 1279 difflue
621 1232 684 1243 —
821 1234 879 1241 —
1016 1234 1079 1240 —
1212 1233 1278 1244 —
1413 1233 1474 1243 —

275 1278 403 1352 ἦσθ’
439 1283 512 1345 εἰς
543 1277 708 1346 θεοὺς
738 1281 836 1350 μὲν
868 1285 1104 1354 εὐσεβής,
1138 1283 1214 1337 ὅτ’
1247 1278 1387 1352 ἧσθ’,
1420 1283 1500 1337 ἀεὶ

277 1364 445 1430 ξένοις
474 1368 520 1416 τ’
555 1364 817 1434 ἐπήρκεις,
854 1366 971 1419 οὐδ’
1003 1365 1221 1434 ἔκαμνες
1254 1366 1328 1428 εἰς
1360 1366 1569 1433 φίλους.

276 1448 460 1498 Mirum
493 1455 604 1508 est,
650 1448 781 1513 quod
817 1449 1004 1498 Seneca
1051 1450 1175 1499 dicit
1210 1466 1270 1499 eo
1302 1450 1439 1511 loco,
1487 1465 1585 1514 quo
1628 1464 1822 1509 versuS‚

144 1544 269 1593 quos
304 1545 456 1594 supra
486 1531 771 1595 posuimuS‚
823 1531 1091 1579 convertit:
1136 1529 1296 1591 „Cum
1342 1531 1395 1579 hi
1426 1529 1678 1580 novissimi
1711 1545 1823 1579 ver·

145 1625 232 1660 sus
264 1612 317 1659 in
351 1610 604 1674 tragoedia
637 1609 889 1674 Euripidis
924 1611 1222 1674 pronuntiati
1256 1617 1453 1672 essent,
1498 1615 1631 1659 totus
1666 1626 1822 1675 popu-

147 1690 223 1738 lus
260 1691 322 1740 ad
357 1689 646 1739 eiiciendum
684 1697 735 1737 et
779 1695 997 1738 actorem
1045 1699 1097 1739 et
1145 1707 1342 1739 carmen
1386 1691 1694 1740 consurrexit
1726 1705 1824 1740 uno

148 1771 356 1835 impetu,
389 1771 549 1819 donec
574 1769 841 1833 Euripides
875 1771 924 1818 in
957 1771 1176 1820 medium
1210 1772 1320 1835 ipse
1354 1772 1591 1836 prosiluit,
1626 1774 1823 1836 peten8‚

149 1857 205 1900 ut
237 1855 584 1916 exspectarent
617 1850 969 1913 viderentque,
1007 1867 1151 1914 quem
1188 1852 1460 1901 admirator
1493 1851 1601 1900 auri
1635 1852 1822 1900 exitum

149 1931 358 1984 faceret.
425 1929 584 1978 Dabat
617 1930 664 1977 in
699 1929 781 1978 illa
816 1929 982 1978 fabula
1015 1947 1202 1994 poenas
1235 1932 1665 1996 BellerophonteS‚
1701 1946 1824 1993 quas

145 2011 197 2061 in
243 2027 332 2060 sua
376 2011 585 2075 quisque
631 2011 740 2058 datz
786 2011 916 2058 nulla
964 2012 1094 2059 enim
1142 2013 1340 2060 avaritia
1386 2013 1493 2061 sine
1536 2027 1694 2076 poena
1728 2017 1824 2072 est,

146 2091 368 2156 quamvis
402 2093 523 2140 satis
558 2092 623 2139 sit
654 2091 764 2156 ipsa
797 2091 1116 2154 poenarum.''
1184 2092 1421 2141 Profecto
1455 2093 1584 2140 hunc
1619 2107 1827 2141 necesse

146 2176 234 2221 aut
267 2172 399 2220 aliud
434 2171 625 2236 agendo
658 2171 755 2219 hoc
791 2170 957 2220 drama
990 2172 1169 2235 legisse
1194 2179 1279 2221 aut
1307 2189 1369 2221 ne
1393 2172 1577 2239 legisse
1606 2172 1824 2236 quidem,

146 2257 234 2302 aut
265 2252 524 2301 vacillante
541 2252 780 2299 memoria
799 2267 970 2314 parum
1001 2259 1135 2301 recte
1158 2254 1474 2303 recordatum
1498 2268 1609 2300 esse
1634 2267 1823 2310 eorum,

149 2348 276 2397 quae
308 2332 503 2397 pridem
552 2331 773 2394 legisset.
843 2331 1100 2392 Quomodo
1149 2335 1278 2383 enim
1331 2333 1671 2382 admirationis
1718 2332 1826 2380 auri

151 2412 585 2476 Bellerophontem
619 2426 852 2458 accusare
887 2412 1048 2474 potuit
1081 2412 1228 2476 plane
1270 2414 1555 2476 diserteque
1579 2413 1824 2461 dicentem

148 2509 294 2541 unam
329 2507 391 2540 ex
424 2492 608 2549 tribus,
647 2491 858 2547 divitiis,
895 2492 1089 2556 generis
1124 2494 1372 2543 nobilitate
1419 2498 1826 2558 paupertateque‚

146 2572 274 2620 hanc
319 2571 556 2635 optimam
603 2570 846 2634 longeque
890 2571 1078 2630 duabus
1123 2573 1324 2637 reliquis
1369 2574 1499 2622 vitae
1535 2572 1825 2621 conditioni-

148 2652 240 2701 bus
274 2651 650 2717 praeferendam
686 2651 836 2700 esse‘!
902 2651 1113 2701 Hiccine
1153 2659 1210 2701 ut
1242 2670 1414 2702 aurum
1446 2653 1711 2701 admiratus
1748 2653 1826 2711 sit,

148 2733 233 2796 qui
266 2737 470 2797 propter
500 2731 627 2779 hanc
654 2732 1022 2782 admirationem
1057 2733 1337 2782 universum
1365 2749 1520 2798 genus
1548 2732 1827 2782 mortalium

148 2818 438 2878 aspernatus
474 2817 553 2860 est
583 2827 876 2876 omnemque
910 2812 1157 2862 hominum
1184 2829 1502 2879 congressum
1529 2814 1688 2863 vitare
1708 2828 1827 2863 con-

212 3028 264 3084 *)
290 3028 484 3072 Pausan.
521 3028 590 3084 Π,
626 3025 669 3070 4.
709 3043 752 3084 p.
784 3026 896 3071 119:
933 3024 1126 3084 Ἀθηνᾶν
1151 3026 1240 3087 γὰρ
1267 3029 1395 3074 θεῶν
1430 3028 1629 3087 μάλιστα
1656 3042 1829 3086 συγκα-

285 3097 597 3156 τεργάσασθαι
634 3097 692 3142 τά
726 3114 774 3143 τε
814 3096 929 3143 ἄλλα
965 3099 1308 3158 Βελλεροφόντῃ
1347 3101 1462 3158 φασὶ
1500 3100 1580 3145 καὶ
1630 3099 1693 3153 ὥς
1744 3099 1830 3145 τὸν

287 3167 509 3226 Πήγασόν
550 3169 595 3213 οἱ
622 3170 880 3228 παραδοίη,
916 3169 1222 3229 χειρωσαμένη
1261 3187 1312 3218 τε
1349 3171 1427 3216 καὶ
1472 3170 1660 3216 ἐνθεῖσα
1706 3170 1825 3228 αὐτὴ

289 3231 353 3299 τῷ
382 3240 506 3297 ἵππῳ
535 3241 737 3296 χαλινόν.

188 3310 267 3366 *ἢ
294 3312 425 3366 Quod
463 3311 750 3367 Asclepiades
788 3313 888 3354 loco
907 3342 918 3363 ,
959 3325 1094 3366 quem
1131 3326 1268 3368 supra
1307 3313 1555 3369 posuimuS‚
1601 3314 1827 3370 Pegasum

288 3381 490 3424 Aurorae
528 3382 739 3425 traditum
776 3396 871 3425 esse
914 3381 1138 3436 affirmat,
1187 3383 1364 3427 aliunde
1405 3384 1594 3441 petitum
1632 3387 1725 3436 est3
1767 3383 1826 3427 cf.

293 3451 495 3502 Orestem
525 3452 751 3509 Euripidis
777 3467 822 3496 v.
851 3450 951 3496 995.
981 3458 1026 3498 et
1053 3452 1279 3510 Lycophr.
1310 3470 1356 3498 v.
1385 3455 1456 3499 1¹1.
