2144 3854
931 224 1013 283 ’Π

141 375 384 442 exemplo,
418 390 513 440 qua
543 373 732 424 ratione
765 375 934 421 noster
974 370 1250 420 fabularum
1284 370 1539 422 materiam
1572 385 1634 422 ex
1665 386 1810 437 prae-

141 457 268 506 senti
300 455 550 505 hominum
582 455 676 503 vita
709 453 979 516 decerpere
1006 454 1059 498 et
1103 452 1380 500 recentibus
1414 452 1556 502 factis
1588 452 1810 516 antiquas

138 534 733 586 fabulas-accommodare
767 532 831 581 sit
858 531 1048 580 solitus.
1115 529 1189 578 De
1222 532 1459 580 caecitate
1485 533 1613 582 enim
1645 532 1810 581 Phoe-

139 617 264 666 nicis
299 620 413 665 ante
444 613 728 679 Euripidem
762 627 906 659 nemo
939 609 1185 676 cogitasse
1216 610 1440 671 videtur,
1474 627 1632 675 neque
1665 612 1812 661 facile

139 697 284 744 huius
318 695 591 743 mutationis
627 707 800 740 caussa
834 690 1164 748 inveniretur,
1198 690 1291 739 nisi
1326 706 1432 739 eam
1465 692 1659 741 aliunde
1691 692 1813 740 inla-

141 780 241 823 tam
275 791 389 823 esse
422 774 481 822 ab
516 772 816 835 Hieronymo
851 770 1158 821 doceremur.
1228 769 1458 819 Ceterum
1494 771 1590 818 hoc
1618 772 1815 820 demum

140 859 527 920 temperamento
560 853 756 901 invento
789 849 1018 910 fabulam,
1054 865 1196 913 quam
1231 849 1387 898 refert
1414 849 1678 912 Homerus,
1711 857 1815 900 tra-

139 933 344 997 goediae
376 937 537 998 aptam
571 932 724 979 fuisse
769 929 1084 978 manifestum
1135 935 1230 980 est.
1297 930 1512 995 Egregie
1561 930 1660 978 hoc
1695 947 1816 995 quo-

142 1030 238 1077 que
271 1012 477 1074 novavit,
513 1010 643 1075 quod
675 1011 918 1059 insontem
954 1009 1148 1058 effinxit
1178 1009 1562 1070 adolescentem,
1598 1010 1649 1058 id
1687 1010 1818 1075 quod

142 1092 330 1141 duabus
365 1091 429 1142 de
460 1091 648 1140 caussis
682 1090 742 1138 ab
777 1106 836 1138 eo
870 1089 1055 1138 factum
1090 1106 1202 1139 esse
1236 1090 1458 1151 videtur,
1506 1106 1708 1155 quarum
1744 1095 1820 1139 est

141 1172 325 1232 altera,
373 1171 505 1235 quod
550 1171 762 1219 studium
813 1185 1126 1233 amoremque
1160 1176 1491 1234 spectatorum
1524 1171 1672 1220 huius
1705 1186 1819 1235 per-

143 1267 293 1300 sonae
327 1267 569 1300 summum
602 1250 848 1299 conciliari
882 1248 1091 1307 volebat,
1128 1249 1305 1310 altera,
1342 1249 1471 1315 quod
1504 1251 1695 1300 virtutis
1727 1252 1820 1299 ho-

143 1331 446 1395 aestatisque
480 1330 728 1391 exemplar
760 1328 1078 1395 proponendo
1121 1329 1352 1378 virtutem
1398 1346 1510 1378 sese
1555 1347 1668 1379 esse
1701 1347 1820 1379 con-

143 1415 346 1471 tentam,
383 1411 793 1475 quemadmodum
828 1411 891 1458 ad
923 1411 1065 1467 bene,
1101 1409 1173 1457 sic
1208 1411 1357 1459 etiam
1379 1411 1440 1459 ad
1482 1410 1625 1459 beate
1658 1412 1820 1460 viven-

144 1491 280 1552 dum,
316 1491 578 1540 ostendere
610 1489 866 1550 studebat,
915 1488 1052 1537 cuius
1096 1491 1287 1552 generis
1320 1491 1541 1539 homines
1586 1491 1821 1539 meudi-

148 1586 256 1618 cos
300 1570 676 1632 mutilosque
722 1568 971 1634 appellare
1018 1568 1241 1617 collibuit
1275 1570 1603 1634 Aristophani.
1670 1570 1822 1620 Prae—

147 1653 284 1697 terea
319 1648 492 1714 dignus
526 1647 622 1697 fuit
655 1647 893 1707 Achillis,
926 1647 1105 1696 summi
1135 1649 1256 1709 viri,
1291 1650 1555 1712 educator,
1603 1650 1686 1714 qui
1720 1655 1824 1699 tur-

149 1729 369 1795 pitudine
391 1733 615 1778 vacaret:
647 1743 806 1791 neque
834 1727 963 1775 enim
983 1728 1234 1791 Euripidis
1259 1733 1422 1778 aetate
1447 1730 1671 1779 homines
1695 1732 1826 1793 talia,

151 1809 312 1873 qualia
343 1812 502 1856 matre
536 1808 771 1856 suadente
805 1807 1023 1855 Phoenix
1045 1807 1353 1856 commisisse
1377 1809 1573 1869 dicitur,
1607 1813 1708 1858 tam
1739 1811 1826 1860 be-

150 1889 320 1952 nigne,
370 1903 513 1951 quam
547 1887 631 1949 qui
678 1887 950 1935 Homerum
996 1885 1325 1948 audiverunt,
1358 1888 1636 1938 excusaturi
1669 1889 1828 1941 fuisse

150 1968 391 2017 videntur.

280 2048 411 2098 Fere
443 2047 891 2114 praestantissimae
926 2047 1178 2112 Euripidis
1222 2045 1418 2098 fabulae
1460 2052 1573 2098 sunt
1617 2066 1734 2113 eae,
1776 2051 1830 2102 in

151 2130 324 2195 quibus
361 2129 667 2178 inveniendis
702 2129 943 2176 neminem
967 2127 1152 2189 habuit,
1187 2143 1332 2191 quem
1353 2129 1644 2192 imitaretur,
1680 2136 1732 2180 et
1754 2131 1829 2180 in-

148 2215 307 2260 tactas
341 2227 369 2258 a
401 2209 602 2273 reliquis
635 2209 860 2258 materias
906 2208 1088 2273 ingenii
1136 2207 1357 2257 sollertia
1400 2209 1590 2274 primus
1636 2214 1830 2275 tragoe-

151 2290 262 2341 diae
289 2290 693 2339 accommodavit.
759 2289 826 2337 Et
868 2304 1092 2354 magnam
1126 2286 1287 2337 fuisse
1316 2287 1582 2338 Phoenicis
1633 2290 1829 2340 laudem

150 2370 297 2420 testis
331 2375 407 2419 est
438 2370 644 2428 Ennius,
683 2370 764 2433 qni
796 2368 944 2417 latine
977 2368 1211 2428 reddidit,
1245 2369 1387 2417 testis
1422 2368 1642 2433 Ovidius,
1676 2371 1831 2436 pluri-

152 2450 245 2500 bus
279 2450 403 2498 locis
436 2449 498 2497 ad
531 2450 668 2498 illum
703 2449 1000 2513 respiciens,
1032 2449 1248 2512 itemque
1281 2449 1831 2514 Propertius,'Cicero,

155 2530 448 2588 Aeschines,
482 2528 859 2587 Demosthenes,
893 2527 1079 2577 Plinius
1118 2527 1284 2592 (epist.
1318 2526 1404 2591 IV,
1439 2527 1561 2594 26.)‚
1596 2531 1833 2581 Arrianus

158 2608 299 2675 (diss.
334 2608 503 2673 Epict.
539 2608 575 2659 l.
613 2625 653 2657 c.
700 2609 780 2656 28.
824 2625 873 2672 p.
924 2607 1093 2670 149.)‚
1130 2607 1370 2655 Diodorus
1406 2607 1503 2656 Sic.
1540 2604 1674 2672 (XII,
1712 2613 1834 2677 14.)‚

157 2690 387 2741 Clemens
441 2688 581 2738 Alex.
625 2689 807 2752 aliique
856 2686 1011 2736 multi.
1094 2686 1262 2735 Testis
1310 2687 1523 2751 denique
1566 2693 1644 2736 eat
1689 2692 1836 2739 etiam

156 2768 538 2834 Aristophanes,
599 2769 680 2833 qui
729 2767 925 2833 quidem
971 2768 1020 2815 in
1066 2767 1346 2828 comoedia,
1397 2782 1540 2830 quam
1585 2767 1837 2834 inscripsit

148 2843 464 2914 Ἀνάγυρος,
514 2865 609 2899 non
646 2849 801 2898 solum
836 2848 1179 2912 Hippolytum,
1228 2847 1318 2895 sed
1352 2848 1501 2896 etiam
1536 2846 1838 2900 Phoenicem

157 2932 208 2980 in
241 2931 394 2978 risum
429 2931 700 2979 detorsisse
730 2929 949 2988 videtur3
984 2927 1049 2976 cf.
1087 2926 1263 2992 Bergk.
1301 2925 1473 2990 fragm.
1503 2928 1760 2994 Aristoph.
1789 2948 1836 2996 p.

157 3012 221 3060 ‘11
256 3025 393 3074 seqq.
460 3009 515 3058 In
562 3009 770 3058 theatris
821 3012 999 3073 quanta
1040 3007 1194 3071 gloria
1238 3008 1334 3056 hoc
1379 3009 1547 3056 drama
1598 3009 1838 3071 floruerit,

160 3107 220 3140 ex
262 3089 612 3139 Demosthenis
661 3088 883 3138 oratione
934 3087 997 3136 de
1040 3087 1163 3136 falsa
1198 3087 1291 3152 leg.
1327 3105 1376 3152 p.
1412 3090 1524 3135 416.
1560 3088 1840 3155 intelligere

160 3170 293 3231 licet,
329 3185 423 3235 quo
458 3170 584 3228 loco,
619 3185 767 3234 quum
801 3184 970 3217 versus
997 3157 1108 3216 illos
1147 3168 1494 3217 celeberrimos
1522 3168 1583 3217 de
1618 3171 1839 3218 moribus

161 3265 225 3299 ex
280 3251 525 3300 consortio
579 3250 829 3298 hominum
878 3248 1188 3297 aestimandis
1235 3247 1390 3297 dictos
1447 3249 1497 3296 in
1544 3248 1841 3299 Aeschinem

162 3334 497 3394 retorqueret,
553 3329 947 3379 commemoravit
982 3327 1240 3378 Phoenicis
1272 3344 1531 3394 personam
1575 3345 1603 3377 a
1637 3329 1841 3378 Molone

163 3408 365 3472 aliisque
397 3410 670 3460 artificibus
705 3409 942 3472 sceniciS,
990 3408 1074 3473 qui
1108 3409 1289 3473 primas
1323 3414 1487 3474 partes
1522 3410 1837 3471 sustinerent,
