2176 3874
939 299 1059 357 391
1107 343 1111 346 -

295 446 524 515 Σφαγὰς
557 445 616 500 δὲ
648 448 875 499 Δαναοῦ
906 443 1198 510 παρθένων
1229 440 1472 512 Λυγκεὺς
1503 449 1694 517 φυγὼν

278 522 516 596 ’Ἀβαντα
549 527 676 594 φύει
709 525 964 594 διάδοχον
994 525 1317 592 τυραννίδος
1350 529 1401 593 *)

288 686 383 742 καὶ
413 687 595 752 ξεστὸν
626 691 811 757 ὄχθον,
844 685 1140 738 Δαναϊδῶν
1171 682 1491 753 ἓδράσματα.

257 770 454 820 Chorus
471 772 550 821 vix
570 772 737 836 potuit
757 786 820 821 ex
834 767 946 818 aliis
970 769 1212 833 personis,
1244 785 1391 833 quam
1408 769 1660 820 sodalibus
1673 770 1837 821 Belle-

158 849 451 914 rophontis,
497 852 580 915 qui
623 851 789 902 studio
834 849 940 898 eius
985 847 1121 897 ducti
1165 847 1229 896 ad
1273 854 1530 913 aegrotum
1576 848 1837 901 visendum

157 929 436 991 veniebant,
469 936 716 983 constare.
779 928 1060 977 Laborabat
1076 932 1241 978 autem
1266 928 1354 978 ille
1386 944 1482 979 non
1516 929 1838 994 aegritudine,

157 1014 214 1059 ut
245 1016 326 1059 est
357 1011 490 1075 apud
522 1009 823 1069 Homerum,
875 1008 964 1057 sed
1010 1009 1197 1057 insania
1241 1009 1348 1059 sive
1390 1009 1562 1059 furore
1605 1010 1837 1059 divinitus

156 1089 382 1138 immisso
428 1088 526 1152 aaz),
601 1089 744 1138 Hanc
787 1089 892 1138 eius
938 1088 1272 1138 conditionem
1317 1089 1546 1154 suspicor
1591 1088 1839 1152 colloquio

159 1185 269 1218 cum
289 1170 444 1218 choro
473 1175 702 1218 conserto
728 1184 756 1217 a
784 1167 972 1217 Glauco
998 1168 1298 1233 descriptam
1321 1183 1436 1218 esse
1459 1169 1607 1218 simili
1630 1169 1837 1230 ratione,

157 1255 307 1313 atque
339 1247 468 1313 apud
506 1248 886 1312 Aristophanem
923 1248 988 1298 de
1022 1247 1238 1313 Trygaei
1279 1248 1454 1298 morbo
1499 1248 1716 1299 famulus
1750 1263 1837 1298 ex-

156 1329 325 1394 ponit,
372 1327 618 1391 simulque
665 1329 857 1377 auditas
902 1344 1017 1378 esse
1063 1343 1212 1377 voces
1255 1329 1650 1394 Bellerophontis
1705 1327 1837 1378 intus

155 1409 422 1458 clamantis.
459 1407 620 1457 Huius
634 1408 927 1458 narrationis
945 1413 1059 1458 sunt
1075 1423 1266 1470 versus,
1287 1408 1466 1473 quibus
1479 1408 1836 1474 Aristophanes

153 1489 339 1539 abusus
374 1492 484 1537 est:

281 1565 388 1633 ἄγ’,
426 1558 469 1618 ὦ
502 1564 664 1630 φίλον
697 1584 790 1631 μοι
824 1567 1087 1634 Πηγάσου
1121 1559 1253 1634 ταχὺ
1286 1566 1498 1631 πτερόν,

286 1645 430 1707 ὅπως
461 1646 670 1713 πετήσει
702 1649 755 1714 μ’
790 1641 929 1699 εὐθὺ
962 1650 1060 1699 τοῦ
1095 1646 1232 1708 Διὸς
1262 1646 1460 1713 λαβών.

155 1729 387 1795 Repente
422 1729 725 1794 conspicitur
754 1729 1088 1795 Bellerophon
1121 1729 1340 1780 sublimis
1377 1729 1566 1794 Pegaso
1592 1726 1836 1778 insidens:

283 1807 368 1858 ἰ’θι
399 1806 736 1874 χρυσοχάλιν’
771 1807 942 1874 αἴρων
978 1806 1246 1875 πτέρυγας
1915 1808 1923 1813 ’

283 1967 466 2032 πάρες,
502 1960 545 2019 ὦ
580 1966 762 2034 σκιερὰ
795 1967 1029 2035 φυλλάς·
1062 1966 1276 2034 ὖπερβῶ

283 2051 516 2114 κρηναῖα
547 2048 692 2116 νάπη
708 2089 722 2112 .,
755 2048 851 2101 τὸν
883 2047 1016 2115 ὑπὲρ
1048 2051 1281 2117 κεφαλῆς

283 2127 455 2197 αἰθέρ’
489 2128 700 2182 ἰδέσθαι
734 2129 963 2193 σπεύδω,
995 2128 1097 2181 τίν’
1131 2128 1232 2196 ἔχει

281 2211 467 2262 στάσιν
488 2209 747 2271 Εἰνοδίας
779 2210 891 2277 ***)
960 2218 1022 2248 -ὲ-
1091 2239 1155 2247 -
1223 2238 1314 2261 -.

151 2293 259 2343 Hos
294 2299 590 2358 anapaestos
623 2292 963 2357 interpellatos
1010 2307 1125 2341 esse
1170 2291 1415 2356 colloquio
1466 2289 1559 2339 filii
1592 2288 1838 2353 suspicor,

154 2373 458 2423 subsistente
503 2373 554 2420 in
597 2372 794 2420 aedium
841 2372 1044 2436 fastigio
1079 2372 1480 2436 Bellerophonte.
1546 2368 1839 2417 Imitationis

154 2453 282 2501 enim
318 2451 524 2516 vestigia
561 2451 871 2515 deprendere
905 2451 1029 2498 mihi
1062 2450 1235 2499 videor
1267 2451 1317 2498 in
1348 2450 1428 2499 his
1463 2447 1836 2514 Aristophanis:

285 2533 385 2582 ποῖ
413 2528 526 2597 δῆτ’
562 2530 733 2589 ἄλλως
766 2531 1202 2594 μετεωροκοπεῖςς

283 2639 352 2648 ——
551 2638 617 2648 --
814 2639 880 2647 —
960 2650 963 2652 q
1075 2638 1143 2648 .—

283 2691 333 2742 τί
365 2689 530 2751 πέτει;
564 2690 615 2742 τί
647 2690 821 2756 μάτην
855 2690 954 2757 οὐχ
984 2688 1268 2756 ὑγιαίνειςς

285 2849 456 2904 ἐκεῖνο
490 2851 651 2919 τήρει,
687 2849 759 2918 μὴ
796 2849 1011 2916 σφαλεὶς
1042 2845 1359 2915 καταῤῥύῃς.

216 2970 267 3024 ’ἢ
297 2968 367 3011 cf.
398 2967 574 3010 Welck.
603 2982 648 3022 p.
678 2964 779 3008 786.

189 3040 268 3095 *ἢ
297 3039 451 3082 Schol.
482 3039 540 3080 ad
568 3038 622 3080 Il.
653 3038 701 3090 ζ,
729 3035 835 3079 20οε
881 3031 989 3090 ου’χ,
1027 3033 1096 3084 ὥς
1137 3034 1191 3078 οὶ
1227 3031 1506 3089 νεώτεροί
1542 3042 1710 3085 φασι,
1750 3044 1835 3084 με·

293 3114 396 3165 λαγ
409 3106 546 3165 χολή
559 3121 683 3162 σας,
726 3103 821 3150 ἄλλ’
859 3103 1150 3159 ὀδυνώμενος
1189 3102 1262 3148 ἐπὶ
1300 3106 1360 3162 τῇ
1398 3104 1492 3146 τῶν
1531 3100 1703 3145 ἑαυτοῦ
1730 3102 1840 3144 παί-

297 3180 390 3223 δων
420 3178 626 3236 άπωλείᾳ
665 3175 867 3234 ἑμόναζε.
943 3175 1122 3219 Aristot.
1164 3176 1388 3218 Problem.
1427 3175 1568 3227 XXX,
1598 3173 1638 3217 1.
1683 3172 1841 3215 Galen.

295 3251 350 3292 de
390 3250 564 3292 medico
605 3247 674 3290 13.
716 3249 868 3290 Tzetz.
911 3247 1027 3289 Chil.
1058 3247 1151 3302 vll,
1181 3244 1288 3288 854:
1328 3243 1455 3302 ἤρθη
1495 3247 1597 3295 ταῖς
1634 3243 1783 3294 νίκαις
1813 3240 1838 3286 ὁ

297 3317 432 3375 άνήρ,
463 3318 650 3375 αἰθέρια
682 3316 881 3375 ἐφρόνει.

171 3390 279 3445 ***)
309 3391 519 3434 Palladas
549 3389 729 3431 Anthol.
760 3389 816 3432 Τ.
846 3389 881 3430 1.
913 3402 956 3442 p.
987 3383 1086 3429 514.
1115 3400 1158 3428 n.
1188 3385 1294 3430 683:

407 3455 529 3504 οὕτω
560 3456 776 3513 Πήγασος
805 3458 945 3508 ἵππος
973 3453 1178 3501 ἀπώλεσε
1207 3452 1574 3514 Βελλεροφόντην

490 3527 779 3585 βουληθέντα
805 3531 979 3585 μαθεῖν
1008 3522 1318 3586 ἆστροθέτονς
1344 3525 1556 3576 κανόνας.
