2176 3874
908 269 1032 330 543

116 420 207 471 sed
243 435 306 471 ex
338 419 465 471 Attii
499 435 653 484 opere
686 420 917 470 haustam
952 435 1066 470 esse
1098 417 1216 468 inde
1250 425 1482 484 apparet,
1536 418 1666 483 quod
1704 417 1806 467 Pe-

118 501 482 568 lopidarum
532 501 580 549 ei
624 517 804 551 nomen
847 516 939 566 pro
973 500 1124 550 titulo
1157 500 1486 564 praemissum
1523 504 1628 548 est:
1694 499 1809 549 Pe-

116 581 390 647 lopidae
449 581 581 630 enim
646 582 772 631 Attii
826 580 1191 644 tragoediarum
1257 596 1352 629 una
1401 581 1637 645 inscripta
1693 579 1808 641 fuit,

117 678 263 726 quam
301 661 502 725 quidem
540 662 603 710 de
638 661 893 727 Euripidis
933 661 1190 709 Plisthene
1224 677 1514 726 expressam
1552 660 1710 710 fuisse
1746 676 1809 709 ex

115 743 213 791 hac
243 742 355 806 ipsa
387 743 710 807 inscriptione
745 742 1072 806 cognoscitur.
1141 742 1282 791 Atrei
1316 742 1473 790 filium
1498 740 1811 790 Plisthenem

119 821 280 872 fuisse
315 822 476 874 schol.
513 824 676 872 Orest.
710 839 754 871 v·
791 823 836 869 5.
872 825 1113 870 testatur:
1149 817 1238 869 καὶ
1265 813 1476 883 Ἀτρεὺς
1510 818 1608 885 μὲν
1644 820 1812 871 Κλεό-

116 902 220 953 λαν
263 899 363 968 τὴν
409 901 644 962 Δίαντος
688 899 1018 966 ἀγαγόμενος
1066 895 1179 965 ἔσχε
1228 900 1530 967 Πλεισθένη
1563 901 1623 952 τὸ
1660 903 1813 965 σῶμα

119 981 342 1052 ἀσθενῆ,
379 979 439 1044 ὃς
466 978 759 1049 Ἐριφύλην
790 982 964 1048 γήμας
999 978 1147 1046 ἔσχεν
1173 978 1541 1047 Ἀγαμέμνονα
1573 981 1662 1034 καὶ
1696 984 1812 1033 Με-

118 1063 314 1116 νέλαον
347 1064 439 1116 καὶ
462 1059 778 1127 Ἀναξιβίαν.
856 1061 1002 1122 Νέος
1037 1062 1095 1113 δὲ
1125 1064 1385 1114 τελευτῶν
1418 1062 1448 1115 ὁ
1484 1061 1815 1129 Πλεισθένης

119 1146 419 1198 καταλείπει
450 1152 523 1212 τῷ
557 1143 716 1210 πατρὶ
749 1137 875 1204 τοὺς
908 1143 1122 1204 παῖδας.
1184 1146 1411 1208 Quocum
1447 1146 1814 1210 quodammodo

124 1230 377 1294 conspirat
426 1229 661 1278 Eustath.
699 1228 750 1277 ll.
788 1227 840 1292 β,
875 1230 999 1275 249:
1049 1216 1198 1277 οὗτοι
1246 1223 1343 1291 μὲν
1386 1219 1527 1292 ἦσαν
1571 1225 1708 1278 κατὰ
1754 1224 1816 1276 τὸ

124 1306 357 1373 σύνηθες
394 1301 650 1373 Ἀερόπης
698 1305 790 1358 καὶ
833 1302 1055 1371 Ἀτρέως
1087 1306 1272 1367 παῖδες
1304 1311 1405 1358 τοῦ
1442 1306 1717 1369 Πέλοπος,
1750 1312 1817 1374 τῇ

122 1385 181 1439 δὲ
213 1387 438 1457 ἀληθείᾳ
474 1386 867 1451 Πλεισθένους,
915 1385 995 1449 ὥς
1040 1400 1259 1454 φασιν
1305 1390 1505 1440 ἄλλοι
1551 1406 1618 1439 τε
1664 1391 1818 1440 πολ-

120 1467 233 1521 λοὶ
288 1468 380 1522 καὶ
441 1469 762 1536 Πορφύριος
823 1468 881 1522 έν
936 1473 1049 1531 τοῖς
1102 1471 1403 1538 ζητήμασιν.
1453 1465 1583 1521 Ἀλλ’
1639 1467 1819 1538 ἐπειδὴ

122 1549 454 1617 Πλεισθένης
485 1549 606 1612 νέος
636 1555 851 1620 τελευτᾷ
883 1551 1050 1619 μηδὲν
1072 1551 1393 1613 καταλείψας
1418 1552 1628 1619 μνήμης
1653 1552 1821 1617 ἄξιον,

122 1631 238 1684 νέοι
292 1633 439 1684 πάνυ
504 1632 899 1700 α’νατραφέντες
962 1633 1068 1685 ὑπὸ
1115 1630 1338 1700 Ἀτρέως
1399 1634 1570 1685 αὐτοῦ
1634 1633 1822 1694 παῖδες

123 1711 431 1782 ἐκλήθησαν
451 1715 524 1780 *).
591 1717 738 1766 Hunc
783 1717 1093 1765 Plisthenem
1142 1734 1233 1782 per
1278 1717 1561 1781 Thyestem
1610 1716 1819 1766 interfe-

124 1803 263 1846 ctum
294 1813 409 1846 esse
443 1797 599 1848 schol.
636 1798 802 1847 Orest.
837 1815 882 1847 v.
918 1801 999 1850 16.
1037 1799 1211 1847 docet:
1246 1794 1346 1863 τὴν
1381 1795 1620 1863 μοιχείαν
1647 1788 1821 1860 Ἀερό-

121 1891 227 1944 πης
259 1875 571 1936 αἰνίττεται,
617 1876 652 1944 ἢ
686 1874 786 1944 τὴν
816 1880 1048 1944 γυναῖκα
1095 1876 1487 1939 Πλεισθένους,
1538 1873 1603 1928 ὃν
1650 1876 1823 1929 ἀνεῖλε

126 1955 377 2022 Θυέστης.
466 1960 693 2009 Eundem
752 1961 982 2024 Aeropae
1044 1962 1277 2010 maritum
1336 1965 1388 2010 et
1438 1960 1823 2025 Agamemnonis

121 2039 441 2106 Menelaique
487 2047 678 2104 patrem
739 2039 895 2090 fuisse
943 2041 1273 2107 Apollodorus
1318 2041 1399 2103 ΙΙΙ,
1446 2044 1496 2103 2,
1541 2044 1589 2091 2.
1637 2041 1825 2090 refert:

113 2112 372 2186 Ἀερόπην
418 2118 476 2170 δὲ
517 2118 608 2171 καὶ
656 2119 946 2188 Κλυμένην
993 2114 1239 2187 Κρητεὺς
1289 2120 1557 2190 Ναυπλίῳ
1602 2120 1825 2172 δίδωσιν

123 2199 197 2262 εἰς
228 2199 533 2261 ἀλλοδαπὰς
563 2200 821 2268 ἠπείρους
854 2202 1240 2269 ἀπεμπολῆσαι.
1316 2202 1539 2254 Τούτων
1566 2197 1825 2268 Ἀερόπην

123 2279 222 2346 μὲν
256 2279 415 2348 ἔγημε
451 2281 781 2349 Πλεισθένης
826 2282 916 2334 καὶ
957 2284 1156 2344 παῖδας
1182 2278 1550 2350 Ἀγαμέμνονα
1583 2283 1674 2336 καὶ
1710 2285 1824 2334 Με-

122 2360 320 2414 νέλαον
355 2358 544 2414 ἔτεκεν.
613 2365 756 2413 Haec
792 2381 855 2414 ex
889 2366 1133 2432 Euripide
1167 2367 1348 2415 hausta
1396 2383 1511 2415 esse
1558 2366 1826 2415 scholiasta

125 2445 389 2509 Sophoclis
425 2445 486 2493 ad
534 2445 611 2495 Ai.
648 2447 794 2495 1269.
844 2447 990 2495 docet
1042 2447 1123 2495 his
1174 2447 1367 2495 verbis:
1422 2444 1459 2512 ή
1508 2443 1717 2509 ἱστορία
1765 2442 1825 2494 έν

123 2526 239 2585 ταῖς
275 2523 552 2590 Κρήσσαις
584 2524 915 2589 Εὐριπίδου,
952 2523 1034 2577 ὅτι
1068 2525 1467 2591 διαφθαρεῖσαν
1502 2523 1672 2592 αὐτὴν
1703 2522 1827 2592 (τὴν

116 2596 407 2670 Ἀερόπηνῖ
466 2605 642 2671 λάθρα
686 2602 794 2658 ὑπὸ
843 2607 1181 2671 θεράποντος
1229 2606 1259 2658 ὁ
1308 2605 1481 2673 πατὴρ
1529 2599 1824 2673 (Κρητεὺς)

126 2686 393 2754 Ναυπλίῳ
438 2687 774 2753 παρέδωκεν,
823 2686 1184 2754 ἐντειλάμενος
1216 2687 1609 2740 ἅποποντῶσαι.
1668 2681 1733 2740 Ὅ
1767 2686 1827 2740 δὲ

126 2767 228 2820 οὐκ
262 2766 536 2834 ἐποίησεν,
589 2762 697 2820 ἀλλ’
749 2767 997 2836 ἐνεγύησε
1053 2768 1384 2821 Πλεισθένει.
1467 2770 1827 2822 Verumtamen

123 2851 173 2900 in
209 2850 406 2900 Cressis
442 2850 565 2900 haec
602 2851 764 2900 locum
797 2852 984 2901 habere
1019 2868 1116 2901 non
1159 2853 1383 2918 potuisse
1428 2851 1580 2901 facile
1627 2857 1705 2900 est
1749 2851 1826 2900 in-

125 2931 357 2981 tellectu:
415 2947 513 2980 non
568 2932 735 2997 potuit
781 2933 909 2982 enim
957 2932 1131 2983 eadem
1166 2932 1348 2982 mulier
1382 2937 1435 2982 et
1467 2932 1600 2998 patri
1635 2937 1688 2982 et
1723 2932 1825 2981 filio

183 3131 235 3186 ⁹⁶)
264 3128 440 3172 Eadem
468 3129 610 3172 refert
638 3129 754 3171 Dict.
786 3128 906 3170 Cret.
937 3129 972 3182 1,
1002 3129 1053 3171 1:
1095 3129 1215 3187 „Sed
1253 3129 1305 3171 hi
1344 3142 1433 3171 non
1461 3125 1728 3182 Plisthenis,
1775 3130 1827 3170 ut

271 3205 421 3254 erant,
467 3201 617 3257 magis
666 3213 804 3254 quam
846 3198 971 3241 Atrei
1014 3199 1300 3251 dicebantur,
1351 3201 1408 3242 ob
1458 3213 1560 3242 eam
1601 3210 1830 3248 caussam,

266 3273 399 3326 quod,
430 3286 570 3326 quum
599 3271 867 3322 Plisthenes,
898 3270 1141 3312 admodum
1164 3284 1346 3326 parvus,
1376 3271 1472 3326 ipse
1497 3284 1637 3326 agens
1662 3269 1707 3310 in
1731 3267 1824 3322 pri-

268 3342 356 3384 mis
384 3343 536 3394 annis,
566 3341 662 3385 vita
690 3340 869 3382 functus
898 3339 1011 3383 nihil
1040 3342 1225 3398 dignum
1256 3343 1314 3384 ad
1338 3341 1609 3383 memoriam
1633 3338 1828 3381 nominis

274 3411 554 3467 reliquisset,
592 3414 752 3456 Atreus
791 3410 1078 3454 miseratione
1116 3412 1278 3455 aetatis
1312 3426 1467 3456 secum
1496 3424 1574 3454 eos
1602 3411 1827 3454 habuerat

271 3495 415 3537 neque
443 3484 590 3527 minus
617 3497 754 3540 quam
782 3483 936 3539 regios
965 3483 1283 3528 educaverat.''
