2176 3874
1157 285 1282 346 524

378 440 618 500 recurrit,
670 452 734 488 ex
781 451 876 502 qua
922 435 1049 484 mala
1097 435 1405 501 singulorum
1453 434 1690 500 pendent.
1757 435 1903 488 Fecit
1934 437 2067 488 enim

378 520 649 586 Euripides
683 519 736 568 in
780 518 873 566 hac
905 515 1163 579 tragoedia
1211 515 1346 564 idem
1393 516 1526 579 quod
1559 516 1608 565 in
1646 515 1967 580 Phoenissis,
2013 523 2070 568 ut

378 601 579 667 publica
611 598 740 648 mala
774 602 826 645 et
859 596 966 645 fata
1001 596 1213 645 civitatis
1250 595 1537 646 ostenderet
1581 613 1696 645 cum
1729 603 1905 662 regum
1942 598 2070 647 casi-

377 682 473 730 bus
508 680 764 729 coniuncta
801 681 854 726 et
885 676 1059 742 populi
1085 682 1254 742 partes
1288 676 1442 724 choro
1474 677 1788 727 sustinendas
1809 677 2070 739 tribueret,

378 762 521 810 cuius
557 775 644 809 ore
696 758 835 825 quasi
877 757 1162 805 universum
1211 757 1390 805 civium
1426 760 1626 806 coetum
1659 757 1946 822 loquentem
1980 774 2068 807 au-

377 841 614 890 diremuS.
674 837 1059 903 Expugnationis
1105 837 1254 900 igitur
1299 836 1375 884 Ilii
1419 837 1680 902 imaginem
1727 842 2072 903 repraesentat

376 921 561 970 chorus
595 924 699 968 tam
732 918 908 967 vividis
943 916 1190 966 coloribus
1224 932 1529 980 expressam,
1561 922 1666 968 tam
1700 919 1832 984 aptis
1866 918 1929 967 ad
1962 917 2069 967 ani-

374 1017 485 1051 mos
515 998 785 1049 movendos
837 996 1076 1061 exemplis
1108 996 1403 1046 illustratam
1448 999 1756 1063 eandemque
1789 1003 1924 1048 tanta
1955 1013 2070 1047 ver-

373 1082 552 1133 borum
581 1093 998 1140 numerorumque
1022 1076 1269 1140 elegantia
1292 1078 1582 1141 praeditam,
1618 1084 1674 1128 ut
1706 1080 1931 1129 omnibus
1955 1093 2068 1143 par-

373 1161 509 1210 tibus
558 1159 912 1224 politissimum
969 1156 1068 1204 hoc
1124 1172 1323 1205 carmen
1373 1158 1542 1207 dicere
1587 1174 1684 1208 non
1729 1159 1955 1209 dubitem
2001 1157 2067 1222 ἔῃ).

373 1240 645 1307 Eleganter
676 1238 899 1287 imitatus
935 1241 1015 1285 est
1040 1235 1225 1299 Anglus
1260 1236 1468 1300 quidam⁴
1493 1238 1688 1301 doctus,
1724 1255 1872 1303 quam
1905 1237 2068 1288 imita·

374 1322 562 1371 tionem
595 1319 710 1367 vide
744 1317 876 1379 apud
910 1315 1094 1368 Matth.
1129 1334 1177 1382 p.
1215 1318 1327 1366 106.
1364 1318 1427 1366 ad
1460 1333 1505 1367 v.
1539 1320 1657 1367 931.

502 1398 712 1448 Interim
745 1397 954 1446 Hecuba
989 1413 1100 1446 cum
1137 1397 1378 1461 captivis,
1427 1413 1555 1462 quae
1602 1398 1654 1446 in
1686 1398 1902 1448 tentorio
1935 1403 2067 1460 sunt,

373 1480 663 1544 colloquens
715 1476 943 1526 fraudem
988 1478 1288 1543 composuit.
1359 1477 1583 1527 Cadaver
1617 1478 1851 1543 Polydori
1883 1495 1914 1528 e
1949 1495 2067 1528 con-

373 1567 554 1627 spectu
586 1564 834 1609 remotum
870 1563 975 1618 est3
1023 1558 1194 1623 prodit
1228 1559 1439 1608 Hecuba
1484 1566 1535 1607 et
1568 1559 1735 1624 paullo
1767 1564 1882 1625 post
1914 1559 2068 1623 Poly-

372 1646 565 1691 mestor
599 1655 711 1688 cum
745 1638 861 1686 filiis
898 1638 1030 1696 suiS,
1077 1639 1287 1704 stipatus
1337 1639 1554 1689 famuliS.
1623 1638 1745 1688 Mox
1778 1639 1829 1688 in
1862 1640 2068 1703 laqueos

373 1721 576 1771 devenit
609 1725 888 1769 monstrum
937 1718 1153 1768 hominis
1189 1719 1502 1784 Polyphemo
1535 1721 1647 1784 ipso
1683 1719 1944 1769 scelestius
1978 1735 2067 1769 ne-

374 1818 472 1868 que
505 1802 607 1851 ulla
641 1801 840 1864 dignum
894 1799 1256 1849 misericordia.
1340 1800 1440 1848 Ubi
1484 1801 1534 1849 in
1582 1805 1807 1849 mutuum
1855 1815 2068 1864 conspe-

373 1887 510 1932 ctum
524 1882 744 1941 veniunt,
769 1880 1081 1944 Polymestor
1103 1880 1325 1929 dolorem
1343 1886 1395 1930 et
1416 1881 1813 1930 misericordiam
1832 1880 2068 1929 simulans

373 1979 431 2013 se
464 1963 720 2021 Hecubae,
757 1962 889 2025 quod
924 1959 985 2008 ad
1025 1976 1132 2008 eam
1166 1960 1424 2008 visendam
1458 1977 1557 2010 non
1590 1962 1813 2019 venerit,
1849 1964 2068 2010 excusat.

371 2043 600 2103 Hecuba,
635 2040 770 2105 quod
803 2041 1066 2089 adversum
1099 2040 1282 2087 intueri
1312 2040 1510 2089 hostem
1530 2057 1653 2105 prae
1688 2042 1762 2090 ira
1793 2045 1945 2105 atque
1979 2040 2069 2088 do-

370 2123 480 2173 lore
524 2122 730 2185 nequit,
778 2120 1022 2185 pudorem
1068 2119 1337 2183 praetexit.
1405 2119 1600 2168 Deinde
1645 2119 1881 2168 simulans
1929 2135 1986 2168 se
2021 2119 2068 2167 ei

371 2219 485 2253 cum
520 2201 692 2250 liberis
727 2198 917 2263 aliquid
937 2199 1100 2246 arcani
1130 2203 1431 2261 aperturam,
1469 2198 1614 2247 facile
1642 2199 1704 2247 ab
1727 2214 1788 2247 eo
1811 2199 2066 2263 impetrat,

370 2287 427 2331 ut
461 2281 668 2330 comites
701 2279 917 2342 ableget,
953 2284 1160 2342 propter
1193 2277 1505 2328 Graecorum
1537 2279 1807 2343 amicitiam
1840 2292 2067 2330 securus,

371 2362 480 2412 Nec
513 2361 676 2410 minus
710 2358 847 2407 facili
887 2358 1090 2423 negotio
1137 2358 1288 2406 homo
1333 2359 1574 2423 pecuniae
1618 2358 1853 2424 cupidine
1887 2372 2068 2407 coecus

371 2442 421 2491 in
455 2440 757 2499 tentorium,
805 2438 893 2487 ubi
939 2438 1238 2502 supplicium
1275 2438 1322 2486 ei
1367 2443 1595 2502 paratum
1631 2443 1740 2499 est,
1787 2437 2066 2487 deducitur.

371 2521 486 2571 Hoc
521 2519 820 2582 colloquium
855 2518 1175 2582 ambiguitate
1217 2519 1484 2568 verborum
1516 2519 1862 2587 dictorumque
1895 2518 2069 2567 excel-

372 2602 449 2662 lit,
483 2616 610 2664 quae
643 2599 784 2648 fallat
818 2615 949 2660 eum,
988 2599 1069 2647 cui
1101 2598 1312 2647 insidiae
1345 2603 1599 2664 parantur,
1635 2603 1946 2664 spectatores
1979 2614 2067 2647 au-

372 2687 476 2731 tem
512 2679 830 2729 consiliorum
866 2694 1045 2744 gnaros
1071 2680 1445 2744 exspectatione
1479 2680 1766 2743 suspendat.
1831 2679 2069 2728 Laetatur

373 2763 556 2812 chorus
591 2764 644 2809 et
677 2759 971 2824 triumphat,
1007 2759 1124 2807 dum
1161 2776 1346 2825 poena,
1383 2775 1528 2824 quam
1562 2759 1633 2807 dii
1667 2763 1720 2808 et
1750 2758 1943 2808 iustitia
1974 2774 2067 2822 po-

374 2842 541 2898 stulat,
576 2840 820 2904 exigitur:
854 2838 1045 2900 „Velut
1079 2840 1163 2904 qui
1197 2844 1507 2889 transversus
1535 2840 1585 2889 in
1614 2855 1754 2888 mare
1776 2838 1982 2897 decidit,
2015 2837 2068 2886 in

372 2922 644 2973 tentorium
679 2920 895 2981 devenit,
930 2919 1015 2968 ubi
1048 2925 1200 2984 portu
1231 2926 1382 2984 atque
1414 2920 1606 2985 refugio
1632 2919 1819 2968 carenti
1849 2933 2068 2983 pereun—

430 3059 484 3115 ἥ)
513 3058 611 3101 Non
640 3057 875 3099 defuerunt
901 3057 1107 3099 homines
1136 3058 1305 3100 morosi
1333 3072 1390 3100 ne
1417 3058 1532 3100 inter
1559 3061 1735 3099 veteres
1765 3058 1960 3112 quidem,
1989 3056 2068 3111 qui

511 3132 715 3171 notarent
744 3141 860 3182 quae
889 3128 1074 3170 crimine
1103 3126 1291 3186 meam,
1323 3130 1448 3171 velut
1481 3127 1643 3182 aliquis
1677 3129 1734 3170 ad
1761 3143 1804 3170 v.
1826 3126 1924 3169 906.
1953 3127 2065 3169 scri-

510 3198 622 3255 psit:
655 3196 908 3253 κακόζηλον
939 3197 989 3241 δὲ
1020 3199 1238 3254 φαίνεται
1267 3200 1431 3242 τοῦτο·
1464 3195 1521 3241 ov'
1549 3196 1636 3254 γὰρ
1667 3195 1785 3240 κατὰ
1814 3194 1900 3253 τὴν
1919 3195 2066 3242 νύκτα

514 3266 684 3326 ὁρῶσιν
713 3268 764 3311 αἱ
792 3272 1005 3323 γυναῖκες
1028 3267 1086 3312 τὰ
1118 3269 1381 3326 κάτοπτρα,
1413 3264 1527 3312 ἀλλὰ
1555 3266 1676 3311 κατὰ
1704 3265 1902 3324 ἡμέραν·
1941 3265 2067 3323 ὅμως

512 3337 564 3384 δὲ
593 3336 794 3383 δεικνύει
821 3338 874 3383 τὸ
907 3338 1178 3395 φιλήδονον,
1207 3338 1319 3398 ὅπερ
1348 3338 1486 3396 εἶχον.
1543 3340 1688 3382 Multo
1718 3339 1856 3381 etiam
1873 3338 2067 3394 ineptius

515 3409 631 3452 alius
660 3410 866 3464 quidam:
900 3411 1299 3469 διασυρτικῶς
1342 3411 1436 3455 τῶν
1463 3409 1693 3465 γυναικῶν
1732 3406 1784 3453 τὸ
1814 3410 1900 3466 τῆς
1924 3410 2065 3467 μέσης

517 3476 686 3531 νυκτὸς
711 3481 1092 3533 καλλωπίζεσθαι.
