2144 3854
1104 243 1226 302 216

319 397 372 447 in
405 411 492 445 sua
519 392 780 461 prudentia
806 396 958 456 atque
993 390 1302 454 fortitudine,
1337 395 1566 457 tanquam
1603 391 1656 442 in
1691 393 1916 460 scopulo,
1954 395 2015 446 il-

319 477 412 526 liso
445 474 695 534 exercitu,
742 471 934 522 infecta
981 488 1038 522 re
1081 472 1248 522 redire
1295 473 1548 538 coegisset
1582 472 1914 538 fecissetque,
1959 480 2016 525 ut

321 555 443 606 Asia
474 553 707 618 Europae
742 552 1103 602 succumberet.
1171 553 1333 602 Huius
1366 553 1513 617 igitur
1547 554 1685 619 regis
1719 569 1850 604 nuuc
1895 570 2015 620 sup-

320 636 437 700 plex
471 633 705 683 auxilium
739 650 797 683 ac
844 633 1143 699 praesidium
1178 634 1353 698 petiit,
1400 633 1715 698 adeptusque
1759 633 2010 699 pollicitus

322 719 400 764 est
435 730 516 776 se,
567 714 609 763 si
638 715 700 763 ad
739 713 1002 763 Graeciam
1038 714 1408 779 opprimendam
1445 729 1557 762 cum
1593 714 1814 764 exercitu
1847 715 2012 764 redire

321 793 498 855 vellet,
546 794 763 843 consiliis
799 810 912 843 eum
948 793 1230 843 adiuturum
1266 809 1406 854 esse,
1442 809 1604 857 neque
1638 799 1806 844 tamen
1841 797 2012 843 contra

320 874 534 939 patriam
569 890 704 924 arma
737 874 871 924 ferre
905 873 1152 923 sustinuit.
1222 873 1273 922 ln
1309 874 1477 923 Asiam
1506 890 1567 922 ex
1594 873 1889 924 Macedonia
1908 878 2013 924 tra-

321 954 524 1014 iicienti,
559 969 682 1003 nave
715 954 761 1003 vi
793 954 1106 1018 tempestatis
1125 954 1175 1002 in
1195 953 1386 1002 Naxum
1411 953 1586 1014 delata,
1622 954 1705 1003 ubi
1723 960 1829 1003 tum
1855 953 2014 1004 Athe-

320 1033 564 1084 niensium
602 1039 710 1084 erat
743 1035 1011 1095 exercitus,
1045 1034 1352 1099 pereundum
1387 1033 1586 1094 fuisset,
1620 1034 1714 1082 nisi
1748 1033 2012 1100 generosi-

321 1117 426 1163 tate
460 1113 643 1163 domini
677 1115 832 1175 navis,
868 1130 1014 1177 quem
1051 1113 1311 1162 clarissimi
1347 1113 1439 1161 viri
1472 1113 1772 1171 miserebat,
1809 1129 2013 1162 conser-

323 1197 464 1243 vatus
500 1199 649 1244 esset.
716 1194 823 1242 Hos
853 1194 1008 1258 igitur
1040 1193 1397 1242 Themistoclis
1427 1209 1568 1241 casus
1590 1191 1818 1256 Telepho
1845 1193 2014 1242 fabula

324 1289 591 1339 expressos
614 1274 934 1337 redditosque
963 1289 1076 1323 esse
1100 1272 1415 1322 manifestum
1442 1278 1535 1333 est,
1567 1279 1740 1336 estque
1763 1273 1861 1321 hoc
1891 1274 2015 1322 alte-

323 1369 434 1403 rum
460 1354 760 1418 exemplum,
806 1369 903 1418 qno
938 1354 1204 1403 doceamur
1228 1352 1517 1417 Euripidem
1545 1354 1607 1401 ad
1642 1352 2017 1403 similitudinem

324 1450 495 1483 earum
529 1448 714 1495 rerum,
749 1450 868 1498 quas
904 1433 1010 1498 geri
1043 1433 1154 1497 ipse
1186 1432 1422 1492 vidisset,
1478 1432 1670 1482 fabulas
1706 1433 2018 1483 conformare

324 1513 524 1562 solitum
569 1529 697 1562 esse.
770 1513 1199 1574 Quemadmodum
1251 1518 1412 1561 antem
1463 1527 1552 1560 sua
1599 1513 1723 1562 mala
1762 1513 2012 1563 Goethius

323 1598 496 1643 noster
509 1608 726 1656 suosque
746 1592 858 1656 ipse
878 1592 1075 1641 dolores
1093 1592 1326 1640 imitando
1342 1592 1770 1641 vehementissime
1793 1593 2012 1642 omnium

324 1672 515 1739 animos
551 1673 718 1733 movit,
754 1673 822 1722 ita
858 1671 1125 1737 Euripides
1161 1689 1236 1733 ea,
1272 1688 1398 1735 quae
1434 1678 1486 1720 et
1521 1672 1732 1736 populus
1771 1678 1822 1721 et
1854 1672 1948 1721 viri
1972 1673 2020 1723 in

323 1751 581 1816 republica
613 1752 866 1817 principes
901 1751 979 1801 vel
1012 1751 1236 1801 fecerant
1270 1751 1347 1800 vel
1382 1751 1513 1815 passi
1545 1756 1703 1812 erant,
1741 1753 2021 1818 quibusque

325 1832 526 1898 publice
560 1832 886 1898 privatimque
910 1847 1080 1881 omnes
1114 1832 1479 1888 afficiebantur,
1515 1831 1649 1880 fictis
1684 1835 1775 1883 sub
1810 1833 2020 1882 nomini-

324 1914 418 1963 bus
453 1913 778 1977 personisque
831 1911 1248 1977 repraesentando
1295 1912 1447 1975 magis
1497 1912 1674 1972 etiam,
1721 1927 1865 1976 quam
1911 1911 2013 1972 ille,

324 1992 521 2042 fabulas
555 2008 731 2058 graves
765 1997 817 2042 et
848 1991 1142 2041 verisimiles
1176 1996 1227 2040 et
1260 1991 1521 2040 affectibus
1558 1991 1835 2054 aequalium
1870 1990 2015 2040 fami-

327 2071 475 2121 liares
510 2073 735 2133 effinxit,
784 2078 838 2121 et
871 2072 1009 2135 quasi
1045 2071 1129 2134 qui
1165 2071 1327 2120 cibum
1373 2069 1637 2134 praeberet
1686 2070 2018 2120 esurientibus

330 2152 581 2200 desiderio
617 2151 866 2200 communi
898 2150 1117 2199 omnium
1145 2150 1408 2199 satisfecit.
1447 2148 1660 2199 Videtur
1683 2155 1850 2199 autem
1879 2149 2018 2200 'rhe-

327 2230 583 2280 mistocles
616 2231 781 2296 paullo
817 2235 930 2280 ante
963 2247 991 2279 e
1026 2231 1122 2279 vita
1157 2230 1479 2289 discessisse,
1527 2245 1673 2293 quam
1708 2229 1878 2280 fabula
1911 2230 2018 2279 Eu-

327 2310 507 2376 ripidis
542 2316 653 2360 acta
686 2316 781 2360 est.
849 2311 1074 2376 Denique
1101 2311 1281 2359 iterata
1310 2309 1618 2359 Graecorum
1645 2311 1900 2374 expeditio
1927 2326 2015 2360 ex-

328 2390 563 2454 peditioni
596 2390 862 2440 Persarum
897 2392 1120 2453 iteratae,
1155 2395 1207 2441 et
1240 2390 1497 2458 Telephus
1533 2389 1634 2441 dux
1658 2390 1877 2456 Hippiae
1897 2390 2013 2441 duci

331 2470 609 2522 simillimus
654 2477 750 2524 est.

1005 2637 1337 2644 μ...

818 2809 890 2865 D.
973 2808 1523 2864 Alcestis.

463 2951 616 3002 Venit
650 2952 755 3002 dies
792 2952 973 3015 fataliS‚
1007 2969 1105 3017 qua
1139 2952 1448 3003 moriendum
1485 2954 1565 3000 est
1599 2947 1874 3009 Alcestidi,
1923 2962 2018 3012 pro

332 3031 541 3096 coniuge
586 3033 735 3082 vitam
783 3033 1079 3096 deponenti;
1131 3033 1296 3083 brevis
1345 3033 1500 3082 horae
1543 3034 1793 3078 momento
1840 3027 2019 3078 mulier

331 3112 533 3176 quidem
567 3112 862 3174 probissima
894 3113 1151 3172 exstincta,
1185 3113 1259 3160 vir
1285 3117 1449 3160 autem
1477 3110 1713 3174 optimus,
1750 3125 1896 3173 quem
1917 3107 2019 3157 sal-

331 3206 446 3240 vum
480 3197 628 3254 atque
660 3191 860 3240 felicem
899 3208 1011 3241 esse
1046 3208 1239 3242 summo
1274 3190 1438 3240 studio
1485 3189 1629 3237 amici
1663 3189 1894 3253 cupiunt,
1939 3186 2016 3235 fa-

335 3276 445 3321 ctus
480 3270 577 3319 erit
609 3269 944 3321 miserrimus:
992 3273 1087 3321 iam
1122 3272 1251 3320 enim
1284 3269 1368 3318 illa
1401 3269 1611 3318 animam
1646 3282 1796 3333 agens
1828 3266 1879 3315 in
1911 3281 2017 3315 ma-

333 3350 480 3400 nibus
518 3365 722 3399 suorum
756 3355 1003 3414 gestatur,
1057 3351 1230 3401 vulnus
1263 3349 1531 3399 insanabile
1577 3349 1782 3408 marito,
1833 3345 1877 3394 si
1918 3344 2016 3394 eri-

333 3429 516 3495 piatur,
551 3429 796 3481 relictura.
864 3429 1004 3482 Haec
1038 3431 1217 3496 Apollo
1251 3429 1427 3489 docet,
1462 3434 1686 3480 moestus
1720 3441 1784 3478 ex
1815 3423 2019 3477 Admeti
