2144 3854
866 296 988 354 333

83 446 375 501 «lentissime
406 444 558 510 igitur
586 459 691 494 rem
726 442 800 493 sic
830 444 1044 493 instituit
1077 446 1250 509 poeta,
1290 446 1348 493 ut
1392 458 1488 494 non
1531 445 1666 511 prius
1697 447 1748 500 in

85 534 403 595 conspectum
436 525 618 575 theatri
648 523 900 589 prodiret,
933 538 1108 586 quam,
1142 522 1573 575 vehementissimo
1606 527 1752 578 dolo-

84 610 153 658 ris
183 609 399 675 primum
431 604 731 669 erumpentis
765 604 956 667 impetu
990 603 1181 662 sedato,
1215 605 1394 652 mentis
1415 621 1588 656 >rursus
1617 623 1753 657 com-

84 704 179 755 pos
222 687 428 737 consilia
468 684 617 734 iniret
666 682 1056 731 ulciscendorum
1103 682 1422 732 inimicorum.
1501 686 1756 753 Delegavit

85 776 250 818 autem
303 780 477 815 munus
523 764 769 812 fortunam
803 763 909 811 eius
943 762 1189 825 animique
1221 761 1442 812 habitum
1478 766 1757 817 declarandi

83 849 161 905 iis,
197 847 297 910 qui,
332 861 521 895 summa
541 861 651 893 cum
674 860 731 893 ea
757 842 1088 892 familiaritate
1115 843 1376 904 coniuncti,
1401 850 1450 893 et
1476 861 1633 910 aeque
1665 849 1754 897 do-

84 926 231 977 lendo
282 930 334 976 et
367 925 494 974 mala
529 923 690 974 futura
723 923 1075 988 praesagiendo
1109 938 1290 987 pavore
1324 930 1628 988 spectatores
1662 928 1756 976 im-

83 1007 239 1057 buere
270 1010 489 1071 possent.
554 1005 690 1054 Bene
723 1004 944 1067 sciteque
973 1003 1101 1051 idem
1126 1003 1357 1065 instituit,
1393 1009 1464 1066 ut,
1498 1012 1756 1070 postquam

84 1089 247 1137 nutrix
281 1085 552 1136 timendum
587 1100 700 1134 esse
734 1084 957 1143 dixisset,
993 1099 1055 1131 ne
1088 1098 1184 1132 non
1205 1084 1353 1133 modo
1378 1085 1426 1134 in
1454 1101 1557 1146 eoS,
1593 1103 1621 1135 a
1647 1086 1756 1151 qui-

85 1167 180 1219 bus
214 1183 270 1217 se
301 1166 478 1216 iniuria
509 1165 736 1214 affectam
771 1181 884 1213 esse
917 1164 1160 1223 crederet,
1195 1163 1407 1213 Medeae
1433 1165 1658 1215 immanis
1680 1167 1757 1215 ul-

84 1247 304 1297 ciscendi
335 1246 488 1296 libido
521 1252 853 1311 grassaretur,
889 1244 976 1293 sed
1010 1243 1158 1292 etiam
1192 1259 1308 1292 suos
1340 1244 1448 1309 ipsa
1481 1247 1662 1296 liberos
1696 1262 1760 1297 ex

83 1327 258 1377 Iasone
291 1331 577 1392 procreatos
610 1331 772 1375 morte
804 1325 1060 1383 afficeret,
1110 1324 1277 1373 statim
1326 1325 1432 1390 ipsa
1481 1327 1760 1377 miserrima

84 1408 294 1457 materni
326 1407 513 1457 furoris
565 1407 756 1473 piacula
804 1405 856 1455 in
902 1409 1221 1470 conspectum
1271 1405 1662 1468 adducerentur,
1707 1411 1760 1457 et

85 1487 287 1553 quidem
319 1487 450 1538 laeta
484 1502 771 1550 securaque,
805 1501 832 1534 a
866 1485 1138 1551 puerilibus
1170 1486 1602 1537 exercitationibus
1631 1487 1760 1538 duce

84 1573 412 1634 praeceptore
444 1567 718 1618 redeuntia.

219 1648 534 1697 Prooemium
588 1646 795 1696 nutricis
843 1646 1175 1711 indignatione
1216 1651 1451 1712 metuque
1485 1647 1761 1699 concitatae

87 1727 332 1794 imprimis
363 1743 514 1793 grave
546 1731 866 1791 ornatumque
899 1734 993 1789 est,
1027 1727 1078 1775 id
1112 1727 1243 1790 quod
1267 1727 1416 1776 etiam
1439 1734 1630 1778 veteres
1654 1745 1759 1777 me-

87 1810 183 1859 rito
217 1808 477 1858 laudarunt
499 1804 567 1873 *).
633 1806 808 1870 Neque
841 1812 1004 1856 tamen
1037 1806 1303 1856 defuerunt
1334 1807 1559 1857 homines
1593 1808 1763 1873 frigidi

86 1889 366 1954 ineptique‚
417 1889 500 1952 qui
548 1885 822 1936 rectissima
867 1902 1089 1951 quaeque
1133 1903 1191 1936 ac
1225 1889 1646 1952 praestantissima
1678 1905 1761 1939 re-

87 1969 483 2035 prehenderent,
530 1967 665 2016 velut
712 1966 1027 2015 Timachidas
1076 1969 1241 2017 nescio
1290 1969 1399 2032 quis
1449 1984 1597 2033 aegre
1630 1969 1761 2031 tulit,

88 2050 220 2115 quod
253 2053 573 2114 praepostere
606 2047 766 2113 primo
814 2063 981 2096 navem
1016 2047 1063 2096 in
1096 2064 1231 2097 mare
1264 2049 1545 2106 demissam,
1580 2049 1763 2099 deinde

88 2129 344 2180 materiam
392 2143 583 2177 caesam
629 2143 742 2177 esse
789 2135 1258 2177 commemoraretur
1279 2127 1371 2194 **).
1451 2128 1558 2177 Nec
1603 2130 1762 2179 minus

87 2209 304 2260 absurde
336 2208 528 2273 quidam
563 2207 650 2273 (ad
681 2224 725 2257 v.
759 2206 866 2271 97.)
910 2208 1260 2274 reprehendit,
1308 2207 1438 2272 quod
1485 2208 1763 2258 lamentati-

88 2305 210 2340 ones
243 2288 456 2339 Medeae
487 2289 774 2349 audiantur,
821 2303 932 2336 cum
979 2294 1144 2337 tamen
1190 2288 1355 2353 paullo
1387 2295 1500 2338 ante
1534 2288 1664 2338 dicta
1697 2289 1765 2338 sit

89 2371 300 2422 κεῖσθαι
348 2369 528 2428 ἄσιτος
560 2367 690 2431 σῶμ’
724 2366 900 2432 ὑφεῖσ’
935 2365 1202 2432 ἀλγηδόσι.
1271 2366 1457 2418 Verum
1490 2368 1606 2417 talia
1639 2370 1764 2420 levia

90 2455 206 2500 sunt
235 2450 416 2513 vixque
458 2448 758 2498 conferenda
797 2464 910 2498 cum
960 2464 1186 2498 errorum
1219 2449 1573 2513 perversitate,
1619 2465 1764 2514 quam

89 2533 258 2580 nostra
290 2535 424 2577 aetas
458 2530 672 2594 peperit.

224 2607 450 2658 Tandem
484 2607 691 2668 Medea,
734 2623 882 2672 quum
932 2613 1078 2657 antea
1111 2624 1309 2673 semper
1340 2624 1494 2673 prona
1526 2609 1661 2658 humi
1693 2610 1766 2659 ia-

92 2690 291 2750 cuisset,
315 2689 488 2737 dolore
513 2689 657 2750 victa,
683 2688 846 2737 cibum
872 2704 1130 2753 respuenS,
1155 2689 1368 2737 lacrimis
1395 2689 1766 2751 contabescens,

91 2770 228 2834 rupis
262 2769 435 2827 instar,
471 2768 550 2817 cui
585 2768 763 2818 fluctus
791 2767 1025 2829 alludunt,
1060 2769 1262 2817 immota
1278 2774 1595 2833 torpensque,
1630 2774 1768 2819 muta

93 2854 291 2915 praeter
324 2847 703 2898 exclamationes
738 2847 972 2911 quasdem
1008 2854 1057 2897 et
1090 2849 1328 2912 gemitus,
1378 2849 1500 2897 haec
1535 2849 1683 2913 igitur
1715 2848 1768 2899 in

93 2933 284 2978 tantum
317 2929 478 2977 subito
512 2928 732 2978 furorem
768 2929 1006 2993 erumpit,
1039 2934 1173 2978 tanto
1207 2928 1422 2977 clamore
1454 2926 1510 2978 se
1545 2937 1595 2978 et
1621 2929 1766 2978 mari-

94 3013 202 3059 tum
235 3024 348 3058 cum
381 3023 561 3074 sponsa
594 3013 797 3073 totaque
831 3008 977 3059 domo
1010 3010 1144 3073 regia
1192 3014 1447 3073 exsecrat,
1493 3014 1629 3059 tauta
1668 3010 1767 3061 ira-

154 3204 203 3259 *)
234 3204 410 3247 Schol.=
457 3202 708 3247 ἐπαινεῖται
751 3201 801 3248 δὲ
841 3199 871 3258 ἦ
917 3200 1090 3259 sigeum]
1131 3201 1210 3246 διὰ
1248 3201 1299 3247 τὰ
1339 3205 1611 3262 περιπαθῶς
1650 3199 1769 3261 ἄγαν

235 3266 349 3329 ἔχειν
378 3272 456 3318 καὶ
480 3276 580 3323 ταῖς
610 3272 814 3331 ἐκβολαῖς
844 3266 894 3316 εὖ
922 3272 1186 3329 κεχρῆσθαι.

128 3343 211 3399 *ἢ
234 3344 409 3388 Merito.
438 3345 494 3387 ob
534 3343 582 3387 id
619 3343 859 3401 castigatus
902 3348 967 3386 est
1004 3357 1033 3386 a
1071 3343 1313 3390 scholiasta.
1350 3343 1376 3391 ό
1417 3341 1649 3403 ἀγνοήσας
1686 3340 1769 3389 τὰν

239 3412 413 3472 τρόπον
440 3414 524 3474 τῆς
551 3412 776 3473 ποιήσεως
802 3412 1059 3471 ποιητικόν.
