2176 3874
957 267 1081 325 367

316 417 543 467 παῦσαι·
578 411 847 479 βλέπουσα
880 412 928 466 δ’
964 412 1038 473 εἰς
1069 411 1135 465 τὰ
1167 412 1277 464 τῶν
1309 410 1470 474 πέλας
1499 414 1656 475 κακά,

316 495 465 563 ῥᾴων
497 494 659 562 γένοι’
693 497 788 557 ἄν,
824 494 870 546 εἰ
900 494 1207 561 λογίζεσθαι
1239 491 1436 556 θέλοις,

310 576 429 628 ὅσοι
461 594 516 628 τε
548 576 761 642 δεσμοῖς
794 573 1214 640 ἐκμεμόχθηνται
1248 575 1478 639 βροτῶν,

312 657 432 710 ὅσοι
463 675 518 709 τε
550 658 914 724 γηράσκουσιν
947 651 1179 720 ὀρφανοὶ
1211 653 1428 713 τέκνων,

314 739 443 800 τούς
472 740 518 788 τ’
554 737 612 790 ἐκ
645 738 889 804 μεγίστης
921 735 1105 802 ὀλβίας
1137 735 1459 799 τυραννίδος

307 819 368 871 τὸ
404 818 571 886 μηδὲν
604 822 789 881 ὄντας·
824 818 991 870 ταῦτά
1025 828 1082 868 σε
1116 820 1336 868 σκοπεῖν
1368 815 1551 883 χρεών.

179 900 473 967 Respondet
507 901 701 962 Danae,
735 903 831 950 iam
866 901 1176 965 tranquillior
1210 899 1369 947 facta:

311 974 384 1042 εἷς
415 981 518 1048 γάρ
550 998 629 1041 τις
662 978 770 1032 ἐστὶ
788 978 982 1043 κοινὸς
1016 978 1325 1046 ἀνθρώποις
1356 977 1538 1044 νόμος,

309 1062 398 1114 καὶ
430 1065 604 1113 θεοῖσι
637 1065 797 1113 τοῦτο
833 1060 1022 1124 δόξαν,
1059 1058 1130 1121 ὠς
1164 1061 1350 1124 σαφῶς
1381 1058 1535 1125 λέγω,

309 1142 506 1210 θηρσίυ
538 1160 594 1194 τε
625 1148 779 1204 πᾶσι,
814 1143 971 1194 τέκνα
1003 1142 1274 1193 τίκτουσιν
1307 1143 1513 1205 φιλεῖν·

308 1223 374 1275 τὰ
408 1224 457 1276 δ’
493 1226 626 1275 ἄλλα
658 1221 820 1291 χωρὶς
853 1223 1085 1291 χρώμεθ’
1119 1222 1360 1289 ἀλλήλων
1392 1222 1596 1288 νόμοις.

177 1305 300 1356 Post
333 1307 456 1356 haec
489 1307 666 1371 Dictyn
701 1307 885 1355 abiisse
929 1307 991 1355 ad
1024 1305 1241 1371 paranda
1285 1305 1527 1368 quaedam
1572 1304 1703 1353 circa
1738 1303 1864 1354 infe-

175 1387 304 1448 rias,
350 1388 556 1436 chorum
603 1393 768 1437 autem
813 1386 986 1435 laudes
1031 1385 1255 1435 defuncti
1300 1390 1352 1435 et
1393 1386 1590 1435 naenias
1625 1386 1866 1435 cecinisse

177 1469 420 1533 suspicor.

309 1548 460 1598 Venit
486 1548 663 1597 deinde
686 1547 998 1612 PolydecteS,
1034 1551 1084 1596 et
1109 1547 1249 1612 quasi
1274 1547 1501 1596 omnibus
1524 1546 1619 1596 iam
1651 1545 1865 1596 difficul-

174 1629 360 1678 tatibus
387 1629 596 1677 remotis
635 1630 697 1677 ad
735 1629 1019 1693 nuptiarum
1043 1628 1342 1676 hilaritatem
1365 1627 1612 1693 lugentem
1638 1644 1866 1677 moeren-

175 1713 376 1775 temque
397 1709 584 1758 invitat.
634 1709 787 1758 Cuius
818 1709 1058 1774 petitione
1082 1708 1273 1757 Danaes
1309 1708 1675 1773 redintegratur
1696 1709 1862 1759 dolor:

307 1816 373 1824 —
505 1816 566 1825 —
698 1786 749 1838 τί
782 1789 837 1853 μ’
871 1789 992 1852 α”ρτι
1024 1788 1280 1855 πημάτων
1312 1783 1638 1854 λελησμένην

307 1867 525 1933 ὄρθοῖςς

175 1948 304 1998 Tum
351 1950 687 2012 ostendendo,
750 1955 934 2015 quanto
983 1951 1184 2015 nuptiae
1230 1951 1542 1999 incommodo
1586 1957 1864 2018 quantoque

173 2030 289 2080 odio
322 2030 494 2079 liberis
527 2031 659 2096 regis
697 2029 893 2079 futurae
927 2030 1051 2090 sint,
1097 2031 1231 2080 hunc
1266 2047 1294 2079 a
1329 2031 1532 2080 consilio
1567 2032 1674 2082 eius
1709 2035 1863 2085 dedn-

174 2127 292 2161 cere
326 2110 524 2160 studet:
1244 2155 1248 2161 u

304 2180 481 2241 ὄντων
515 2186 573 2240 δὲ
606 2187 820 2240 παίδων
852 2186 944 2241 καὶ
975 2188 1283 2253 πεφυκότος
1315 2188 1526 2255 γένους,

302 2264 526 2331 καινοὺς
558 2275 820 2336 φυτεῦσαι
853 2270 1048 2331 παῖδας
1082 2266 1140 2321 έν
1172 2269 1359 2336 δόμοις
1391 2270 1577 2336 θέλεις,

305 2349 506 2418 ἔχθραν
540 2351 789 2418 μεγίστην
823 2354 965 2402 σοῖσι
999 2348 1288 2416 συμβαλὼν
1319 2351 1549 2414 τέκνοις,·

174 2433 360 2482 Contra
389 2434 515 2482 haec
547 2433 845 2497 Polydectes
881 2433 1115 2482 affectum
1163 2435 1345 2482 amoris
1380 2435 1525 2484 nullis
1561 2437 1863 2501 argumentis

173 2514 305 2563 vinci
354 2514 599 2563 affirmat:
647 2515 965 2578 quamobrem
1013 2530 1223 2577 aequum
1276 2529 1418 2571 esse,
1464 2522 1521 2564 ut
1570 2531 1668 2565 non
1701 2519 1861 2567 minus

171 2594 382 2658 benigne
425 2603 699 2659 parentum·
736 2595 968 2642 morbum
1016 2595 1177 2657 pietas
1229 2593 1359 2643 ferat
1393 2596 1662 2646 liberorum
1697 2604 1861 2647 curet-

173 2691 287 2741 que,
323 2691 468 2739 quam
503 2675 769 2723 liberorum
805 2674 1053 2723 amoribus
1090 2675 1366 2739 ignoscere,
1401 2675 1657 2741 indulgere
1693 2683 1746 2727 et
1780 2694 1859 2727 sa-

171 2754 406 2806 tisfacere
440 2755 630 2803 soleant
662 2760 921 2818 parentes:

303 2831 406 2900 έγὼ
439 2833 637 2897 νομίζω
671 2831 830 2897 πατρὶ
865 2831 1120 2896 φίλτατον
1151 2830 1308 2884 τέκνα
1372 2846 1375 2848 ’

301 2914 488 2966 παισίν
521 2931 576 2965 τε
610 2907 738 2974 τοὺς
770 2913 1046 2974 τεκόντας,
1084 2910 1210 2964 οὐδὲ
1246 2915 1556 2983 συμμάχους

302 2999 498 3056 ἄλλους
531 2994 781 3062 γενέσθαι
815 2995 946 3061 φήμ’
985 2993 1052 3045 ἂν
1087 2990 1485 3061 ένδικωτέρους,

299 3075 501 3144 πατέρα
535 3093 588 3127 τε
621 3075 804 3127 παισὶν
837 3074 1005 3143 ἡδέως
1041 3074 1384 3142 συνεκφέρειν

300 3157 495 3224 φίλους
527 3155 751 3222 ἔρωτας,
790 3155 1061 3225 ἐκβαλόντ’
1099 3157 1386 3222 αὐθαδίαν,

299 3239 493 3301 παῖδάς
526 3258 579 3291 τε
613 3239 797 3304 πατρί·
832 3237 919 3290 καὶ
954 3237 1056 3304 γὰρ
1093 3238 1192 3290 οὐκ
1227 3239 1539 3306 αὐθαίρετοι

302 3320 516 3386 βροτοῖς
549 3318 736 3387 ἔρωτες
770 3319 886 3371 οὐδ’
924 3317 1140 3371 ἑκουσία
1172 3319 1348 3382 νόσος.

300 3401 487 3453 σκαιόν
518 3420 567 3453 τι
602 3401 668 3469 δὴ
701 3401 760 3453 τὸ
794 3404 966 3469 χρῆμα
1000 3399 1279 3466 γίγνεσθαι
1311 3405 1468 3469 φιλεῖ,

298 3482 443 3533 θεῶν
474 3482 709 3549 άνάγκας
743 3481 882 3544 ὄςτις
917 3481 1099 3534 ἰᾶσθαι
1135 3479 1289 3534 θέλει.
