<?xml version="1.0" encoding="UTF-8"?>
<!DOCTYPE html PUBLIC "-//W3C//DTD XHTML 1.0 Transitional//EN"
    "http://www.w3.org/TR/xhtml1/DTD/xhtml1-transitional.dtd">
<html xmlns="http://www.w3.org/1999/xhtml" xml:lang="en" lang="en">
 <head>
  <title>
</title>
<meta http-equiv="Content-Type" content="text/html;charset=utf-8" />
  <meta name='ocr-system' content='tesseract 3.04.00' />
  <meta name='ocr-capabilities' content='ocr_page ocr_carea ocr_par ocr_line ocrx_word'/>
</head>
<body>
  <div class='ocr_page' id='page_1' title='image "./euripidesrestitu01hartuoft_0290.png"; bbox 0 0 2144 3854; ppageno 0'>
   <div class='ocr_carea' id='block_1_1' title="bbox 1081 292 1204 362">
    <p class='ocr_par' dir='ltr' id='par_1_1' title="bbox 1081 292 1204 362">
     <span class='ocr_line' id='line_1_1' title="bbox 1081 292 1204 362; baseline 0 -11"><span class='ocrx_word' id='word_1_1' title='bbox 1081 292 1204 362; x_wconf 62' lang='lat'><em>272</em></span> 
     </span>
    </p>
   </div>
   <div class='ocr_carea' id='block_1_2' title="bbox 299 438 1983 3060">
    <p class='ocr_par' dir='ltr' id='par_1_2' title="bbox 299 438 1983 3060">
     <span class='ocr_line' id='line_1_2' title="bbox 446 438 1983 508; baseline -0.001 -13"><span class='ocrx_word' id='word_1_2' title='bbox 446 443 901 508; x_wconf 77' lang='lat' dir='ltr'><em>„Conveniunt</em></span> <span class='ocrx_word' id='word_1_3' title='bbox 947 447 1196 492; x_wconf 80' lang='lat' dir='ltr'><em>matres</em></span> <span class='ocrx_word' id='word_1_4' title='bbox 1239 438 1726 506; x_wconf 73' lang='lat' dir='ltr'><strong><em>Phylaceides,</em></strong></span> <span class='ocrx_word' id='word_1_5' title='bbox 1771 445 1824 491; x_wconf 81' lang='lat' dir='ltr'><em>et</em></span> <span class='ocrx_word' id='word_1_6' title='bbox 1854 440 1983 493; x_wconf 76' lang='lat' dir='ltr'><em>mihi</em></span> 
     </span>
     <span class='ocr_line' id='line_1_3' title="bbox 1142 522 1404 571; baseline -0.008 0"><span class='ocrx_word' id='word_1_7' title='bbox 1142 522 1404 571; x_wconf 77' lang='lat' dir='ltr'><em>clamant.-</em></span> 
     </span>
     <span class='ocr_line' id='line_1_4' title="bbox 574 599 1528 667; baseline 0.001 -15"><span class='ocrx_word' id='word_1_8' title='bbox 574 601 744 652; x_wconf 80' lang='lat' dir='ltr'><em>Indue</em></span> <span class='ocrx_word' id='word_1_9' title='bbox 774 601 991 667; x_wconf 77' lang='lat' dir='ltr'><strong><em>regales,</em></strong></span> <span class='ocrx_word' id='word_1_10' title='bbox 1025 599 1334 662; x_wconf 75' lang='lat' dir='ltr'><em>Laodamia,</em></span> <span class='ocrx_word' id='word_1_11' title='bbox 1368 601 1528 653; x_wconf 78' lang='lat' dir='ltr'><em>sinus.</em></span> 
     </span>
     <span class='ocr_line' id='line_1_5' title="bbox 448 682 1764 749; baseline -0.002 -15"><span class='ocrx_word' id='word_1_12' title='bbox 448 684 663 734; x_wconf 78' lang='lat' dir='ltr'><strong><em>Scilicet</em></strong></span> <span class='ocrx_word' id='word_1_13' title='bbox 697 683 812 749; x_wconf 81' lang='lat' dir='ltr'><em>ipsa</em></span> <span class='ocrx_word' id='word_1_14' title='bbox 846 698 1026 748; x_wconf 86' lang='lat' dir='ltr'><em>geram</em></span> <span class='ocrx_word' id='word_1_15' title='bbox 1057 688 1324 731; x_wconf 81' lang='lat' dir='ltr'><em>saturatas</em></span> <span class='ocrx_word' id='word_1_16' title='bbox 1355 682 1551 731; x_wconf 82' lang='lat' dir='ltr'><em>murice</em></span> <span class='ocrx_word' id='word_1_17' title='bbox 1581 687 1764 740; x_wconf 68' lang='lat' dir='ltr'><em>veateS,</em></span> 
     </span>
     <span class='ocr_line' id='line_1_6' title="bbox 572 761 1708 827; baseline -0.001 -15"><span class='ocrx_word' id='word_1_18' title='bbox 572 763 730 812; x_wconf 89' lang='lat' dir='ltr'><em>Bella</em></span> <span class='ocrx_word' id='word_1_19' title='bbox 762 762 853 811; x_wconf 83' lang='lat' dir='ltr'><em>sub</em></span> <span class='ocrx_word' id='word_1_20' title='bbox 889 762 1067 811; x_wconf 79' lang='lat' dir='ltr'><em>Iliacis</em></span> <span class='ocrx_word' id='word_1_21' title='bbox 1100 761 1359 811; x_wconf 82' lang='lat' dir='ltr'><em>moenibus</em></span> <span class='ocrx_word' id='word_1_22' title='bbox 1395 762 1484 810; x_wconf 86' lang='lat' dir='ltr'><em>ille</em></span> <span class='ocrx_word' id='word_1_23' title='bbox 1516 762 1708 827; x_wconf 70' lang='lat' dir='ltr'><em>gerat?</em></span> 
     </span>
     <span class='ocr_line' id='line_1_7' title="bbox 443 841 1842 911; baseline -0.002 -18"><span class='ocrx_word' id='word_1_24' title='bbox 443 843 567 911; x_wconf 81' lang='lat' dir='ltr'><em>Ipsa</em></span> <span class='ocrx_word' id='word_1_25' title='bbox 601 859 771 892; x_wconf 85' lang='lat' dir='ltr'><em>comas</em></span> <span class='ocrx_word' id='word_1_26' title='bbox 795 849 998 909; x_wconf 81' lang='lat' dir='ltr'><em>pectar,</em></span> <span class='ocrx_word' id='word_1_27' title='bbox 1032 843 1189 908; x_wconf 84' lang='lat' dir='ltr'><em>galea</em></span> <span class='ocrx_word' id='word_1_28' title='bbox 1223 849 1379 907; x_wconf 80' lang='lat' dir='ltr'><em>caput</em></span> <span class='ocrx_word' id='word_1_29' title='bbox 1415 842 1505 890; x_wconf 85' lang='lat' dir='ltr'><em>ille</em></span> <span class='ocrx_word' id='word_1_30' title='bbox 1533 841 1842 908; x_wconf 72' lang='lat' dir='ltr'><em>prematur?</em></span> 
     </span>
     <span class='ocr_line' id='line_1_8' title="bbox 571 921 1777 989; baseline 0 -18"><span class='ocrx_word' id='word_1_31' title='bbox 571 921 696 989; x_wconf 87' lang='lat' dir='ltr'><em>Ipsa</em></span> <span class='ocrx_word' id='word_1_32' title='bbox 731 939 888 971; x_wconf 80' lang='lat' dir='ltr'><em>novas</em></span> <span class='ocrx_word' id='word_1_33' title='bbox 920 929 1102 983; x_wconf 78' lang='lat' dir='ltr'><em>vestes,</em></span> <span class='ocrx_word' id='word_1_34' title='bbox 1139 921 1273 970; x_wconf 80' lang='lat' dir='ltr'><em>dura</em></span> <span class='ocrx_word' id='word_1_35' title='bbox 1306 923 1386 970; x_wconf 83' lang='lat' dir='ltr'><em>vir</em></span> <span class='ocrx_word' id='word_1_36' title='bbox 1421 938 1567 970; x_wconf 87' lang='lat' dir='ltr'><em>arma</em></span> <span class='ocrx_word' id='word_1_37' title='bbox 1586 922 1777 987; x_wconf 69' lang='lat' dir='ltr'><em>serat?</em></span> 
     </span>
     <span class='ocr_line' id='line_1_9' title="bbox 445 1002 1709 1070; baseline -0.002 -17"><span class='ocrx_word' id='word_1_38' title='bbox 445 1002 561 1066; x_wconf 75' lang='lat' dir='ltr'><em>Qua</em></span> <span class='ocrx_word' id='word_1_39' title='bbox 587 1019 813 1070; x_wconf 79' lang='lat' dir='ltr'><em>possum,</em></span> <span class='ocrx_word' id='word_1_40' title='bbox 847 1003 1085 1069; x_wconf 83' lang='lat' dir='ltr'><em>squalore</em></span> <span class='ocrx_word' id='word_1_41' title='bbox 1117 1009 1234 1051; x_wconf 84' lang='lat' dir='ltr'><em>tuos</em></span> <span class='ocrx_word' id='word_1_42' title='bbox 1266 1002 1474 1051; x_wconf 83' lang='lat' dir='ltr'><em>imitata</em></span> <span class='ocrx_word' id='word_1_43' title='bbox 1507 1002 1709 1051; x_wconf 77' lang='lat' dir='ltr'><em>labores</em></span> 
     </span>
     <span class='ocr_line' id='line_1_10' title="bbox 570 1081 1863 1148; baseline -0.002 -16"><span class='ocrx_word' id='word_1_44' title='bbox 570 1083 753 1144; x_wconf 72' lang='lat' dir='ltr'><em>Dicar,</em></span> <span class='ocrx_word' id='word_1_45' title='bbox 791 1089 841 1131; x_wconf 85' lang='lat' dir='ltr'><em>et</em></span> <span class='ocrx_word' id='word_1_46' title='bbox 876 1083 1006 1130; x_wconf 78' lang='lat' dir='ltr'><em>haec</em></span> <span class='ocrx_word' id='word_1_47' title='bbox 1040 1081 1160 1131; x_wconf 83' lang='lat' dir='ltr'><em>belli</em></span> <span class='ocrx_word' id='word_1_48' title='bbox 1191 1088 1422 1148; x_wconf 79' lang='lat' dir='ltr'><em>tempora</em></span> <span class='ocrx_word' id='word_1_49' title='bbox 1455 1083 1621 1131; x_wconf 81' lang='lat' dir='ltr'><em>tristis</em></span> <span class='ocrx_word' id='word_1_50' title='bbox 1657 1085 1863 1146; x_wconf 79' lang='lat' dir='ltr'><em>agam·”</em></span> 
     </span>
     <span class='ocr_line' id='line_1_11' title="bbox 311 1159 1978 1226; baseline -0.002 -16"><span class='ocrx_word' id='word_1_51' title='bbox 311 1160 454 1211; x_wconf 86' lang='lat' dir='ltr'><em>Talia</em></span> <span class='ocrx_word' id='word_1_52' title='bbox 506 1162 705 1212; x_wconf 87' lang='lat' dir='ltr'><em>alternis</em></span> <span class='ocrx_word' id='word_1_53' title='bbox 742 1162 958 1226; x_wconf 85' lang='lat' dir='ltr'><em>strophis</em></span> <span class='ocrx_word' id='word_1_54' title='bbox 992 1178 1020 1210; x_wconf 91' lang='lat' dir='ltr'><em>a</em></span> <span class='ocrx_word' id='word_1_55' title='bbox 1054 1162 1206 1210; x_wconf 85' lang='lat' dir='ltr'><em>choro</em></span> <span class='ocrx_word' id='word_1_56' title='bbox 1250 1167 1300 1210; x_wconf 89' lang='lat' dir='ltr'><em>et</em></span> <span class='ocrx_word' id='word_1_57' title='bbox 1345 1161 1611 1210; x_wconf 81' lang='lat' dir='ltr'><em>Laodamia</em></span> <span class='ocrx_word' id='word_1_58' title='bbox 1660 1159 1846 1209; x_wconf 84' lang='lat' dir='ltr'><em>cantari</em></span> <span class='ocrx_word' id='word_1_59' title='bbox 1887 1172 1978 1223; x_wconf 90' lang='lat' dir='ltr'><em>po-</em></span> 
     </span>
     <span class='ocr_line' id='line_1_12' title="bbox 309 1240 1980 1306; baseline -0.001 -16"><span class='ocrx_word' id='word_1_60' title='bbox 309 1245 524 1291; x_wconf 83' lang='lat' dir='ltr'><em>tueruut.</em></span> <span class='ocrx_word' id='word_1_61' title='bbox 554 1245 561 1258; x_wconf 84' lang='lat'>&#39;</span> <span class='ocrx_word' id='word_1_62' title='bbox 589 1242 770 1292; x_wconf 82' lang='lat' dir='ltr'><strong>Statim</strong></span> <span class='ocrx_word' id='word_1_63' title='bbox 804 1250 966 1291; x_wconf 87' lang='lat' dir='ltr'><em>autem</em></span> <span class='ocrx_word' id='word_1_64' title='bbox 1012 1247 1129 1306; x_wconf 89' lang='lat' dir='ltr'><em>post</em></span> <span class='ocrx_word' id='word_1_65' title='bbox 1174 1241 1411 1306; x_wconf 76' lang='lat' dir='ltr'><em>parotium</em></span> <span class='ocrx_word' id='word_1_66' title='bbox 1459 1240 1761 1290; x_wconf 76' lang='lat' dir='ltr'><em>Protesilaus</em></span> <span class='ocrx_word' id='word_1_67' title='bbox 1806 1252 1980 1288; x_wconf 84' lang='lat' dir='ltr'><em>rursus</em></span> 
     </span>
     <span class='ocr_line' id='line_1_13' title="bbox 307 1320 1979 1386; baseline -0.001 -17"><span class='ocrx_word' id='word_1_68' title='bbox 307 1321 510 1386; x_wconf 86' lang='lat' dir='ltr'><em>prodire</em></span> <span class='ocrx_word' id='word_1_69' title='bbox 558 1322 734 1386; x_wconf 85' lang='lat' dir='ltr'><em>potuit.</em></span> <span class='ocrx_word' id='word_1_70' title='bbox 814 1320 1074 1370; x_wconf 76' lang='lat' dir='ltr'><em>Laetitiam</em></span> <span class='ocrx_word' id='word_1_71' title='bbox 1110 1322 1386 1386; x_wconf 84' lang='lat' dir='ltr'><em>coniugum,</em></span> <span class='ocrx_word' id='word_1_72' title='bbox 1430 1321 1480 1370; x_wconf 88' lang='lat' dir='ltr'><em>in</em></span> <span class='ocrx_word' id='word_1_73' title='bbox 1514 1326 1734 1369; x_wconf 87' lang='lat' dir='ltr'><em>mutuum</em></span> <span class='ocrx_word' id='word_1_74' title='bbox 1769 1334 1979 1383; x_wconf 85' lang='lat' dir='ltr'><em>conspe-</em></span> 
     </span>
     <span class='ocr_line' id='line_1_14' title="bbox 307 1397 1980 1465; baseline -0.001 -17"><span class='ocrx_word' id='word_1_75' title='bbox 307 1407 440 1449; x_wconf 88' lang='lat' dir='ltr'><em>ctum</em></span> <span class='ocrx_word' id='word_1_76' title='bbox 475 1402 812 1462; x_wconf 79' lang='lat' dir='ltr'><em>redeuntium,</em></span> <span class='ocrx_word' id='word_1_77' title='bbox 857 1400 1022 1465; x_wconf 82' lang='lat' dir='ltr'><em>lyricis</em></span> <span class='ocrx_word' id='word_1_78' title='bbox 1073 1400 1286 1450; x_wconf 87' lang='lat' dir='ltr'><em>numeris</em></span> <span class='ocrx_word' id='word_1_79' title='bbox 1329 1406 1451 1465; x_wconf 88' lang='lat' dir='ltr'><em>puto</em></span> <span class='ocrx_word' id='word_1_80' title='bbox 1486 1415 1768 1464; x_wconf 78' lang='lat' dir='ltr'><em>expressam</em></span> <span class='ocrx_word' id='word_1_81' title='bbox 1803 1397 1980 1448; x_wconf 86' lang='lat' dir='ltr'><em>fuisse.</em></span> 
     </span>
     <span class='ocr_line' id='line_1_15' title="bbox 307 1478 1978 1544; baseline -0.001 -16"><span class='ocrx_word' id='word_1_82' title='bbox 307 1479 450 1528; x_wconf 85' lang='lat' dir='ltr'><em>Hauc</em></span> <span class='ocrx_word' id='word_1_83' title='bbox 484 1481 590 1529; x_wconf 88' lang='lat' dir='ltr'><em>sine</em></span> <span class='ocrx_word' id='word_1_84' title='bbox 632 1480 782 1530; x_wconf 88' lang='lat' dir='ltr'><em>dubio</em></span> <span class='ocrx_word' id='word_1_85' title='bbox 816 1481 1089 1544; x_wconf 84' lang='lat' dir='ltr'><em>excipiebat</em></span> <span class='ocrx_word' id='word_1_86' title='bbox 1122 1480 1390 1528; x_wconf 82' lang='lat' dir='ltr'><em>sciscitatio</em></span> <span class='ocrx_word' id='word_1_87' title='bbox 1436 1485 1607 1529; x_wconf 86' lang='lat' dir='ltr'><em>mutua</em></span> <span class='ocrx_word' id='word_1_88' title='bbox 1649 1484 1702 1529; x_wconf 85' lang='lat' dir='ltr'><em>et</em></span> <span class='ocrx_word' id='word_1_89' title='bbox 1747 1478 1978 1538; x_wconf 80' lang='lat' dir='ltr'><em>narratio,</em></span> 
     </span>
     <span class='ocr_line' id='line_1_16' title="bbox 307 1557 1978 1626; baseline -0.001 -19"><span class='ocrx_word' id='word_1_90' title='bbox 307 1565 364 1607; x_wconf 90' lang='lat' dir='ltr'><em>ut</em></span> <span class='ocrx_word' id='word_1_91' title='bbox 396 1560 507 1608; x_wconf 83' lang='lat' dir='ltr'><em>fieri</em></span> <span class='ocrx_word' id='word_1_92' title='bbox 541 1560 695 1622; x_wconf 88' lang='lat' dir='ltr'><em>solet,</em></span> <span class='ocrx_word' id='word_1_93' title='bbox 732 1577 881 1624; x_wconf 90' lang='lat' dir='ltr'><em>quum</em></span> <span class='ocrx_word' id='word_1_94' title='bbox 915 1567 1032 1626; x_wconf 89' lang='lat' dir='ltr'><em>post</em></span> <span class='ocrx_word' id='word_1_95' title='bbox 1065 1560 1256 1625; x_wconf 83' lang='lat' dir='ltr'><em>longius</em></span> <span class='ocrx_word' id='word_1_96' title='bbox 1289 1559 1600 1608; x_wconf 86' lang='lat' dir='ltr'><em>intervallum</em></span> <span class='ocrx_word' id='word_1_97' title='bbox 1635 1558 1731 1608; x_wconf 85' lang='lat' dir='ltr'><em>sibi</em></span> <span class='ocrx_word' id='word_1_98' title='bbox 1760 1557 1978 1607; x_wconf 78' lang='lat' dir='ltr'><em>reddun-</em></span> 
     </span>
     <span class='ocr_line' id='line_1_17' title="bbox 306 1639 1980 1705; baseline -0.002 -17"><span class='ocrx_word' id='word_1_99' title='bbox 306 1646 387 1688; x_wconf 83' lang='lat' dir='ltr'><em>tur</em></span> <span class='ocrx_word' id='word_1_100' title='bbox 413 1646 647 1689; x_wconf 83' lang='lat' dir='ltr'><em>amantes.</em></span> <span class='ocrx_word' id='word_1_101' title='bbox 715 1640 955 1705; x_wconf 80' lang='lat' dir='ltr'><em>opinatur</em></span> <span class='ocrx_word' id='word_1_102' title='bbox 988 1639 1253 1689; x_wconf 86' lang='lat' dir='ltr'><em>Laodamia</em></span> <span class='ocrx_word' id='word_1_103' title='bbox 1285 1641 1515 1688; x_wconf 84' lang='lat' dir='ltr'><em>maritum</em></span> <span class='ocrx_word' id='word_1_104' title='bbox 1547 1639 1677 1689; x_wconf 90' lang='lat' dir='ltr'><em>bello</em></span> <span class='ocrx_word' id='word_1_105' title='bbox 1710 1639 1809 1686; x_wconf 88' lang='lat' dir='ltr'><em>iam</em></span> <span class='ocrx_word' id='word_1_106' title='bbox 1843 1652 1980 1685; x_wconf 89' lang='lat' dir='ltr'><em>com-</em></span> 
     </span>
     <span class='ocr_line' id='line_1_18' title="bbox 303 1719 1980 1785; baseline 0 -18"><span class='ocrx_word' id='word_1_107' title='bbox 303 1719 466 1784; x_wconf 85' lang='lat' dir='ltr'><em>posito</em></span> <span class='ocrx_word' id='word_1_108' title='bbox 500 1720 693 1768; x_wconf 83' lang='lat' dir='ltr'><strong><em>redisse</em></strong></span> <span class='ocrx_word' id='word_1_109' title='bbox 726 1725 776 1768; x_wconf 88' lang='lat' dir='ltr'><em>et</em></span> <span class='ocrx_word' id='word_1_110' title='bbox 809 1726 1051 1785; x_wconf 87' lang='lat' dir='ltr'><em>perpetuo</em></span> <span class='ocrx_word' id='word_1_111' title='bbox 1073 1735 1353 1769; x_wconf 86' lang='lat' dir='ltr'><em>mansurum</em></span> <span class='ocrx_word' id='word_1_112' title='bbox 1390 1734 1519 1780; x_wconf 87' lang='lat' dir='ltr'><em>esse,</em></span> <span class='ocrx_word' id='word_1_113' title='bbox 1553 1719 1686 1783; x_wconf 86' lang='lat' dir='ltr'><em>quod</em></span> <span class='ocrx_word' id='word_1_114' title='bbox 1718 1723 1980 1782; x_wconf 80' lang='lat' dir='ltr'><em>utrumque</em></span> 
     </span>
     <span class='ocr_line' id='line_1_19' title="bbox 303 1799 808 1866; baseline 0.004 -18"><span class='ocrx_word' id='word_1_115' title='bbox 303 1805 449 1866; x_wconf 84' lang='lat' dir='ltr'><em>negat</em></span> <span class='ocrx_word' id='word_1_116' title='bbox 482 1799 808 1850; x_wconf 80' lang='lat' dir='ltr'><em>Protesilaus:</em></span> 
     </span>
     <span class='ocr_line' id='line_1_20' title="bbox 435 1878 1793 1947; baseline 0.001 -19"><span class='ocrx_word' id='word_1_117' title='bbox 435 1878 770 1947; x_wconf 82' lang='lat' dir='ltr'><em>„Seseque</em></span> <span class='ocrx_word' id='word_1_118' title='bbox 803 1881 1121 1947; x_wconf 80' lang='lat' dir='ltr'><em>iiperire</em></span> <span class='ocrx_word' id='word_1_119' title='bbox 1153 1881 1496 1930; x_wconf 78' lang='lat' dir='ltr'><em>mavolunt</em></span> <span class='ocrx_word' id='word_1_120' title='bbox 1533 1879 1793 1942; x_wconf 80' lang='lat' dir='ltr'><em>ibidem,</em></span> 
     </span>
     <span class='ocr_line' id='line_1_21' title="bbox 439 1958 1976 2027; baseline -0.001 -18"><span class='ocrx_word' id='word_1_121' title='bbox 439 1958 641 2016; x_wconf 80' lang='lat' dir='ltr'><em>Quam</em></span> <span class='ocrx_word' id='word_1_122' title='bbox 676 1976 815 2009; x_wconf 83' lang='lat' dir='ltr'><em>cum</em></span> <span class='ocrx_word' id='word_1_123' title='bbox 845 1967 1083 2027; x_wconf 78' lang='lat' dir='ltr'><em>stupro</em></span> <span class='ocrx_word' id='word_1_124' title='bbox 1116 1961 1418 2009; x_wconf 82' lang='lat' dir='ltr'><em>rebitere</em></span> <span class='ocrx_word' id='word_1_125' title='bbox 1464 1959 1545 2009; x_wconf 84' lang='lat' dir='ltr'><em>ad</em></span> <span class='ocrx_word' id='word_1_126' title='bbox 1589 1975 1740 2009; x_wconf 78' lang='lat' dir='ltr'><em>suos</em></span> <span class='ocrx_word' id='word_1_127' title='bbox 1774 1974 1976 2026; x_wconf 81' lang='lat' dir='ltr'><em>popu-</em></span> 
     </span>
     <span class='ocr_line' id='line_1_22' title="bbox 1137 2037 1429 2103; baseline 0 -15"><span class='ocrx_word' id='word_1_128' title='bbox 1137 2041 1241 2089; x_wconf 85' lang='lat' dir='ltr'><em>lar</em></span> <span class='ocrx_word' id='word_1_129' title='bbox 1256 2041 1340 2088; x_wconf 85' lang='lat' dir='ltr'><em>is&#39;’</em></span> <span class='ocrx_word' id='word_1_130' title='bbox 1365 2037 1429 2103; x_wconf 41' lang='grc' dir='ltr'><em>ᾗ).</em></span> 
     </span>
     <span class='ocr_line' id='line_1_23' title="bbox 303 2117 1976 2184; baseline 0 -18"><span class='ocrx_word' id='word_1_131' title='bbox 303 2117 417 2167; x_wconf 89' lang='lat' dir='ltr'><em>Hoc</em></span> <span class='ocrx_word' id='word_1_132' title='bbox 450 2117 689 2168; x_wconf 84' lang='lat' dir='ltr'><em>redeundi</em></span> <span class='ocrx_word' id='word_1_133' title='bbox 723 2118 888 2168; x_wconf 88' lang='lat' dir='ltr'><em>studio</em></span> <span class='ocrx_word' id='word_1_134' title='bbox 921 2119 1140 2184; x_wconf 87' lang='lat' dir='ltr'><em>suspicio</em></span> <span class='ocrx_word' id='word_1_135' title='bbox 1174 2119 1317 2168; x_wconf 82' lang='lat' dir='ltr'><em>uxori</em></span> <span class='ocrx_word' id='word_1_136' title='bbox 1351 2118 1567 2167; x_wconf 86' lang='lat' dir='ltr'><em>iniicitur</em></span> <span class='ocrx_word' id='word_1_137' title='bbox 1606 2117 1854 2182; x_wconf 84' lang='lat' dir='ltr'><em>praelatae</em></span> <span class='ocrx_word' id='word_1_138' title='bbox 1892 2133 1976 2167; x_wconf 87' lang='lat' dir='ltr'><em>ae-</em></span> 
     </span>
     <span class='ocr_line' id='line_1_24' title="bbox 303 2197 493 2247; baseline -0.005 0"><span class='ocrx_word' id='word_1_139' title='bbox 303 2197 493 2247; x_wconf 85' lang='lat' dir='ltr'><em>mulae:</em></span> 
     </span>
     <span class='ocr_line' id='line_1_25' title="bbox 435 2277 1977 2346; baseline 0.002 -20"><span class='ocrx_word' id='word_1_140' title='bbox 435 2277 601 2339; x_wconf 82' lang='lat' dir='ltr'><em>„Aut</em></span> <span class='ocrx_word' id='word_1_141' title='bbox 635 2293 810 2327; x_wconf 80' lang='lat' dir='ltr'><strong><em>nunc</em></strong></span> <span class='ocrx_word' id='word_1_142' title='bbox 843 2279 1205 2346; x_wconf 71' lang='lat' dir='ltr'><em>quaepiam</em></span> <span class='ocrx_word' id='word_1_143' title='bbox 1240 2278 1382 2327; x_wconf 88' lang='lat' dir='ltr'><em>alia</em></span> <span class='ocrx_word' id='word_1_144' title='bbox 1414 2284 1478 2326; x_wconf 85' lang='lat' dir='ltr'><em>te</em></span> <span class='ocrx_word' id='word_1_145' title='bbox 1513 2277 1634 2326; x_wconf 85' lang='lat' dir='ltr'><em>illo</em></span> <span class='ocrx_word' id='word_1_146' title='bbox 1666 2277 1977 2328; x_wconf 80' lang='lat' dir='ltr'><em>Asiatico</em></span> 
     </span>
     <span class='ocr_line' id='line_1_26' title="bbox 1127 2358 1723 2421; baseline -0.003 -13"><span class='ocrx_word' id='word_1_147' title='bbox 1127 2363 1370 2408; x_wconf 79' lang='lat' dir='ltr'><em>ornatu</em></span> <span class='ocrx_word' id='word_1_148' title='bbox 1406 2358 1723 2421; x_wconf 38' lang='lat' dir='ltr'><em>affluens*</em></span> 
     </span>
     <span class='ocr_line' id='line_1_27' title="bbox 436 2435 1978 2502; baseline 0.002 -18"><span class='ocrx_word' id='word_1_149' title='bbox 436 2435 571 2484; x_wconf 79' lang='lat' dir='ltr'><em>Aut</em></span> <span class='ocrx_word' id='word_1_150' title='bbox 622 2435 971 2487; x_wconf 77' lang='lat' dir='ltr'><em>Sardiano</em></span> <span class='ocrx_word' id='word_1_151' title='bbox 1020 2454 1100 2488; x_wconf 89' lang='lat' dir='ltr'><em>ac</em></span> <span class='ocrx_word' id='word_1_152' title='bbox 1143 2436 1361 2486; x_wconf 80' lang='lat' dir='ltr'><em>Ladio</em></span> <span class='ocrx_word' id='word_1_153' title='bbox 1394 2437 1686 2502; x_wconf 80' lang='lat' dir='ltr'><em>fulgens</em></span> <span class='ocrx_word' id='word_1_154' title='bbox 1730 2435 1978 2487; x_wconf 84' lang='lat' dir='ltr'><em>decore</em></span> 
     </span>
     <span class='ocr_line' id='line_1_28' title="bbox 1133 2513 1739 2582; baseline -0.002 -16"><span class='ocrx_word' id='word_1_155' title='bbox 1133 2533 1162 2565; x_wconf 93' lang='lat' dir='ltr'><em>e</em></span> <span class='ocrx_word' id='word_1_156' title='bbox 1179 2523 1201 2566; x_wconf 85' lang='lat' dir='ltr'><em>t</em></span> <span class='ocrx_word' id='word_1_157' title='bbox 1234 2518 1303 2582; x_wconf 85' lang='lat' dir='ltr'><em>gl</em></span> <span class='ocrx_word' id='word_1_158' title='bbox 1316 2517 1463 2566; x_wconf 86' lang='lat' dir='ltr'><em>oria</em></span> <span class='ocrx_word' id='word_1_159' title='bbox 1726 2513 1739 2517; x_wconf 72' lang='grc'><strong>’</strong></span> 
     </span>
     <span class='ocr_line' id='line_1_29' title="bbox 435 2595 815 2649; baseline 0.013 -5"><span class='ocrx_word' id='word_1_160' title='bbox 435 2595 815 2649; x_wconf 71' lang='grc' dir='ltr'><em>Ρθίἰόσειίτ.”</em></span> 
     </span>
     <span class='ocr_line' id='line_1_30' title="bbox 301 2674 1976 2742; baseline 0.001 -18"><span class='ocrx_word' id='word_1_161' title='bbox 301 2674 395 2724; x_wconf 88' lang='lat' dir='ltr'><em>His</em></span> <span class='ocrx_word' id='word_1_162' title='bbox 429 2691 486 2725; x_wconf 89' lang='lat' dir='ltr'><em>se</em></span> <span class='ocrx_word' id='word_1_163' title='bbox 520 2677 879 2742; x_wconf 85' lang='lat' dir='ltr'><em>suspicionibus</em></span> <span class='ocrx_word' id='word_1_164' title='bbox 914 2675 1215 2727; x_wconf 85' lang='lat' dir='ltr'><em>Protesilaus</em></span> <span class='ocrx_word' id='word_1_165' title='bbox 1249 2692 1346 2726; x_wconf 88' lang='lat' dir='ltr'><em>nou</em></span> <span class='ocrx_word' id='word_1_166' title='bbox 1379 2677 1520 2726; x_wconf 87' lang='lat' dir='ltr'><em>aliter</em></span> <span class='ocrx_word' id='word_1_167' title='bbox 1564 2693 1709 2742; x_wconf 85' lang='lat' dir='ltr'><em>quam</em></span> <span class='ocrx_word' id='word_1_168' title='bbox 1753 2691 1867 2726; x_wconf 82' lang='lat' dir='ltr'><em>vera</em></span> <span class='ocrx_word' id='word_1_169' title='bbox 1897 2674 1976 2726; x_wconf 77' lang='lat' dir='ltr'><em>fa-</em></span> 
     </span>
     <span class='ocr_line' id='line_1_31' title="bbox 299 2756 926 2821; baseline 0.003 -17"><span class='ocrx_word' id='word_1_170' title='bbox 299 2756 451 2806; x_wconf 84' lang='lat' dir='ltr'><em>tendo</em></span> <span class='ocrx_word' id='word_1_171' title='bbox 485 2756 699 2806; x_wconf 84' lang='lat' dir='ltr'><em>liberare</em></span> <span class='ocrx_word' id='word_1_172' title='bbox 733 2757 926 2821; x_wconf 71' lang='lat' dir='ltr'><em>potuita</em></span> 
     </span>
     <span class='ocr_line' id='line_1_32' title="bbox 430 2829 1777 2902; baseline -0.003 -16"><span class='ocrx_word' id='word_1_173' title='bbox 430 2835 561 2896; x_wconf 85' lang='grc' dir='ltr'>Οὔκ,</span> <span class='ocrx_word' id='word_1_174' title='bbox 599 2834 712 2886; x_wconf 74' lang='grc' dir='ltr'><strong><em>ἀλλ’</em></strong></span> <span class='ocrx_word' id='word_1_175' title='bbox 749 2832 815 2887; x_wconf 62' lang='grc' dir='ltr'><em>ἔτ’</em></span> <span class='ocrx_word' id='word_1_176' title='bbox 853 2830 1096 2900; x_wconf 77' lang='grc' dir='ltr'>ἔμπνουν</span> <span class='ocrx_word' id='word_1_177' title='bbox 1124 2829 1299 2902; x_wconf 83' lang='grc' dir='ltr'><strong><em>Ἀΐδης</em></strong></span> <span class='ocrx_word' id='word_1_178' title='bbox 1329 2835 1383 2901; x_wconf 86' lang='grc' dir='ltr'><em>μ’</em></span> <span class='ocrx_word' id='word_1_179' title='bbox 1418 2832 1624 2897; x_wconf 82' lang='grc' dir='ltr'><strong><em>ἐδέξατο</em></strong></span> <span class='ocrx_word' id='word_1_180' title='bbox 1645 2836 1744 2895; x_wconf 59' lang='lat'><em>³²³²).</em></span> <span class='ocrx_word' id='word_1_181' title='bbox 1774 2874 1777 2877; x_wconf 95' lang='lat'>.</span> 
     </span>
     <span class='ocr_line' id='line_1_33' title="bbox 429 2911 1977 2981; baseline -0.001 -17"><span class='ocrx_word' id='word_1_182' title='bbox 429 2915 524 2964; x_wconf 87' lang='lat' dir='ltr'><em>His</em></span> <span class='ocrx_word' id='word_1_183' title='bbox 572 2917 792 2981; x_wconf 87' lang='lat' dir='ltr'><em>peractis</em></span> <span class='ocrx_word' id='word_1_184' title='bbox 845 2919 1081 2967; x_wconf 88' lang='lat' dir='ltr'><em>Acastum</em></span> <span class='ocrx_word' id='word_1_185' title='bbox 1125 2916 1423 2967; x_wconf 81' lang='lat' dir='ltr'><em>intervenire</em></span> <span class='ocrx_word' id='word_1_186' title='bbox 1467 2930 1674 2966; x_wconf 87' lang='lat' dir='ltr'><em>necesse</em></span> <span class='ocrx_word' id='word_1_187' title='bbox 1718 2911 1838 2962; x_wconf 78' lang='lat' dir='ltr'><em>fuit:</em></span> <span class='ocrx_word' id='word_1_188' title='bbox 1890 2913 1977 2978; x_wconf 87' lang='lat' dir='ltr'><em>qui</em></span> 
     </span>
     <span class='ocr_line' id='line_1_34' title="bbox 300 2993 1977 3060; baseline -0.001 -16"><span class='ocrx_word' id='word_1_189' title='bbox 300 2997 560 3060; x_wconf 86' lang='lat' dir='ltr'><em>antequam</em></span> <span class='ocrx_word' id='word_1_190' title='bbox 595 2996 836 3060; x_wconf 81' lang='lat' dir='ltr'><em>prodiret,</em></span> <span class='ocrx_word' id='word_1_191' title='bbox 871 2997 1012 3046; x_wconf 85' lang='lat' dir='ltr'><em>chori</em></span> <span class='ocrx_word' id='word_1_192' title='bbox 1045 3012 1242 3047; x_wconf 85' lang='lat' dir='ltr'><em>carmen</em></span> <span class='ocrx_word' id='word_1_193' title='bbox 1274 2997 1538 3047; x_wconf 88' lang='lat' dir='ltr'><em>recitatum</em></span> <span class='ocrx_word' id='word_1_194' title='bbox 1571 3009 1685 3045; x_wconf 88' lang='lat' dir='ltr'><em>esse</em></span> <span class='ocrx_word' id='word_1_195' title='bbox 1718 2993 1944 3058; x_wconf 75' lang='lat' dir='ltr'><em>suspicor</em></span> <span class='ocrx_word' id='word_1_196' title='bbox 1960 3009 1977 3043; x_wconf 73' lang='lat' dir='ltr'>t</span> 
     </span>
    </p>
   </div>
   <div class='ocr_carea' id='block_1_3' title="bbox 328 3162 1977 3428">
    <p class='ocr_par' dir='ltr' id='par_1_3' title="bbox 328 3162 1977 3428">
     <span class='ocr_line' id='line_1_35' title="bbox 340 3162 1977 3255; baseline 0.002 -39"><span class='ocrx_word' id='word_1_197' title='bbox 340 3162 408 3229; x_wconf 48' lang='grc'><em>’*)</em></span> <span class='ocrx_word' id='word_1_198' title='bbox 436 3174 622 3255; x_wconf 49' lang='lat' dir='ltr'><em>Fsagm.</em></span> <span class='ocrx_word' id='word_1_199' title='bbox 651 3175 739 3222; x_wconf 75' lang='lat' dir='ltr'><em>iuc-</em></span> <span class='ocrx_word' id='word_1_200' title='bbox 762 3190 805 3219; x_wconf 89' lang='grc' dir='ltr'><em>ιι.</em></span> <span class='ocrx_word' id='word_1_201' title='bbox 826 3175 898 3219; x_wconf 80' lang='lat'><em>25.</em></span> <span class='ocrx_word' id='word_1_202' title='bbox 957 3175 1103 3234; x_wconf 85' lang='lat' dir='ltr'><em>Vulgo</em></span> <span class='ocrx_word' id='word_1_203' title='bbox 1143 3176 1297 3219; x_wconf 83' lang='lat' dir='ltr'><em>redire.</em></span> <span class='ocrx_word' id='word_1_204' title='bbox 1363 3173 1517 3218; x_wconf 86' lang='lat' dir='ltr'><em>Bothii</em></span> <span class='ocrx_word' id='word_1_205' title='bbox 1549 3174 1851 3234; x_wconf 65' lang='lat' dir='ltr'><em>coniectutam</em></span> <span class='ocrx_word' id='word_1_206' title='bbox 1895 3175 1977 3220; x_wconf 80' lang='lat' dir='ltr'><em>ad-</em></span> 
     </span>
     <span class='ocr_line' id='line_1_36' title="bbox 505 3258 1895 3286; baseline -0.001 0"><span class='ocrx_word' id='word_1_207' title='bbox 505 3258 526 3286; x_wconf 83' lang='lat' dir='ltr'><em>s</em></span> <span class='ocrx_word' id='word_1_208' title='bbox 546 3274 558 3286; x_wconf 90' lang='lat'><strong>.</strong></span> <span class='ocrx_word' id='word_1_209' title='bbox 1893 3281 1895 3284; x_wconf 15' lang='grc' dir='ltr'><em>Α</em></span> 
     </span>
     <span class='ocr_line' id='line_1_37' title="bbox 328 3258 1975 3428; baseline 0.002 -73"><span class='ocrx_word' id='word_1_210' title='bbox 328 3310 409 3369; x_wconf 58' lang='grc' dir='ltr'><em>*ἢ</em></span> <span class='ocrx_word' id='word_1_211' title='bbox 437 3258 623 3428; x_wconf 49' lang='grc' dir='ltr'><em>ἓξὲξ.</em></span> <span class='ocrx_word' id='word_1_212' title='bbox 653 3315 737 3358; x_wconf 83' lang='lat' dir='ltr'><em>inc.</em></span> <span class='ocrx_word' id='word_1_213' title='bbox 767 3330 820 3360; x_wconf 86' lang='lat' dir='ltr'><em>ex</em></span> <span class='ocrx_word' id='word_1_214' title='bbox 841 3316 1030 3361; x_wconf 81' lang='lat' dir='ltr'><em>Luciani</em></span> <span class='ocrx_word' id='word_1_215' title='bbox 1049 3316 1263 3374; x_wconf 76' lang='lat' dir='ltr'><em>Necyom.</em></span> <span class='ocrx_word' id='word_1_216' title='bbox 1287 3314 1501 3372; x_wconf 78' lang='lat' dir='ltr'><em>petitum3</em></span> <span class='ocrx_word' id='word_1_217' title='bbox 1533 3315 1591 3361; x_wconf 86' lang='lat' dir='ltr'><em>cf.</em></span> <span class='ocrx_word' id='word_1_218' title='bbox 1619 3316 1782 3361; x_wconf 74' lang='lat' dir='ltr'><em>Matth.</em></span> <span class='ocrx_word' id='word_1_219' title='bbox 1804 3330 1850 3372; x_wconf 80' lang='lat' dir='ltr'><em>p·</em></span> <span class='ocrx_word' id='word_1_220' title='bbox 1873 3313 1975 3358; x_wconf 84' lang='lat'>411.</span> 
     </span>
     <span class='ocr_line' id='line_1_38' title="bbox 439 3392 1298 3427; baseline 0.001 0"><span class='ocrx_word' id='word_1_221' title='bbox 439 3397 483 3427; x_wconf 90' lang='lat' dir='ltr'><em>u.</em></span> <span class='ocrx_word' id='word_1_222' title='bbox 599 3415 609 3426; x_wconf 91' lang='lat'><strong>.</strong></span> <span class='ocrx_word' id='word_1_223' title='bbox 672 3422 675 3424; x_wconf 79' lang='lat'>.</span> <span class='ocrx_word' id='word_1_224' title='bbox 1296 3392 1298 3394; x_wconf 79' lang='grc'><strong>’</strong></span> 
     </span>
    </p>
   </div>
  </div>
 </body>
</html>
