2144 3854
929 222 971 278 ἱ

119 375 219 436 teg.
254 368 338 431 Vi,
371 373 449 421 53.
521 369 700 417 Contra
734 368 784 414 iu
818 368 1035 414 dramate
1068 367 1319 431 Euripidis
1347 369 1414 432 (v.
1443 368 1580 431 955.)
1614 369 1779 418 statim

116 454 234 517 post
265 455 473 499 mortem
505 450 552 498 ln
585 446 820 505 Thracia,
855 460 950 494 non
982 446 1033 493 iu
1067 461 1185 508 agro
1212 445 1444 511 Troiano,
1479 447 1637 497 Rhesi
1668 465 1778 499 cor-

118 544 213 594 pus
247 527 570 593 compositum
605 540 741 586 esse,
787 524 898 589 ipse
931 527 1095 579 autem
1144 526 1275 590 genii
1303 532 1527 578 naturam
1559 528 1780 579 induisse

120 613 370 659 narratur:

183 684 413 752 κρυπτὸς
443 683 490 736 δ’
526 682 584 734 ἐν
615 685 828 750 ἄντροις
859 686 952 751 τῆς
983 682 1390 750 ὑπαργύρου
1425 687 1669 752 χθονὸς

182 764 649 832 ἀνθρωποδαίμων
681 763 928 827 κείσεται,
964 762 1172 829 βλέπων
1205 762 1361 830 φάος.

119 850 343 914 Unquam
388 848 438 895 in
484 863 602 911 agro
649 846 864 895 Troiano
912 863 1091 911 corpus
1136 846 1294 895 Rhesi
1339 847 1593 896 humatum
1640 849 1699 897 iri
1732 846 1782 911 *)

117 929 400 992 neutiquam
433 932 530 975 tam
566 926 754 975 diserte
779 931 1009 990 negasset
1028 927 1311 990 Euripides,
1348 927 1390 975 si
1414 926 1498 974 illo
1524 927 1632 991 ipso
1658 933 1782 977 tem-

118 1024 266 1076 pore,
315 1022 411 1070 quo
443 1007 663 1055 Rhesum
698 1007 968 1066 scriberet,
1014 1021 1127 1055 ossa
1158 1006 1288 1054 illius
1323 1021 1385 1055 ex
1419 1022 1535 1070 agro
1570 1005 1786 1057 Troiano

118 1093 257 1139 eruta
289 1091 342 1137 et
372 1088 422 1135 in
448 1085 707 1136 Thraciam
742 1087 976 1135 translata
1009 1090 1177 1135 essent
1197 1080 1305 1150 **);
1339 1086 1429 1135 sed
1464 1101 1672 1135 necesse
1710 1092 1788 1136 est

116 1171 229 1219 ante
273 1167 371 1216 hoc
416 1171 615 1231 tempus
662 1170 809 1229 atque
853 1166 976 1215 adeo
1021 1171 1135 1215 ante
1182 1165 1434 1214 oraculum
1481 1165 1632 1228 illud,
1690 1181 1785 1230 quo

116 1264 228 1298 ossa
261 1247 420 1297 Rhesi
451 1247 503 1295 in
537 1246 687 1296 Troia
720 1247 886 1296 iacere
922 1247 1171 1310 cognitum
1206 1250 1299 1307 est,
1335 1245 1505 1295 drama
1535 1245 1786 1311 Euripidis

116 1328 167 1377 in
198 1327 372 1393 vulgus
411 1326 598 1375 editum
632 1326 806 1376 fuisse.
874 1327 1216 1391 Antiquiorem
1248 1326 1332 1374 hic
1367 1330 1566 1375 secutus
1604 1331 1680 1375 est
1711 1326 1786 1374 fa-

114 1423 263 1469 mam,
296 1422 440 1471 quam
475 1407 741 1455 memoriae
764 1407 986 1471 prodidit
1009 1406 1338 1457 Philostratus
1362 1405 1564 1455 Heroic.
1599 1423 1647 1471 p.
1671 1408 1785 1457 680.

116 1487 245 1553 (62.)
269 1483 396 1549 ***),
424 1487 484 1536 ab
511 1486 752 1550 indigenis
778 1487 901 1551 ipsis
928 1487 1150 1552 petitam,
1186 1486 1270 1550 qui
1295 1502 1539 1549 nunquam
1566 1485 1788 1535 Rhesum

113 1569 367 1617 humatum
401 1582 514 1615 esse
547 1570 600 1616 et
631 1567 764 1629 genii
796 1567 1069 1631 praesentis
1103 1568 1150 1614 vi
1183 1567 1476 1628 numineque
1519 1565 1788 1630 pollentem

114 1646 382 1696 credebant
427 1662 666 1710 equorum
712 1661 1058 1709 armorumque
1103 1661 1251 1695 curae
1285 1653 1336 1694 et
1368 1645 1611 1694 venationi
1643 1660 1787 1709 prae—

116 1743 246 1786 esse,
280 1740 338 1773 ac
371 1725 546 1773 divinis
581 1725 852 1774 honoribus
886 1724 1127 1774 colebant.
1180 1725 1280 1774 lam
1316 1725 1359 1773 si
1383 1740 1605 1788 quaeras,
1640 1740 1788 1789 quae-

114 1821 224 1855 nam
258 1804 486 1868 Euripidi
519 1805 596 1853 vel
621 1805 1008 1872 Atheniensibus
1042 1809 1154 1853 ante
1189 1804 1435 1853 conditam
1469 1805 1644 1856 urbem
1665 1804 1788 1855 Am-

148 1939 192 1995 ¹⁵)
221 1939 272 1981 V.
300 1934 398 1980 947.
428 1932 512 1981 ούκ
541 1934 626 1981 εἶσι
654 1938 787 1993 γαίας
816 1935 862 1987 ἐς
889 1935 1162 1993 μελάγχιμον
1190 1935 1347 1982 πέδον.

131 2010 196 2066 **)
225 2009 478 2064 Polyaenus
488 2010 519 2050 1.
536 2010 591 2051 1.:
612 2008 762 2052 ταῦτα
781 2008 867 2052 τοῦ
888 2009 1007 2052 θεοῦ
1028 2007 1297 2065 χρήσαντος,
1318 2005 1344 2052 ὁ
1362 2006 1612 2065 στρατηγὸς
1623 2002 1806 2063 1’Ἅγνων

223 2079 290 2130 εἰς
321 2078 491 2135 Τροίαν
520 2077 722 2134 ἔπεμψεν
750 2075 936 2136 ἄνδρας,
967 2078 1013 2123 οἳ
1042 2077 1095 2123 τὸ
1124 2077 1288 2135 Ῥήσου
1319 2079 1450 2135 σῶμα
1477 2077 1658 2136 νύκτωρ
1679 2074 1791 2122 οἶνο-

224 2146 443 2209 ρύξαντες
480 2145 714 2193 άνείλοντο
755 2147 815 2192 τὰ
855 2145 994 2202 όστᾶ,
1045 2150 1125 2194 καὶ
1165 2149 1447 2201 καταθέντες
1491 2147 1549 2193 τά
1590 2146 1706 2194 όστᾶ
1746 2147 1791 2200 ἐς

224 2216 434 2276 χλαμύδα
461 2222 707 2278 πορφυρᾶν
736 2220 998 2277 κομίζουσιν
1028 2217 1103 2264 ἐπὶ
1131 2218 1214 2264 τὸν
1243 2217 1491 2278 Στρυμόνα
1518 2223 1613 2264 κτλ.

117 2292 204 2346 ***)
225 2285 384 2346 Ῥῆσον
424 2288 541 2348 γάρ,
583 2286 637 2335 ὃν
677 2290 726 2335 ἐν
759 2292 903 2350 Τροίᾳ
931 2289 1169 2348 Διομήδης
1209 2289 1495 2347 ἀπέκτεινεν,
1537 2291 1680 2334 οἰκεῖν
1707 2287 1791 2343 τὴν

223 2358 446 2417 Ῥοδόπην
474 2360 552 2404 καὶ
580 2362 728 2405 πολλὰ
762 2358 911 2406 αὐτοῦ
938 2360 1189 2418 θαυμαστοὶ
1217 2359 1424 2421 ᾅδουσιν.
1471 2359 1792 2417 Ἱπποτροφεῖν

225 2446 275 2476 τε
316 2428 403 2488 γάρ
441 2446 582 2486 φασιν
621 2429 766 2476 αὐτὸν
804 2431 882 2475 καὶ
922 2430 1178 2477 ὁπλιτεύειν
1220 2432 1300 2477 καὶ
1344 2429 1497 2490 θήρας
1544 2426 1789 2474 ἅπτεσθαι.

228 2503 426 2557 Σημεῖον
465 2500 515 2546 δὲ
557 2499 674 2546 εἶναι
713 2504 799 2547 τοῦ
839 2505 994 2560 θηρᾶν
1028 2501 1111 2548 τὸν
1148 2500 1244 2561 ἥρω
1275 2502 1327 2548 τὸ
1357 2501 1470 2553 τοὺς
1498 2501 1578 2552 σῦς
1605 2496 1793 2558 ἀγρίους

227 2569 306 2613 καὶ
342 2567 426 2621 τὰς
464 2569 694 2628 δορκάδας
735 2572 813 2617 καὶ
852 2571 1003 2617 ὁπόσα
1040 2573 1088 2618 ἐν
1125 2575 1190 2634 τῷ
1227 2569 1325 2630 ὄρει
1372 2574 1520 2631 θηρία
1573 2570 1792 2628 φοιτᾶν

227 2637 371 2698 πρὸς
410 2636 515 2684 τὸν
552 2639 745 2697 βωμὸν
781 2644 887 2686 τοῦ
916 2641 1119 2699 Ῥήσου
1147 2643 1268 2688 κατὰ
1297 2641 1382 2688 δύο
1413 2640 1444 2700 ἢ
1472 2643 1603 2699 τρία,
1645 2638 1793 2685 θύε-

227 2711 367 2755 σθαί
404 2726 453 2755 τε
491 2708 647 2755 ου’δενὶ
685 2713 831 2771 δεσμῷ
861 2711 1137 2770 ξυνεχόμενα
1164 2713 1243 2757 καὶ
1269 2711 1484 2771 παρέχειν
1510 2715 1567 2770 τῇ
1592 2711 1793 2768 μαχαίρᾳ

227 2779 388 2825 ἑαυτά.
445 2780 634 2836 Λέγεται
672 2780 722 2825 δὲ
751 2779 776 2825 ὁ
815 2779 938 2840 ἥρως
976 2779 1112 2836 οὗτος
1151 2784 1231 2828 καὶ
1267 2783 1430 2840 λοιμοῦ
1467 2780 1646 2839 ἐρύκειν
1683 2778 1795 2830 τούς

225 2845 378 2909 ὅρους.
436 2852 910 2910 Πολυανθρωποτάτη
940 2852 991 2897 δὲ
1020 2849 1048 2909 ἡ
1085 2851 1279 2911 Ῥοδόπη
1309 2853 1388 2898 καὶ
1415 2852 1580 2897 πολλαὶ
1605 2850 1711 2909 περὶ
1738 2847 1791 2894 τὸ

230 2920 359 2980 ἱερὸν
395 2921 445 2965 αἱ
481 2922 644 2978 κῶμαι.
691 2917 842 2968 ’Όθεν
882 2939 960 2980 μοι
997 2926 1128 2969 δοκεῖ
1162 2925 1242 2969 καὶ
1277 2923 1533 2984 βοήσεσθαι
1558 2919 1674 2980 ὑπὲρ
1700 2921 1793 2964 τῶν

230 2991 401 3036 ἑαυτοῦ
428 2994 776 3050 συστρατιωτῶν
803 2992 830 3037 ό
852 2992 1104 3051 Διομήδης,
1136 2997 1179 3039 εἰ
1202 2992 1286 3040 τὸν
1312 2993 1395 3051 μὲν
1419 2995 1578 3053 Θρᾷκα
1607 2993 1791 3043 τοῦτον,

228 3058 285 3106 δν
313 3058 454 3112 αύτός
483 3061 742 3120 ἀπέκτεινε,
770 3063 913 3120 μηδὲν
941 3062 1190 3122 εὐδόκιμον
1218 3065 1266 3110 έν
1299 3067 1444 3124 Τροίᾳ
1471 3061 1792 3123 ἐργασάμενον,

229 3130 346 3188 μηδὲ
368 3132 582 3186 δείξαντά
602 3150 648 3177 τι
666 3132 760 3178 ἐκεῖ
774 3131 910 3190 λόγου
932 3133 1064 3189 ἄξιον
1084 3134 1204 3193 πλὴν
1229 3137 1384 3180 ἵππων
1412 3135 1606 3186 λευκῶν,
1635 3129 1793 3177 εἶναι’

230 3217 285 3247 τι
321 3200 622 3260 ἡγοίμεθα
659 3205 754 3249 καὶ
791 3202 1052 3262 θύοιμεν
1080 3204 1259 3264 αὐτῷ,
1297 3205 1395 3251 διὰ
1431 3202 1706 3259 Ῥοδόπης
1733 3218 1791 3245 τε

230 3270 329 3317 καὶ
369 3270 603 3332 Θράκης
638 3275 1062 3334 πορευόμενοι,
1109 3274 1218 3328 τοὺς
1256 3277 1306 3322 δὲ
1343 3280 1455 3321 θεῖα
1493 3275 1569 3320 καὶ
1606 3271 1792 3330 λαμπρὰ

232 3341 551 3400 εἰργασμένους
578 3343 687 3403 ἔργα
715 3343 1025 3402 ἀτιμάζωμεν,
1053 3344 1256 3404 μυθώδη
1282 3347 1370 3404 τὴν
1391 3345 1497 3404 περὶ
1520 3341 1693 3395 αὐτοὺς
1709 3340 1789 3388 δό-

229 3412 314 3466 ξαν
340 3410 587 3471 ἡγούμενοι
616 3414 694 3460 καὶ
720 3416 1104 3475 κεκομπασμένην.
1163 3419 1233 3461 Cf.
1267 3419 1412 3462 Vnter.
1443 3432 1487 3472 p.
1518 3414 1668 3460 CLXI.

1839 3332 1855 3353 θ
