2144 3854
1093 269 1214 325 116

316 422 510 490 plicatis
542 418 810 477 natalibus,
853 414 916 463 ad
962 415 1320 464 ostendendum
1351 411 1671 462 infortunium
1702 424 1861 464 suum‘
1878 429 1990 481 per-

315 501 526 567 gendum
558 498 652 546 fuit
683 495 1025 559 Menalippae,
1072 510 1170 558 quo
1209 494 1321 543 loco
1357 509 1503 557 quum
1536 493 1635 541 vim
1680 493 1778 544 sibi
1820 509 1850 543 a
1891 493 1994 543 Ne—

316 585 470 644 ptuno
483 578 664 626 factam
689 588 802 624 csse
834 580 1142 638 quereretur,
1171 572 1512 639 pulcritudinis
1535 573 1728 622 formae
1750 588 1858 622 eam
1872 584 1992 638 poe-

317 658 486 707 nituit.
1047 695 1054 700 ,

449 763 515 773 —-
580 761 643 771 —-
713 733 780 784 οὐ
812 732 913 800 γάρ
949 731 1089 784 ἐστιν
1122 730 1352 797 ἀσφαλὲς

448 812 820 879 περαιτέρω
854 814 924 865 τὸ
958 812 1201 873 κάλλος
1233 812 1266 879 ἢ
1301 810 1507 878 μέσως
1539 811 1799 876 λαβεῖν,

318 897 495 962 fragm.
531 897 624 944 inc.
662 899 770 944 168.
786 932 800 955 ,
847 896 977 958 quod
1010 896 1109 946 huc
1154 895 1404 959 pertinere
1439 909 1500 941 ex
1550 893 1694 941 Ennii
1726 891 1997 941 imitatione

318 976 623 1040 intelligitur,
656 976 721 1024 de
754 991 847 1038 qua
881 975 1005 1023 haec
1038 974 1194 1022 refert
1226 973 1417 1022 Gellius
1452 971 1515 1031 V,
1552 975 1632 1019 11.
1668 973 1761 1020 12:
1825 971 1997 1034 „Qua-

320 1056 382 1103 lis
414 1055 573 1103 forma
607 1072 635 1102 a
670 1055 731 1116 Q.
769 1055 927 1102 Ennio
960 1055 1007 1101 in
1042 1053 1319 1117 Menalippa
1370 1067 1607 1117 perquam
1656 1052 1866 1116 eleganti
1910 1066 1996 1100 vo-

321 1134 494 1183 cabulo
529 1138 695 1182 stata
730 1134 941 1192 dicitur,
990 1149 1114 1196 quae
1158 1149 1319 1197 neque
1352 1127 1505 1196 κοινὴ
1541 1131 1704 1180 futura
1739 1132 1805 1180 sit
1836 1146 1998 1194 neque

319 1213 496 1279 ποινή,
531 1229 675 1276 quam
708 1212 916 1260 formam
962 1213 1273 1261 modicam
1317 1217 1377 1261 et
1419 1211 1764 1260 modestam
1797 1210 1999 1260 Favori-

321 1310 412 1343 nus
445 1309 541 1342 non
575 1292 856 1340 mehercule
890 1292 1066 1340 inscite
1090 1292 1306 1356 appellat
1337 1291 1636 1340 uxoriam.
1702 1291 1892 1339 Ennius
1913 1305 1998 1338 au-

321 1379 422 1423 tem
467 1374 517 1420 in
566 1372 691 1431 ista,
748 1387 893 1434 quam
946 1371 1076 1431 dixi,
1150 1373 1400 1435 tragoedia
1460 1387 1550 1419 eas
1591 1373 1716 1435 sere
1766 1371 1999 1434 seminas

322 1454 392 1501 ait
425 1451 667 1500 incolumi
694 1449 958 1515 pudicitia
994 1466 1117 1510 esse,
1154 1468 1287 1516 quae
1318 1457 1460 1500 stata
1480 1452 1659 1515 forma
1679 1448 1907 1515 forent-’⁹

452 1530 660 1593 Reliqua
686 1544 802 1593 pars
828 1529 1019 1594 prologi
1045 1529 1289 1592 colloquio
1313 1530 1665 1583 conficiebatur
1690 1529 2001 1593 Menalippae

323 1615 470 1674 atque
515 1609 744 1665 nutricis,
779 1608 831 1656 id
863 1609 993 1671 quod
1040 1609 1317 1658 ostenditur
1362 1609 1593 1673 Gregorii
1624 1609 1817 1658 verbis:
1866 1607 1902 1674 ἦ
1945 1606 2003 1659 δὲ

325 1687 413 1741 διὰ
456 1686 553 1754 τὴν
597 1690 695 1738 τοῦ
740 1685 938 1751 πατρὸς
981 1686 1304 1750 προςδοκίαν
1342 1682 1470 1748 τοὺς
1520 1686 1873 1753 γεννηθέντας
1930 1687 2003 1749 εἰς

326 1769 616 1837 βούστασιν
650 1764 810 1818 ἔδωκε
843 1773 908 1833 τῇ
941 1773 1123 1834 τροφῷ
1157 1771 1334 1820 θεῖναι
1366 1767 1499 1821 κατὰ
1530 1767 1630 1836 τὴν
1662 1765 1880 1837 ἐντολὴν
1903 1771 2003 1820 τοῦ

325 1847 783 1911 κατασπείραντος.
853 1849 918 1897 Et
950 1851 997 1898 in
1031 1851 1184 1913 patris
1219 1852 1414 1914 quidem
1447 1852 1591 1900 Aeoli
1623 1851 1771 1900 bovili
1804 1851 2004 1916 exposi-

326 1936 405 1981 tos
439 1945 551 1979 esse
583 1928 794 1976 infantes
830 1927 974 1976 docet
1008 1928 1267 1992 Dionysius
1302 1931 1382 1988 lX,
1419 1933 1508 1980 ll:
1544 1926 1753 1994 ἐξέθηκε
1786 1928 1835 1980 δ’
1871 1927 2006 1980 αὐτὰ

328 2008 401 2070 εἰς
447 2007 512 2059 τὰ
556 2011 655 2058 τοῦ
703 2005 899 2070 πατρὸς
947 2005 1270 2073 βουφόρβια.
1345 2010 1631 2061 Mandatum
1675 2010 1894 2076 Neptuni
1942 2027 2004 2060 eo

329 2089 495 2141 statim
527 2094 781 2153 tempore,
830 2103 925 2152 quo
971 2104 1082 2136 cum
1117 2089 1300 2152 virgine
1333 2091 1620 2149 concubuit,
1672 2091 1858 2140 editum
1893 2106 2006 2140 esse

328 2168 596 2236 putandum
630 2173 720 2218 est.
789 2167 903 2217 Dies
939 2173 1129 2229 autem,
1179 2185 1275 2232 quo
1309 2171 1470 2219 redire
1503 2170 1655 2220 Aeolo
1690 2171 1882 2233 licebat,
1918 2169 2004 2220 de-

330 2249 499 2298 finitus
535 2253 638 2296 erat
669 2248 798 2298 idem
818 2286 831 2309 ,
881 2264 973 2313 quo
1014 2248 1169 2312 priori
1202 2265 1326 2297 anno
1360 2265 1420 2298 ex
1453 2251 1612 2314 patria
1645 2251 1855 2300 abieratt
1898 2256 2008 2301 erat

331 2329 482 2393 igitur
515 2329 558 2375 is
591 2328 701 2392 ipse
735 2328 868 2383 dies,
918 2342 1014 2390 quo
1059 2329 1181 2376 haec
1227 2329 1510 2393 agebantur.
1574 2330 1720 2379 Hunc
1763 2331 1895 2379 diem
1927 2330 2006 2379 fe-

332 2413 461 2458 stum
498 2406 653 2455 fuisse
687 2409 941 2456 universae
976 2408 1158 2456 civitati
1190 2409 1428 2469 arbitror,
1479 2414 1531 2458 et
1577 2411 1736 2458 coisse
1782 2411 1844 2459 ad
1891 2427 2006 2459 eum

333 2486 678 2536 celebrandum
709 2492 855 2549 atque
887 2486 1050 2550 ipsum
1083 2503 1251 2552 regem
1283 2487 1426 2536 laetis
1462 2489 1700 2538 ominibus
1734 2489 2007 2554 faustisque

331 2566 695 2630 precationibus
729 2565 1068 2629 excipiendum
1099 2572 1290 2631 partem
1325 2568 1530 2627 civium,
1585 2569 1669 2632 qui
1712 2570 1850 2618 chori
1894 2586 2011 2618 mu-

332 2660 452 2694 nere
484 2645 838 2710 fungerentur:
890 2646 974 2708 qui
1025 2662 1173 2709 quum
1221 2648 1410 2696 obviam
1444 2648 1600 2697 Aeolo
1631 2649 1917 2713 processuri
1946 2649 2010 2697 ad

333 2725 520 2788 regiam
555 2724 885 2784 convenirent,
917 2726 1089 2788 parodi
1122 2728 1392 2776 cantandae
1424 2728 1628 2776 dabatur
1653 2729 2010 2792 opportunitas.

465 2802 638 2851 Statim
674 2803 851 2852 deinde
884 2804 1065 2853 Aeolus
1101 2821 1212 2853 cum
1249 2807 1506 2856 comitibus
1542 2807 1590 2853 in
1625 2822 1823 2854 scenam
1857 2807 2008 2872 prod-

334 2884 422 2943 iit,
470 2883 741 2946 gratulante
774 2884 945 2945 choro,
977 2889 1028 2932 et
1061 2901 1210 2948 quum
1241 2884 1399 2933 laetus
1433 2886 1629 2934 domum
1666 2885 1887 2952 deosque
1922 2902 2011 2951 pa-

334 2962 456 3010 trios
489 2966 718 3025 receptos
752 2962 1089 3027 adspexisset,
1138 2981 1166 3013 a
1198 2964 1556 3028 filiaquoque,
1594 2966 1815 3029 quamvis
1851 2966 2009 3028 anxia,

336 3040 572 3089 salutatus
607 3045 700 3088 est.
767 3041 968 3090 Interim
1003 3042 1174 3092 famuli
1203 3044 1362 3109 regis,
1413 3060 1561 3107 quum
1614 3061 1767 3108 equos
1810 3045 1864 3094 in
1911 3049 2010 3093 sta-

333 3119 451 3168 bula
493 3118 812 3180 reducerent,
876 3138 1072 3172 vaccam
1136 3127 1498 3188 conspexerunt
1547 3124 1812 3174 infantibus
1862 3124 2012 3173 ubera

337 3197 659 3263 praebentem
695 3205 747 3248 et
779 3205 974 3250 taurum
1010 3203 1208 3252 eosdem
1237 3203 1596 3253 custodientem
1622 3208 2013 3267 servantemque,

339 3293 402 3326 ne
434 3293 555 3342 grex
586 3278 735 3327 boum
770 3280 1020 3331 obtereret
1043 3281 1122 3347 *)‚
1173 3281 1302 3331 unde
1343 3282 1453 3330 illos
1500 3299 1561 3333 ex
1605 3283 1685 3332 his
1722 3283 2010 3332 animalibus

411 3391 453 3445 *)
480 3392 620 3434 Varro
645 3392 701 3433 R.
731 3393 789 3435 R.
817 3393 874 3448 11,
903 3392 947 3435 5.
976 3393 1025 3437 5:
1054 3395 1184 3452 Novi,
1210 3395 1350 3452 inquit
1375 3395 1466 3452 ille,
1496 3396 1774 3440 maiestatem
1800 3397 1938 3439 boum
1955 3419 2009 3426 —-

478 3465 713 3514 praeterea.
739 3462 830 3505 scio
870 3463 988 3506 hunc
1025 3479 1145 3517 esse,
1181 3465 1227 3507 in
1257 3479 1388 3519 quem
1416 3466 1688 3524 potissimum
1726 3466 1925 3522 Iuppiter
1962 3479 2010 3507 se
