2144 3854
1169 273 1288 330 194

387 426 618 483 tandem,
670 421 812 470 minis
849 420 975 468 illius
1012 420 1240 481 territus,
1287 420 1395 483 ipse
1429 418 1544 467 tiliis
1579 423 1755 468 auctor
1787 419 1845 468 fit
1877 419 2063 468 sororis

386 504 650 553 tollendae.
720 500 1007 549 Sarcasmus
1041 500 1171 549 inest
1203 500 1387 559 verbis,
1424 499 1599 562 quibus
1619 515 1826 563 poenam
1857 499 2063 562 irrogat:

519 582 895 643 „Postremo
921 581 1560 646 amplexa-fructum,
1587 595 1768 645 quem
1793 577 2063 640 elidant,

1218 677 1287 709 ca
1295 677 1333 726 p
1352 656 1428 710 εἶ’

388 741 594 791 Licebat
626 745 788 790 autem
822 742 953 806 patri
987 741 1051 789 de
1084 740 1185 788 filia
1220 740 1517 804 supplicium
1553 755 1768 800 sumere,
1802 739 1940 787 cuius
1967 752 2063 785 non

388 838 561 872 caussa
604 821 784 879 solum,
832 837 1001 870 verum
1049 822 1194 869 etiam
1230 821 1498 868 necessitas
1546 825 1694 870 esset.
1769 817 2066 867 Timendum

389 904 520 952 enim
554 907 676 961 erat,
712 918 792 959 ne,
829 907 913 950 aut
959 901 1291 965 Alphesiboea
1335 901 1589 963 coniugem
1638 900 1936 957 ulciscente,
1980 901 2067 947 aut

388 982 625 1031 fratribus
660 981 804 1048 huius
839 981 1072 1030 ultionem
1107 986 1421 1046 praevertere
1457 980 1798 1040 studentibus,
1833 977 1977 1027 liberi
2010 993 2067 1026 se

387 1062 599 1111 invicem
643 1062 996 1110 interficerent.
1077 1060 1248 1109 Genus
1293 1067 1459 1109 autem
1504 1060 1732 1124 supplicii
1779 1057 1964 1122 delegit
1996 1056 2065 1117 id,

389 1157 488 1206 quo
521 1143 590 1191 uti
623 1141 847 1190 solebant
881 1141 981 1205 qui,
1018 1157 1079 1189 ne
1114 1141 1264 1189 caede
1299 1157 1470 1189 manus
1508 1141 1917 1198 contaminarent,
1954 1154 2064 1186 cru-

391 1238 530 1271 orem
561 1222 703 1279 eius,
730 1237 876 1284 quem
910 1221 1296 1279 interficiebant,
1345 1221 1544 1269 haurire
1578 1220 1826 1269 nolebant.
1892 1217 2064 1269 Vivam

390 1302 542 1368 igitur
574 1301 727 1350 muris
762 1299 990 1350 concludi
1023 1301 1184 1349 iussit.

523 1380 664 1431 Forti
709 1386 759 1429 et
803 1381 1044 1428 constanti
1089 1381 1247 1428 animo
1295 1379 1677 1444 Alphesiboeam
1733 1379 1797 1427 ad
1854 1382 2064 1427 mortem

392 1462 667 1527 profectam
718 1477 831 1509 esse
878 1460 1146 1525 putandum
1181 1465 1284 1520 est,
1337 1459 1716 1508 commiserante
1747 1459 1920 1509 choro.
1988 1458 2066 1506 Ex

393 1541 553 1591 nuntii
583 1541 867 1590 narratione
900 1545 1062 1588 exstat
1093 1539 1420 1603 fragmentum
1454 1540 1642 1587 hocce:

526 1650 588 1658 —
722 1649 787 1657 --
918 1648 982 1654 —-—
1109 1647 1177 1657 ν·-
1305 1646 1374 1655 ·-—
1506 1617 1719 1676 ‚‚sede‚

530 1701 997 1766 Angustitate
1028 1701 1194 1748 saxi
1223 1700 1529 1758 inclusa,
1564 1696 1936 1764 squalida.''

392 1783 654 1830 Postremo
688 1780 835 1828 deum
884 1779 1096 1842 aliquem
1145 1780 1471 1828 intervenisse
1517 1783 1667 1842 puto,
1714 1779 1797 1842 qui
1838 1777 2067 1843 Alphesi-

394 1863 567 1909 boeam
599 1861 775 1909 merita
811 1859 953 1907 laude
987 1858 1238 1918 afficeret,
1273 1865 1463 1923 patrem
1499 1859 1849 1918 consolaretur,
1885 1855 2069 1907 fratres

394 1949 578 2000 autem,
612 1945 666 1988 ut
699 1940 894 2004 piaculo
929 1955 983 1986 se
1017 1939 1280 1999 solverent,
1314 1937 1493 1986 monile
1526 1953 1636 1985 cum
1670 1936 1819 2002 peplo
1853 1939 1901 1985 iu
1933 1943 2065 1985 tem-

396 2021 531 2085 plum
574 2019 819 2083 Apollinis
867 2017 1085 2081 Delphos
1122 2017 1346 2081 perferre
1387 2018 1596 2066 iuberet.
1663 2017 1741 2065 Ex
1774 2018 1920 2066 huius
1955 2033 2064 2066 ora-

395 2100 526 2148 tione
560 2098 815 2162 depromta
850 2113 962 2145 esse
992 2097 1219 2145 videntur
1252 2097 1403 2145 haec:

756 2237 760 2240 ἡ
977 2177 1187 2242 „quod
1222 2178 1276 2225 ii
1311 2175 1612 2225 interdiu
1647 2176 1938 2240 inferam
1964 2174 2016 2240 *)

529 2256 811 2304 Penitus
874 2256 1375 2321 interpressam
1435 2256 1610 2305 altis
1668 2257 2067 2306 clauserunt

1225 2337 1415 2403 speci
1426 2342 1501 2384 s.”

398 2417 630 2465 Ceterum
665 2414 884 2463 abfuisse
917 2417 978 2464 ab
1012 2416 1107 2464 hac
1140 2417 1395 2480 tragoedia
1427 2420 1547 2479 puto
1581 2415 1749 2464 caedis
1771 2431 2067 2466 commemo-

398 2497 666 2555 rationem,
708 2510 809 2558 qua
843 2494 1093 2543 Temenus
1129 2502 1277 2561 atque
1311 2497 1470 2544 Axion
1505 2512 1532 2543 a
1567 2494 1867 2546 Callirrhoes
1900 2495 2067 2545 liberis

398 2574 726 2639 (Amphotero
758 2579 906 2638 atque
938 2575 1215 2639 Acarnane)
1250 2575 1499 2624 interfecti
1533 2591 1645 2624 esse
1678 2577 1922 2624 dicuntur.
1966 2575 2069 2623 Ali-

399 2661 479 2704 ter
511 2654 640 2702 enim
675 2654 735 2702 ab
771 2654 877 2702 aliis
927 2657 1161 2704 traditum
1206 2656 1362 2704 fuisse
1411 2656 1656 2721 colligitur
1704 2671 1767 2704 ex
1797 2654 2069 2704 Pausaniae

399 2733 525 2794 loco,
559 2749 704 2797 quem
739 2750 887 2798 supra
922 2735 1190 2784 citavimus

530 2812 703 2878 Longe
748 2814 987 2861 diversam
1037 2816 1166 2863 viam
1211 2814 1273 2863 ad
1317 2815 1466 2864 huius
1500 2814 1696 2863 fabulae
1727 2811 1960 2877 reliquias
1991 2813 2067 2861 in-

399 2893 741 2955 terpretandas
777 2891 1207 2959 disponendasque
1240 2895 1486 2958 ingressus
1522 2898 1599 2942 est
1632 2892 1941 2956 Welckerus,
1975 2892 2066 2941 So-

399 2970 568 3036 phocli
599 2970 822 3018 tribuens
855 2988 981 3035 quae
1026 2975 1288 3023 manifesto
1341 2973 1588 3037 Euripidis
1637 2976 1777 3033 sunt,
1822 2978 1882 3023 et
1918 2989 2068 3038 posse

399 3050 545 3098 huius
591 3050 873 3112 tragoediae
917 3057 1215 3114 structuram
1257 3069 1318 3101 ex
1359 3051 1646 3115 fragmentis
1682 3053 1855 3102 coniici
1887 3053 2066 3117 despe-

402 3144 530 3178 rans,
596 3130 795 3178 Mecum
829 3135 992 3181 autem
1028 3134 1274 3182 consentit
1307 3131 1506 3180 Schoell
1540 3132 1590 3180 in
1623 3132 1777 3195 libro,
1820 3146 1970 3196 ⁴quem
2003 3132 2068 3180 de

542 3322 676 3363 quem
703 3321 788 3350 non
815 3307 1032 3353 refutavit
1059 3312 1318 3354 wolckerus
1345 3324 1388 3366 p.
1419 3309 1517 3354 582.
1587 3296 1793 3356 Ceterum
1829 3310 1934 3354 libri
1970 3309 2066 3355 ἐπεὶ

543 3383 589 3422 et
617 3376 687 3422 ἐπ’
714 3373 770 3422 οὔ
801 3393 882 3434 pro
911 3378 1001 3424 εἴπ’
1030 3382 1085 3424 εἰ.

467 3449 515 3501 ²⁴)
545 3449 716 3505 Vulgo:
747 3450 860 3504 quod
887 3451 950 3493 dii
976 3451 1203 3494 interdum.
