2176 3874
964 292 1087 352 4ss3

142 477 155 490 ,
178 434 430 491 consortio
463 439 807 505 colloquioque
838 439 1056 500 fruatur,
1101 445 1256 504 utque
1288 456 1446 507 paene
1476 440 1639 494 divino
1668 441 1861 494 honore

180 537 236 571 se
269 537 298 570 a
332 520 597 570 comitibus
632 520 727 570 coli
761 521 944 586 cupiat.
1012 519 1123 583 Quo
1158 521 1317 571 elatus
1344 521 1477 572 fastu
1494 523 1625 573 senis
1642 523 1862 588 pruden-

179 601 358 650 tissimi
390 600 845 664 modestissimique
876 600 1087 661 monita,
1133 606 1186 649 ut
1232 601 1455 651 comitati
1506 603 1705 652 studeat
1735 617 1862 654 neve

178 681 385 730 alteram
419 680 563 730 deam
598 682 647 730 in
684 686 952 745 conspectu
986 680 1197 744 positam
1245 681 1496 746 negligere
1543 682 1692 744 velit,
1741 698 1862 732 con-

178 761 371 821 temnit,
405 775 588 824 negans
624 762 718 810 sibi
741 761 937 825 probari
962 760 1124 820 deam,
1162 760 1302 808 cuius
1323 760 1455 810 facta
1474 761 1635 811 lucem
1654 762 1860 828 fugiant.

177 840 344 902 Quare
377 841 534 890 misso
566 842 812 891 monitore
857 839 1004 904 simul
1050 856 1162 889 cum
1208 841 1410 890 numine
1444 841 1660 890 obsceno
1694 844 1861 892 statim

175 919 316 969 iubet
349 920 489 969 cibos
522 922 686 986 parari
719 935 974 984 equosque
1009 920 1196 982 curari,
1246 937 1275 969 a
1308 925 1486 970 venatu
1530 921 1763 972 continuo
1797 922 1860 971 ad

174 1000 488 1062 agitationem
522 1016 761 1064 equorum
797 1000 1113 1059 transiturus,
1148 1001 1322 1064 quibus
1354 1001 1605 1065 periturus
1640 1006 1735 1053 est.

310 1080 486 1129 Prodit
518 1079 699 1128 deinde
733 1079 917 1127 chorus
939 1079 1217 1140 mulierum,
1252 1097 1381 1144 quae
1414 1096 1527 1130 cum
1561 1080 1777 1132 fuissent
1807 1081 1859 1133 in

174 1160 396 1211 vestibus
429 1159 648 1208 lavandis
682 1159 812 1224 apud
847 1158 1039 1208 fontem
1073 1175 1227 1224 aquae
1260 1161 1475 1210 marinae
1503 1166 1774 1225 occupatae
1786 1160 1859 1225 '‘)‚

141 1236 147 1240 ’
174 1240 240 1290 de
272 1240 472 1306 reginae
505 1240 817 1305 aegritudine
859 1240 1066 1304 eiusque
1098 1240 1342 1290 moriendi
1375 1240 1583 1290 consilio
1615 1257 1859 1307 cognove-

174 1326 305 1370 runt.
372 1318 603 1369 Tertium
639 1320 768 1369 enim
803 1320 901 1367 iam
935 1321 1067 1368 diem
1094 1319 1228 1369 illam
1256 1321 1366 1371 cibo
1383 1321 1630 1370 abstinere
1656 1320 1858 1372 inlecto

174 1400 555 1450 decumbentem
593 1406 743 1464 atque
776 1400 972 1449 occulto
1020 1401 1193 1450 morbo
1225 1401 1561 1450 tabescentem
1598 1416 1857 1465 compere-

174 1485 304 1530 runt.
374 1480 612 1530 caussam
642 1481 759 1530 mali
777 1481 1057 1546 ignorantes
1077 1485 1162 1529 aut
1180 1480 1354 1530 furore
1377 1481 1608 1530 divinitus
1632 1480 1858 1531 immisso

173 1561 308 1609 illam
342 1561 532 1621 vexari,
581 1566 667 1610 aut
709 1560 888 1609 iniuria
933 1561 1164 1610 affectam
1198 1577 1226 1609 a
1261 1561 1469 1626 coniuge
1501 1576 1615 1610 esse
1647 1561 1856 1610 alienam

176 1640 427 1691 Venerem
461 1646 710 1702 sectante,
746 1646 830 1690 aut
863 1642 1031 1691 nuntio
1079 1642 1142 1691 de
1177 1641 1454 1691 calamitate
1487 1640 1647 1704 aliqua
1681 1639 1857 1690 domus

174 1726 412 1785 paternae
444 1721 590 1770 allato
625 1727 1006 1785 consternatam,
1040 1727 1124 1771 aut
1156 1721 1370 1785 denique
1400 1725 1572 1787 partus
1607 1719 1857 1770 doloribus

174 1801 627 1852 vehementioribus
662 1802 887 1852 laborare
922 1803 1252 1868 suspicantur.

306 1882 429 1931 Mox
463 1883 571 1947 ipsa
605 1883 788 1947 pallido
823 1900 939 1944 ore,
985 1882 1217 1949 languido
1262 1881 1527 1945 tabidoque
1561 1897 1771 1948 corpore
1803 1882 1857 1932 in

174 1961 306 2012 lecto
339 1963 518 2012 sedens
551 1964 747 2012 reclinis
782 1964 1096 2028 conspicitur.
1162 1962 1472 2028 Morigerans
1517 1961 1663 2010 enim'
1692 1961 1858 2011 nutrix

172 2042 380 2107 optanti,
416 2047 472 2092 ut
505 2043 634 2092 clara
668 2043 782 2093 luce
814 2058 1038 2108 puroque
1071 2042 1276 2091 aethere
1303 2041 1570 2102 frueretur,
1605 2045 1742 2091 extra
1765 2041 1856 2091 do·

172 2138 307 2172 mum
321 2138 415 2188 per
428 2122 638 2172 famulas
656 2122 960 2172 efferendam
978 2123 1181 2172 curavit.
1227 2121 1365 2184 Quae
1390 2126 1624 2186 aegrotae
1657 2122 1854 2186 cupido,

171 2217 373 2268 semper
389 2219 579 2262 eorum,
615 2219 743 2267 quae
766 2204 963 2265 adsunt,
992 2203 1307 2268 impatientis,
1328 2202 1509 2251 mentis
1537 2201 1642 2250 eius
1665 2201 1856 2251 habitui

173 2284 361 2347 optime
395 2283 639 2334 convenit.
707 2283 926 2349 Egregie
960 2283 1107 2331 etiam
1143 2282 1333 2347 reliqua
1364 2281 1558 2330 effinxit
1573 2284 1724 2346 poeta
1759 2280 1856 2345 ³²²³³).

175 2362 326 2426 Cupit
360 2362 601 2423 Phaedra,
636 2363 805 2413 furore
839 2363 1051 2426 quodam
1087 2363 1319 2426 abrepta,
1355 2377 1411 2410 se
1445 2360 1654 2424 frigidos
1688 2359 1856 2411 fontes

173 2441 392 2499 haurire,
427 2443 478 2490 in
512 2442 750 2492 viridibus
783 2443 938 2508 pratis
961 2443 1051 2491 sub
1077 2442 1297 2489 alnorum
1318 2439 1574 2489 frondibus
1597 2441 1853 2503 recubare,

173 2528 260 2570 aut
293 2538 385 2586 per
418 2522 573 2571 saltus
611 2528 866 2586 vagantem
894 2522 1024 2570 feras
1043 2520 1289 2584 persequi,
1326 2535 1473 2596 canes
1501 2535 1625 2568 voce
1651 2519 1856 2582 hortari,

174 2602 470 2652 venabulum
503 2601 734 2660 iaculari,
785 2607 889 2651 tum
937 2615 1107 2650 rursus
1158 2615 1310 2664 equos
1360 2599 1626 2647 acerrimos
1659 2598 1709 2647 in
1741 2614 1856 2649 area

229 2797 277 2852 *)
307 2783 549 2839 Matthiaei
603 2794 995 2852 reprehensionem
1046 2794 1263 2836 insulsam
1307 2792 1505 2836 refutant
1559 2795 1851 2840 scholiastae:

314 2867 501 2922 φιλοῦσι
528 2864 615 2925 γὰρ
646 2863 694 2910 ἐν
721 2869 825 2916 ταῖς
852 2863 1092 2914 τοιαύταις
1119 2862 1332 2914 συνόδοις
1351 2861 1547 2918 ’ὁμιλίαι
1585 2864 1689 2922 περὶ
1716 2866 1853 2923 βασι-

315 2937 430 2981 λέων
462 2938 816 2995 προςεμπίπτειν
845 2931 960 2992 πρὸς
997 2935 1303 2992 παραμυθίαν
1330 2936 1423 2977 τῶν
1454 2930 1699 2990 καμάτων,
1739 2932 1852 2988 «fiete

317 3005 402 3050 οὐκ
431 3003 688 3058 ἀπεικότως
718 3006 832 3063 φησὶ
859 3004 1127 3049 πλύνουσαν
1146 3007 1283 3061 φίλην
1310 3002 1552 3050 πυθέσθαι
1580 3005 1658 3051 καὶ
1690 3008 1850 3052 εἰπεῖν.

318 3078 460 3120 Iidem
491 3091 578 3120 non
610 3092 760 3130 mare,
802 3077 880 3119 sed
922 3076 1093 3119 fontem
1131 3089 1273 3131 aquae
1317 3075 1517 3119 marinae
1545 3091 1574 3120 a
1601 3081 1736 3134 poeta
1763 3078 1852 3122 dici

314 3152 437 3190 recte
465 3152 742 3192 monuerunt.

205 3218 281 3274 *ἢ
309 3219 462 3262 Schol.
492 3220 550 3262 ad
575 3235 620 3262 v.
648 3218 755 3261 218:
788 3213 937 3274 ἄκρως
976 3214 1026 3260 δὲ
1065 3212 1281 3273 ἐρωτικὸν
1325 3207 1446 3272 ἦθος
1488 3212 1753 3272 ἀπεμάξατο
1793 3220 1852 3277 τῇ

314 3293 582 3346 λεπτομερεῖ
616 3290 701 3346 τῆς
741 3285 1002 3345 ἐκφράσεως
1041 3287 1316 3345 περιεργείᾳ·
1366 3286 1432 3337 εἰς
1469 3283 1728 3343 ὑπόμνησιν
1763 3287 1851 3347 γὰρ

318 3357 553 3416 ἐρχόμενοι
599 3359 692 3403 τῶν
734 3355 1044 3412 ποθουμὲνων
1093 3357 1171 3401 καὶ
1216 3355 1465 3414 μονονουχὶ
1506 3357 1853 3415 ζωγραφοῦντες

318 3425 437 3474 αὐτὰ
465 3433 561 3482 τοῖς
589 3428 740 3485 λόγοις
767 3427 834 3475 ἔτι
862 3428 1031 3486 μᾶλλον
1059 3423 1145 3484 τὴν
1174 3424 1428 3486 ἐπιθυμίαν
1454 3426 1691 3485 ἐγείρουσι.

1414 3495 1526 3549 26*
