2144 3854
1193 273 1273 330 92

402 421 566 473 Vincit
613 419 777 482 regina
810 431 1135 481 securumque
1166 417 1332 468 reddit
1364 418 1610 469 maritum.
1677 418 1865 482 Itaque,
1897 418 2069 469 libera-

399 505 480 549 tus
514 498 759 562 scrupulo,
794 497 858 546 ad
892 497 1142 546 visendum
1173 498 1409 547 infantem
1444 497 1782 547 dulcissimum
1812 513 1871 547 se
1894 495 1953 549 'in
1983 516 2073 563 gy-

397 594 632 627 naeceum
666 575 876 628 confert.
945 576 1139 626 Chorus
1190 578 1361 627 laudes
1395 577 1503 626 auri
1537 578 1914 642 divitiarumque
1947 579 2076 629 canit

398 658 484 705 illo
534 657 777 718 carmine,
813 657 951 704 cuius
988 673 1100 720 pars
1141 659 1190 706 in
1223 657 1427 707 Diodori
1462 659 1708 723 excerptis
1740 656 1991 708 Vaticanis
2025 675 2073 724 p.

396 739 506 786 135.
543 735 750 800 (Matth.
784 754 832 802 p.
867 736 999 803 447.)
1038 742 1288 786 servatur:

523 808 565 866 ὦ
599 814 775 881 χρυσέ,
809 814 1081 881 βλάστημα
1112 815 1325 883 χθονός,

524 890 642 948 οἷον
675 895 844 960 ἔρωτα
878 897 1115 962 βροτοῖσι
1148 894 1373 964 φλέγεις,

525 975 744 1027 πάντων
775 976 1038 1041 κράτιστε,
1074 977 1288 1030 πάντων
1321 976 1548 1043 τύραννε
1566 993 1578 1006 ·

523 1059 763 1122 πολεμεῖς
795 1057 862 1118 δ’,
895 1051 1081 1122 ’Ἄρεος

520 1136 781 1202 κρείσσον’
817 1137 949 1203 ἔχων
985 1138 1231 1204 δύναμιν,
1265 1141 1331 1206 τᾷ
1363 1136 1536 1190 πάντα
1568 1135 1787 1203 θέλγεις.

523 1216 608 1269 ἐπὶ
639 1217 741 1284 γὰρ
782 1211 1024 1284 Ὀρφέως
1055 1218 1311 1285 μελῳδοῖς
1342 1218 1549 1279 αόιδαῖς

521 1298 692 1351 εἵπετο
726 1296 947 1364 δένδρεα
979 1297 1069 1350 καὶ
1101 1301 1291 1365 θηρῶν
1323 1299 1523 1366 άνόητα
1554 1296 1696 1366 γένη,

523 1377 608 1431 σοὶ
642 1378 700 1431 δὲ
731 1378 822 1431 καὶ
854 1379 1002 1446 χθὼν
1034 1385 1177 1431 πᾶσα
1210 1379 1301 1432 καὶ
1332 1381 1527 1441 πόντος

520 1458 608 1512 καὶ
642 1458 672 1512 ὁ
705 1461 1030 1528 παμμήστωρ
1062 1454 1239 1527 ’Ἀρης.

520 1541 761 1590 Feliciter
795 1544 957 1590 omnia
989 1544 1204 1591 cessisse
1237 1542 1544 1600 videbantur,
1578 1539 1859 1604 suspicione
1888 1537 2071 1589 libera-

392 1629 473 1671 tus
507 1625 613 1669 erat
646 1637 759 1682 rex,
809 1638 983 1670 secura
1028 1621 1221 1670 reddita
1267 1621 1431 1684 virgo,
1482 1619 1783 1684 compositae
1815 1623 1956 1668 eraut
1989 1633 2071 1667 res

392 1707 443 1751 et
477 1689 616 1766 quusi
650 1701 699 1749 in
732 1705 929 1765 portum
963 1702 1177 1750 deducta
1210 1701 1363 1761 ηεινίε,
1397 1716 1545 1764 quum
1581 1699 1743 1748 subito
1777 1713 1838 1747 ex
1857 1698 1966 1763 ipsa
1992 1713 2072 1746 se-

391 1782 603 1831 curitate
637 1786 689 1829 et
721 1781 947 1829 socordia
980 1781 1261 1829 incendium
1294 1781 1489 1829 exitiale
1532 1784 1758 1828 exortum
1801 1782 1893 1828 est.
1962 1777 2073 1826 Rex

392 1863 549 1921 enim,
596 1877 744 1925 quum
778 1861 950 1908 videns
985 1860 1238 1924 parvulum
1291 1875 1535 1930 nunquam
1582 1859 1752 1907 satiari
1798 1862 1973 1924 posset
2021 1863 2071 1908 et

391 1927 540 2006 suepe
589 1949 676 1989 aut
723 1956 810 2006 per
858 1940 1086 1988 fissuram
1127 1941 1336 2001 forium,
1386 1939 1664 2010 quaaelavis
1697 1939 2069 2000 immittebatur,

391 2026 478 2071 aut
510 2036 602 2086 per
634 2020 944 2084 impluvium,
994 2035 1089 2084 quo
1123 2036 1294 2069 aurum
1328 2019 1585 2086 delapsum
1622 2024 1751 2079 erat,
1797 2018 1847 2067 in
1881 2035 2071 2084 gynae-

391 2118 531 2151 ceum
565 2100 928 2164 introspiceret,
963 2100 1098 2149 forte
1129 2100 1472 2149 animadvertit
1503 2100 1657 2149 filiam
1689 2098 1894 2163 parvulo
1916 2115 2070 2147 mam-

390 2197 521 2230 mam
567 2180 885 2245 praebentem
920 2185 970 2228 et
1003 2183 1277 2230 maternum
1311 2196 1526 2229 amorem
1561 2196 1658 2229 non
1693 2179 1854 2228 solum
1886 2179 2069 2229 osculis

390 2259 760 2322 blanditiisque,
798 2259 887 2307 sed
922 2261 1085 2309 verbis
1119 2276 1341 2324 quoque,
1377 2260 1560 2308 nullam
1594 2259 1946 2309 dubitationem
1981 2276 2069 2308 re-

388 2339 737 2404 linquentibus,
762 2340 1139 2403 signfficantem,
1167 2346 1223 2388 ut
1240 2339 1526 2404 plenissime
1555 2338 1617 2387 de
1644 2339 1869 2388 universa
1895 2355 2069 2388 caussa

389 2422 696 2471 edoceretur.
761 2419 934 2483 Itaque
967 2420 1144 2468 fraude
1166 2420 1371 2483 cognita,
1405 2420 1724 2467 vehementer
1748 2419 1910 2488 animo
1932 2435 2067 2467 com-

388 2507 570 2560 motuS,
602 2499 815 2564 primum
849 2500 899 2548 in
934 2515 1136 2548 uxorem
1171 2499 1489 2548 severissime
1512 2498 1715 2562 inquirit
1740 2504 1794 2548 et
1816 2499 2067 2549 convictae

388 2580 595 2631 sceleris
628 2578 922 2643 supplicium
959 2580 1238 2628 constituit:

515 2661 821 2725 μοχθοῦμεν
852 2658 1021 2718 ἄλλως
1052 2660 1195 2725 θῆλυ
1230 2660 1600 2724 φρουροῦντες
1632 2655 1814 2723 γένος’

491 2738 627 2806 -ἥτις
659 2736 760 2805 γὰρ
794 2734 927 2804 αὐτὴ
962 2735 1034 2805 μὴ
1068 2736 1303 2804 πέφυκεν
1335 2736 1559 2800 ἔνδικος,

519 2819 572 2871 τί
605 2819 688 2870 δεῖ
717 2812 1010 2884 φυλάσσειν
1039 2818 1459 2886 κάξαμαρτάνειν
1491 2813 1748 2883 πλέον;*)

518 2971 586 3030 σὺ
621 2978 668 3030 δ’
704 2977 750 3029 εἰ
779 2982 893 3030 κατ’
927 2979 1112 3041 οἴκους
1143 2980 1387 3034 εὐνοοῦσ’
1423 2974 1712 3045 ἐτύγχανες,

517 3059 619 3111 οὐκ
651 3061 720 3110 ἄν
752 3062 867 3112 ποτ’
901 3053 1062 3125 ἦλθες
1095 3061 1168 3122 εἰς
1198 3060 1317 3113 τόδε
1349 3059 1609 3124 θράσους.

383 3141 577 3193 Deinde
608 3141 762 3191 filiam
793 3142 843 3191 in
874 3141 1111 3193 iudicium
1145 3147 1318 3194 vocat:
1361 3142 1731 3192 excusationem
1763 3137 1945 3189 amotis
1977 3153 2060 3187 re-

384 3223 546 3288 spuit:

440 3459 487 3513 *)
515 3458 700 3516 Fragm.
729 3458 815 3502 inc.
845 3456 915 3503 55.
947 3459 1016 3503 Cf.
1047 3458 1218 3505 Welck.
1250 3475 1294 3517 p.
1324 3457 1450 3502 1592.
