2176 3874
924 297 1046 355 393

159 444 256 507 IV,
292 447 382 506 ll,
429 446 511 495 27.
559 443 700 494 Ovid.
735 444 856 494 lbid.
887 445 1000 494 25⁷.
1067 442 1244 507 Neque
1287 448 1451 493 tamen
1494 443 1620 492 haec
1664 443 1826 491 omnia

159 526 317 576 nuntii
349 526 611 575 narrationi
658 525 878 574 inerant:
913 527 1049 572 certe
1083 524 1213 572 enim
1248 524 1310 572 de
1344 523 1520 587 Pegasi
1554 522 1833 579 conditione

162 622 309 656 nemo
360 606 453 655 nisi
500 605 591 653 dea
637 604 858 653 Minerva
908 604 958 651 in
1003 602 1104 651 fine
1148 605 1345 652 demum
1381 602 1617 652 dramatis
1651 602 1834 652 docere

163 687 342 752 potuit.
408 683 598 735 Versus
626 688 848 733 servatus
871 687 948 732 est
969 697 1114 740 unuS,
1140 698 1237 746 quo
1266 699 1422 746 equus
1438 682 1834 748 Bellerophontis

161 767 382 816 timidior
415 764 720 827 molliorque,
756 778 899 827 quam
933 761 1099 820 vellet,
1132 761 1298 810 factus
1333 777 1445 810 esse
1478 763 1781 813 ostenditur:

292 840 469 909 ἔπτηξ’,
498 841 731 894 ὑπείκων
762 842 963 906 μᾶλλον
994 838 1029 907 ἢ
1063 841 1266 905 μᾶλλον
1298 837 1463 891 θέλοι.

163 925 258 974 His
315 924 556 992 expositis
601 923 932 988 Bellerophon
987 923 1099 987 ipse
1155 923 1203 970 in
1254 937 1452 970 scenam
1511 922 1837 986 referebatur,

163 1006 346 1054 misere
378 1005 539 1054 fracto
573 1004 792 1067 elisoque
826 1018 1053 1067 corpore,
1087 1003 1178 1051 sed
1211 1006 1372 1050 tamen
1407 1017 1436 1049 a
1466 1000 1693 1052 lamentis
1727 1006 1839 1054 abs-

163 1083 326 1154 tinens
362 1101 634 1149 magnoque
667 1083 826 1131 animo
860 1081 1029 1131 ferens
1064 1081 1418 1132 calamitatem:

290 1163 464 1230 οἴμοι·
498 1162 549 1213 τί
583 1155 631 1214 δ’
666 1161 837 1227 οἴμοι,·
873 1161 1049 1228 θνητοί
1080 1178 1164 1213 τοι
1196 1160 1541 1227 πεπόνθαμεν

296 1317 516 1391 κομίζετ’
549 1322 673 1375 εἴσω
707 1322 860 1375 τόνδε
893 1322 988 1375 τὸν
1020 1321 1365 1388 δυςδαίμονα.

296 1406 534 1472 TempuS‚
566 1423 662 1471 quo
679 1406 1075 1471 Bellerophontis
1105 1405 1307 1454 vulnera
1324 1407 1572 1464 sanantur,
1590 1418 1687 1452 uno
1706 1403 1844 1454 chori

166 1487 382 1537 carmine
415 1488 659 1554 expletur.
728 1487 845 1535 Huc
877 1486 1068 1535 referre
1101 1485 1240 1534 lubet
1271 1483 1448 1549 fragm.
1481 1485 1576 1535 inc.
1611 1485 1733 1533 122:

299 1564 332 1618 ὁ
366 1566 482 1631 βίος
515 1558 663 1631 ὄνομ’
699 1564 814 1631 ἔχει,
848 1564 1014 1624 πόνος
1047 1559 1198 1630 ἔργῳ.

169 1645 434 1698 Redeunte
460 1647 641 1698 deinde
675 1647 722 1696 in
751 1661 948 1695 scenam
974 1645 1148 1694 claudo
1176 1643 1423 1707 debilique
1444 1642 1847 1709 Bellerophonte,

171 1728 472 1791 sequebatur
520 1727 644 1775 illud
678 1726 884 1775 Homeri
931 1723 1038 1776 κὰπ
1082 1722 1269 1775 πεδίον
1294 1718 1505 1790 Ἀλήϊον
1539 1716 1654 1784 οἶος
1686 1723 1848 1776 ἄλᾶτο

172 1801 240 1857 ὃν
272 1807 453 1874 θυμὸν
485 1803 749 1867 κατέδων,
782 1804 951 1857 πάτον
985 1803 1290 1871 ἀνθρώπων
1324 1802 1606 1868 ἀλεείνων,
1642 1812 1694 1856 et
1727 1822 1851 1856 con-

173 1889 476 1955 spiciebatur
509 1888 582 1937 vir
615 1904 835 1937 summus
872 1905 933 1938 eo
973 1888 1160 1946 habitu,
1195 1902 1340 1950 quem
1376 1886 1624 1949 significat
1656 1888 1852 1936 Aristo-

170 1968 360 2033 phanes
395 1969 608 2018 Acharn.
643 1970 754 2016 425.
790 1969 869 2016 his
895 1968 1091 2016 verbis:
1130 1960 1236 2016 ἀλλ’
1270 1957 1305 2031 ἧ
1331 1962 1396 2015 τὰ
1424 1963 1650 2033 δυςπινῆ
1683 1965 1854 2029 θέλεις

171 2047 520 2114 πεπλώματα,
567 2047 601 2097 ἃ
647 2045 1075 2112 Βελλεροφόντης
1119 2038 1206 2112 εἶχ’
1252 2043 1282 2096 ὁ
1327 2045 1495 2111 χωλὸς
1539 2044 1722 2098 οὑτοσί
1768 2049 1852 2113 '‘);

172 2129 451 2193 Antequam
498 2133 665 2179 tamen
716 2129 851 2178 solus
897 2144 988 2193 per
1046 2127 1359 2176 solitudinem
1415 2128 1581 2191 vagari
1638 2129 1855 2195 incipiat,

173 2208 298 2258 fiunt
329 2209 427 2271 illa,
462 2225 588 2274 quae
622 2210 863 2275 significat
897 2209 1196 2274 epigramma
1222 2207 1522 2272 Cyzicenum
1554 2207 1635 2257 his
1667 2211 1856 2260 verbis:

315 2287 406 2340 καὶ
438 2289 632 2353 μύθων
667 2287 874 2340 ἐσθλῶν
907 2286 1106 2352 μάρτυς
1141 2282 1485 2351 ἐπεφράσατο.

179 2368 360 2419 Studet
402 2371 534 2419 enim
579 2371 708 2418 filius
755 2371 907 2434 patris
945 2368 1303 2432 aegritudinem
1353 2369 1599 2432 animique
1631 2370 1858 2419 morbum

179 2465 371 2512 sanare,
405 2451 539 2500 unde
563 2451 778 2500 nascitur
803 2449 1108 2499 nobilissima
1128 2447 1215 2496 illa
1238 2447 1529 2512 disputatio,
1564 2449 1701 2500 cuius
1730 2451 1860 2500 bona

181 2546 296 2595 pars
331 2534 523 2579 servata
559 2534 664 2580 est:

683 2606 1189 2659 ΒΕΛΛΕΡΟΦΟΝ
1192 2607 1357 2657 ΤΗΣ.

311 2764 416 2836 ἐγὼ
449 2769 510 2820 τὸ
543 2767 641 2833 μὲν
676 2766 742 2835 δὴ
776 2771 1052 2834 πανταχοῦ
1085 2766 1491 2834 θρυλλούμενον

313 2848 596 2921 κράτιστον
630 2842 768 2900 εἶναί
802 2867 956 2925 φημι,
992 2845 1064 2915 μὴ
1099 2852 1288 2914 φῦναι,
1322 2847 1521 2913 βροτῷ·

315 2931 546 2996 τρισσῶν
579 2928 637 2983 δὲ
667 2932 874 2997 μοιρῶν
907 2928 1133 2996 ἐγκρινῶ
1167 2933 1324 2982 νικᾶν
1356 2928 1502 2995 μίαν,

316 3011 554 3064 πλούτου
588 3029 659 3075 τε,
693 3012 842 3079 χῶτῳ
877 3008 1082 3077 σπέρμα
1111 3013 1361 3078 γενναῖον
1394 3011 1586 3075 προςῇ,

254 3150 304 3204 5f)
333 3148 403 3191 cf.
443 3150 583 3192 schol.
626 3148 685 3191 ad
723 3147 840 3191 hunc
876 3148 1051 3190 locum:
1094 3145 1252 3202 ἐπειδὴ
1292 3144 1463 3195 ἐκεῖνος
1500 3142 1653 3199 δρᾶμα
1680 3139 1865 3198 ἐποίησε

325 3217 408 3263 τὸν
445 3216 835 3276 Βελλεροφόντην,
879 3216 937 3260 ἐν
980 3209 1017 3275 ᾧ
1067 3220 1176 3271 χωλ
1192 3216 1258 3261 ὂν
1311 3213 1437 3270 εἰςή
1453 3228 1629 3271 γαγεν
1680 3209 1867 3256 αὐτὸν

330 3287 430 3334 διὰ
465 3287 529 3333 τὰ
571 3285 945 3334 πεπτωκέναι
983 3282 1092 3330 efud
1132 3288 1238 3331 τοῦ
1268 3283 1547 3342 Πηγάσου
1588 3282 1867 3340 βουλόμενον

330 3360 393 3410 εἰς
416 3357 616 3417 ον’ρανὸν
627 3357 855 3404 ἀνελθεῖν.
885 3358 1037 3400 Schol.
1058 3358 1117 3400 ad
1128 3357 1251 3401 Pind.
1277 3353 1599 3410 01.x111,130:
1621 3355 1777 3397 πίπτει
1790 3351 1869 3395 καὶ

332 3430 562 3485 χωλοῦται
597 3427 740 3487 (κατὰ
769 3428 820 3474 δέ
848 3444 979 3480 τινας
1006 3427 1085 3471 καὶ
1114 3428 1396 3484 τυφλοῦται)
1433 3443 1460 3471 κ
1473 3425 1532 3470 αὶ
1570 3423 1590 3469 ἐ
1604 3440 1630 3468 κ
1641 3439 1676 3468 π
1686 3427 1709 3469 λ
1721 3439 1751 3468 α
1762 3439 1789 3468 ν
1800 3423 1831 3467 οἷ
1840 3446 1868 3455 -

331 3516 432 3544 ται
461 3499 608 3546 κατὰ
634 3499 695 3545 τὰ
726 3498 946 3557 Ἀλήϊον
975 3496 1171 3555 χωλός.
