2176 3874
1133 264 1256 320 448

372 417 587 467 Donatus
619 413 682 463 ad
708 410 1026 460 Eunuchum:
1059 409 1298 471 „Cantica
1332 423 1484 474 saepe
1516 410 1720 460 mutatis
1749 409 1907 460 modis
1939 427 2027 464 ex·-

371 497 526 546 hibita
551 498 711 554 sunt,”
745 492 962 553 itemque
995 490 1056 538 ad
1077 489 1316 554 Adelph.:
1352 487 1547 553 „Saepe
1578 489 1776 540 mutatis
1795 506 1889 556 per
1918 506 2027 542 sce-

370 591 479 626 nam
511 572 670 622 modis
706 570 895 618 cantica
927 569 1178 618 mutavit.”
1243 567 1425 617 lisdem
1456 584 1687 632 magnum
1713 569 1845 635 apud
1860 570 2026 620 multi-

369 654 589 704 tudinem
622 650 840 700 favorem
873 648 1027 697 fuisse
1059 649 1110 697 in
1146 647 1326 711 Donati
1359 647 1524 697 libello
1557 649 1623 698 de
1654 664 1779 698 com.
1813 654 1866 700 et
1897 656 2024 715 trag.

367 733 607 797 scriptum
642 734 746 779 est:
779 727 1110 788 „Huiusmodi
1143 727 1267 776 adeo
1301 728 1515 776 carmina
1549 727 1610 778 ad
1643 727 1789 778 tibias
1821 729 2026 788 fiebant,

366 818 441 869 ut,
474 811 553 860 his
588 808 794 869 auditis,
839 808 976 856 multi
1009 823 1070 856 ex
1105 807 1284 872 populo
1318 812 1429 856 ante
1463 809 1738 868 discerent,
1772 823 1916 872 quam
1948 809 2025 858 fa—

365 890 527 940 bulam
571 888 725 937 acturi
769 887 952 936 scenici
995 892 1187 947 essent,
1233 903 1376 949 quam
1423 887 1618 936 omnino
1665 888 2025 951 spectatoribus

366 969 487 1034 ipsis
520 966 814 1016 antecedens
847 966 1020 1014 titulus
1056 966 1500 1030 pronuntiaretur.''
1550 966 1628 1016 ef.
1663 967 1766 1017 Cic.
1789 967 2024 1020 Academ.

364 1065 441 1113 pr.
476 1051 524 1108 7,
557 1049 636 1095 20.
703 1046 899 1106 'l'ibias,
933 1060 1030 1094 non
1062 1045 1215 1105 fides,
1249 1046 1449 1094 canticis
1483 1045 1613 1110 apud
1645 1046 1866 1096 Graecos
1901 1061 2023 1111 quo-

363 1144 462 1191 que
485 1127 737 1175 succinere
763 1125 928 1174 solitas
957 1139 1068 1172 esse
1095 1123 1333 1187 scriptum
1362 1130 1440 1174 est
1462 1125 1513 1175 in
1534 1126 1737 1178 Aristot.
1775 1125 2020 1177 Problem-

362 1206 495 1270 X1X‚
530 1208 609 1255 43.
642 1211 691 1254 et
723 1207 771 1252 9.

492 1285 655 1335 Huius
702 1284 849 1347 igitur
905 1282 1099 1348 generis
1137 1283 1323 1331 cantica
1377 1299 1487 1332 cum
1538 1285 1785 1350 prologis,
1831 1292 1888 1336 ut
1929 1301 2019 1352 pe-

362 1363 563 1414 culiaria
598 1363 852 1428 Euripidis
885 1362 1108 1423 inventa,
1139 1362 1378 1411 acerrime
1410 1364 1698 1428 perstringit
1727 1366 2019 1430 Aristopha-

360 1459 462 1492 nes.
531 1442 597 1491 Et
629 1442 859 1506 proponit
892 1441 1170 1504 exemplum
1211 1443 1390 1490 cantici
1421 1443 1523 1492 sive
1554 1443 1715 1492 threni
1745 1443 2019 1508 Euripidei,

360 1538 510 1587 quum
557 1521 706 1570 faciat
747 1520 1087 1570 mulierculam
1133 1537 1430 1585 pauperem,
1479 1538 1604 1586 quae
1651 1522 1811 1571 lanam
1855 1524 2017 1573 nendo

359 1602 542 1650 victum
579 1604 780 1663 quaerat
811 1601 1060 1663 vitamque
1082 1605 1338 1661 sustentet,
1373 1602 1438 1650 de
1472 1602 1600 1664 gallo
1621 1618 1709 1650 suo
1734 1601 2018 1667 gallinaceo,

360 1697 504 1745 quem
539 1680 720 1744 surripi
753 1680 927 1728 viderit
959 1680 1007 1727 in
1042 1680 1242 1738 somniS‚
1277 1681 1540 1730 admodum
1573 1681 1804 1731 flebiliter
1833 1681 2019 1732 lamen-

358 1766 541 1810 tantem
574 1764 722 1822 atque
753 1760 1002 1824 ingentem
1035 1759 1339 1825 tragoediam
1355 1761 1674 1810 excitantem:
1709 1760 2019 1824 quodcanti-

359 1855 471 1889 cum
518 1844 569 1888 et
612 1839 873 1887 variatione
919 1855 1230 1888 numerorum
1265 1846 1317 1889 et
1350 1855 1524 1889 vocum
1556 1840 1844 1902 iteratione,
1891 1856 2019 1905 quae
2110 1850 2113 1855 '

359 1920 616 1968 modorum
649 1919 802 1984 gratia
835 1918 1012 1979 fiebat,
1046 1919 1233 1981 insigne
1268 1924 1358 1968 est.

488 1998 626 2047 Haec
658 1998 889 2062 praemisi
913 1998 981 2046 de
1003 1996 1132 2046 Ionis
1156 1998 1318 2047 fabula
1354 1998 1680 2062 expositurus,
1713 2015 1839 2063 quae
1855 1999 2017 2052 tribus

355 2077 558 2127 canticis
589 2076 1021 2141 praestantissimis
1057 2076 1287 2125 distincta
1319 2081 1423 2138 est,
1468 2093 1676 2139 quorum
1718 2079 2015 2128 canticorum

353 2172 520 2218 unum,
553 2156 635 2204 cui
667 2156 880 2218 parodus
913 2154 1170 2204 adiunctus
1205 2159 1311 2215 est,
1360 2156 1586 2220 quoniam
1629 2157 2016 2220 tranquilliorem

355 2235 501 2285 animi
533 2239 712 2283 statum
745 2233 989 2294 declarat,
1025 2234 1335 2298 stropharum
1369 2250 1569 2283 normae
1599 2235 1888 2289 adstrictum
1920 2242 2015 2299 est,

352 2313 541 2377 reliqua
567 2316 730 2361 autem
759 2313 999 2375 aequabili
1025 2329 1341 2366 numerorum
1368 2314 1632 2362 iteratione
1659 2318 1864 2363 carent,
1902 2316 2015 2378 Quo

354 2379 578 2457 tempore
609 2392 705 2440 hoc
739 2390 908 2439 drama
941 2397 1103 2441 actum
1139 2393 1230 2453 sit,
1266 2407 1328 2440 ex
1362 2393 1479 2441 satis
1513 2392 1787 2442 man‘festis
1819 2393 2014 2444 indiciis

355 2472 597 2520 coniicere
629 2470 761 2531 licet,
796 2486 920 2534 quae
954 2471 1150 2534 quidem
1184 2472 1349 2520 statim
1383 2472 1716 2536 explicaturus
1752 2487 1892 2535 sum,
1927 2474 2015 2524 ubi

351 2551 493 2609 falsa,
530 2565 654 2614 quae
687 2549 884 2614 quidam
918 2551 1151 2615 suspicati
1186 2556 1315 2612 sunt,
1349 2555 1491 2600 antea
1521 2551 1816 2601 refutavero.

481 2630 594 2679 Hoc
643 2630 774 2678 enim
815 2629 1103 2693 Euripidem
1153 2630 1318 2679 Ionem
1364 2631 1624 2680 scribendo
1668 2631 1832 2695 egisse
1873 2636 2014 2695 putat

353 2709 415 2759 G.
450 2709 778 2771 Hermannus‚
814 2713 870 2758 ut
896 2709 1220 2758 Athenienses
1252 2725 1496 2773 nunquam
1529 2711 1896 2774 peregrinorum
1929 2727 2010 2760 re-

348 2804 466 2853 gum
499 2788 704 2854 imperio
738 2788 978 2853 paruisse,
1012 2783 1256 2852 nunquam
1289 2791 1351 2837 ab
1385 2789 1667 2851 alienigenis
1707 2790 1864 2839 victos
1898 2805 2010 2840 esse

348 2868 656 2918 defenderet.
723 2867 848 2916 Nam
883 2867 1011 2930 quod
1046 2867 1105 2917 Ο.
1127 2868 1369 2918 Miillerus
1403 2869 1661 2929 monuerit,
1694 2869 1871 2918 eximia
1902 2874 2010 2919 arte

347 2947 417 2996 ita
452 2962 564 2996 esse
595 2945 811 2995 fabulam
844 2964 874 2995 a
905 2951 1051 3011 poeta
1085 2954 1429 3012 comparatam,
1462 2952 1519 2996 ut
1550 2947 1635 2997 Ion
1668 2963 1767 2997 non
1786 2947 2008 3012 peregri-

350 3042 458 3087 nuS,
494 3025 581 3075 sed
614 3026 850 3090 genuinus
883 3026 1189 3075 Erechthida
1222 3027 1496 3087 videretur,
1541 3026 1590 3074 id
1623 3026 1748 3076 adeo
1779 3028 2006 3090 apertum

351 3121 492 3165 esse,
544 3109 599 3153 ut
631 3105 811 3153 mirum
846 3106 911 3154 sit
943 3121 1039 3154 non
1073 3106 1295 3156 omnibus
1330 3107 1519 3166 statim,
1553 3107 1634 3169 qui
1666 3121 1774 3154 eam
1808 3110 2005 3172 tragoe-

349 3184 481 3233 diam
515 3184 754 3248 legerent‚
788 3183 839 3231 in
873 3189 1085 3234 mentem
1120 3187 1331 3236 venisse.
1398 3183 1520 3233 Nam
1539 3198 1635 3232 non
1652 3183 2004 3233 solumvinven-

346 3265 531 3313 tionem
567 3262 759 3313 fabulae
809 3266 960 3312 totam
1006 3264 1066 3312 ad
1101 3281 1212 3314 eum
1246 3265 1392 3314 finem
1426 3267 1682 3326 spectare,
1734 3263 1824 3311 sed
1856 3263 2005 3312 etiam

345 3342 532 3407 aliquot
566 3343 688 3392 locis
721 3346 822 3391 tam
857 3343 1036 3406 cupide
1069 3344 1272 3410 gloriam
1291 3342 1699 3392 Erechthidarum
1728 3342 1894 3391 extolli
1926 3342 2004 3390 vel

346 3421 514 3472 odium
548 3422 694 3487 prodi
729 3421 1047 3485 advenarum,
1099 3429 1155 3473 ut
1188 3421 1422 3487 suspicari
1453 3422 1598 3471 liceat
1630 3422 1836 3486 sopitam
1868 3420 2019 3471 Ioni-¹
