2176 3874
1120 300 1244 356 456

350 450 674 520 cognoscendi
709 449 915 513 cupidae
951 462 1013 496 ex
1044 446 1194 496 Inone
1227 446 1361 510 ipsa,
1407 446 1645 510 numquid
1678 447 2020 512 comperisset,

349 533 628 582 sciscitatac
661 544 788 577 esse.
857 526 954 575 Pro
987 526 1189 590 fugitiva
1224 525 1352 573 enim
1389 525 1622 574 Athamas
1672 541 1782 575 eam
1825 526 2020 591 pridem

346 611 616 659 adduxerat
649 604 727 667 *)‚
777 612 833 655 ut
865 606 914 654 in
947 606 1078 655 illam
1113 607 1313 655 minime
1346 604 1559 653 omnium
1595 605 1811 671 suspicio
1844 622 2019 655 conve-

345 690 488 750 niret,
523 689 730 752 ipsaque
763 691 863 734 tam
897 685 1171 734 deformata
1195 691 1303 733 erat
1335 684 1488 745 luctu,
1523 689 1630 734 uta
1654 686 1848 735 nemine
1870 701 2019 750 agno-

346 773 584 817 sceretur.
649 765 897 814 Inventam
934 771 1099 814 autem
1132 781 1242 813 eam
1275 766 1334 813 ab
1369 762 1669 813 Athamante
1700 765 1873 815 eadem
1907 780 2022 814 esse

346 847 536 896 ratione
568 847 708 910 puto,
744 861 842 908 qua
874 849 1099 893 narratur
1131 844 1264 910 apud
1289 843 1563 893 Germanos
1589 841 1866 894 Genoveva.
1917 842 2019 894 Ve-

349 925 531 974 nationi
564 923 694 973 enim
726 940 817 973 rex
851 924 1109 984 studebat,
1157 923 1237 971 cui
1282 921 1444 972 studio
1478 937 1678 985 operam
1713 923 1835 972 dans
1868 938 2020 988 quum

345 1020 497 1068 saepe
524 1003 706 1052 diutius
740 1020 769 1052 a
793 1004 943 1052 domo
966 1003 1180 1062 abesset,
1213 1000 1375 1051 alebat
1402 1001 1711 1065 augebatque
1733 1001 2019 1052 Themisto-

346 1084 422 1133 nis
456 1082 790 1147 suspicionem
824 1098 938 1132 esse
971 1082 1018 1130 ei
1062 1081 1469 1130 consuetudinem
1495 1096 1606 1129 cum
1632 1082 1841 1143 aemula,
1874 1097 2019 1146 quam

347 1162 398 1212 in
431 1162 677 1211 Parnasso
711 1163 821 1211 loco
855 1163 1018 1226 aliquo
1052 1166 1161 1209 tuto
1195 1161 1379 1209 servari
1411 1175 1580 1209 rumor
1612 1163 1858 1225 serpebat.

476 1240 599 1289 Post
631 1240 872 1304 parodum
907 1256 997 1289 rex
1030 1255 1143 1288 cum
1178 1255 1332 1288 uxore
1365 1239 1559 1305 prodit3
1592 1238 1810 1302 Inonem,
1843 1245 1901 1291 ut
1924 1240 2019 1291 mi·-

345 1335 504 1368 seram
539 1319 901 1384 afflictamque,
949 1319 1125 1386 pietati
1158 1316 1493 1368 Themistonis
1529 1321 1852 1370 commendat.
1918 1319 2018 1370 Mi-

343 1403 482 1447 ratur
513 1400 704 1462 regina,
756 1398 889 1462 quod
922 1403 1168 1464 perpetuo
1202 1413 1430 1447 moerore
1461 1397 1547 1446 Ino
1582 1399 1899 1462 conficiatur3
1930 1416 2018 1465 ge-

343 1494 519 1527 nerosa
562 1494 669 1527 eam
705 1479 860 1543 stirpe
895 1483 1053 1527 ortam
1089 1493 1202 1527 esse
1248 1492 1310 1526 ex
1361 1477 1582 1543 corporis
1614 1478 1803 1541 forma,
1845 1496 2017 1545 quam-

343 1558 414 1606 vis
450 1558 516 1607 sit
548 1558 683 1607 luctu
718 1559 918 1621 situque
951 1563 1209 1622 corrupta,
1244 1557 1522 1620 cognoscin
1563 1558 1912 1621 ingenuitatem
1945 1561 2018 1608 vi-

343 1641 564 1702 tuperat:
612 1654 774 1701 neque
820 1639 949 1687 enim
998 1637 1261 1687 convenire
1303 1635 1582 1686 libertatem
1627 1638 1857 1688 orationis
1905 1655 2018 1689 cum

344 1718 583 1766 servitute
618 1722 671 1766 et
705 1718 879 1782 pannis
914 1717 1152 1777 vestium,
1197 1716 1287 1764 sed
1333 1730 1447 1765 esse
1481 1731 1643 1765 mores
1677 1716 1902 1767 fortunae
1933 1725 2018 1769 'ac-

344 1796 739 1846 commodandos.
813 1797 996 1846 Contra
1028 1797 1153 1845 haec
1188 1811 1277 1844 rex
1321 1795 1496 1844 utilem
1541 1797 1611 1845 ait
1643 1797 1850 1847 dominis
1881 1799 2020 1865 inge-

344 1877 584 1926 nuitatem
617 1877 774 1942 magis
810 1893 953 1942 quam
987 1876 1310 1925 adulationem
1346 1891 1404 1924 ac
1438 1875 1871 1927 dissimulationem
1905 1894 2020 1928 esse

345 1971 628 2022 servorum,
662 1972 823 2020 neque
857 1972 1069 2021 egenos,
1117 1957 1160 2004 si
1195 1956 1294 2004 sint
1326 1954 1469 2019 probi
1499 1959 1647 2018 atque
1679 1956 1905 2024 ingenui,
1938 1974 2018 2008 re-

344 2037 596 2100 spuendos
631 2053 768 2086 esse:
803 2037 1003 2085 fidelem
1038 2037 1166 2085 enim
1200 2050 1313 2083 esse
1345 2033 1589 2083 neminem
1617 2050 1784 2102 posse,
1817 2038 1911 2088 nisi
1933 2038 2020 2102 qui

345 2130 470 2178 quae
503 2116 682 2164 sentiat
716 2116 870 2164 libere
901 2115 1146 2164 fateatur:

474 2192 685 2244 τοιάνδε
717 2191 814 2260 χρὴ
847 2190 1067 2258 γυναικὶ
1095 2193 1409 2259 προςπολεῖν
1443 2189 1554 2253 ἐάν,

473 2272 587 2340 ἥτις
619 2274 679 2324 τὸ
712 2272 809 2339 μὲν
843 2273 1052 2326 δίκαιον
1086 2273 1153 2324 οὐ
1187 2273 1466 2340 σιγήσεται,

477 2352 541 2405 τὰ
577 2353 624 2404 δ’
661 2352 846 2419 αἰσχρὰ
881 2357 1025 2419 μισεῖ
1052 2352 1142 2406 καὶ
1173 2355 1289 2405 κατ’
1322 2344 1642 2419 ὀφθαλμοὺς
1673 2349 1778 2416 ἐρεῖ
1809 2353 1894 2418 *ἢ

471 2510 588 2579 ἐμοὶ
620 2513 723 2579 γὰρ
759 2514 838 2579 εἴη
871 2514 1090 2579 πτωχός,
1126 2513 1171 2566 εἰ
1204 2513 1260 2565 δὲ
1293 2513 1557 2579 βούλεται,

474 2598 687 2660 πτωχοῦ
720 2593 939 2658 κακίων,
973 2593 1109 2656 ὄςτις
1142 2594 1219 2647 ὢν
1251 2597 1446 2655 εὔνους
1474 2590 1590 2659 ἐμοὶ

475 2675 652 2742 φόβον
685 2675 970 2742 παρελθὼν
1002 2672 1136 2729 τάπὸ
1169 2675 1390 2741 καρδίας
1422 2673 1546 2741 ἐρεῖ.

345 2757 678 2818 Quamobrem
710 2774 773 2807 ne
807 2759 872 2807 sit
903 2759 1110 2823 maligna
1142 2758 1357 2808 afflictae
1374 2795 1391 2820 ‚
1425 2757 1515 2807 sed
1550 2770 1611 2805 ex
1645 2757 1787 2823 copia
1819 2757 2019 2825 largiter

345 2837 510 2903 egenti
543 2838 807 2902 impertiat,
842 2844 1034 2887 monetz

467 2944 528 2953 ——
665 2944 732 2952 —
862 2914 934 2983 μὴ
971 2916 1295 2982 σκυθρωπὸς
1325 2915 1437 2967 ἴσθ’
1470 2916 1609 2980 ἄγαν

473 2995 606 3060 πρὸς
637 2989 767 3057 τοὺς
799 2996 976 3058 κακῶς
1007 2997 1358 3062 πράσσοντας,
1390 2997 1679 3060 ἄνθρωπος
1710 2995 1919 3063 γεγῶσ’·

472 3074 705 3140 άμουσία
738 3094 819 3128 τοι
853 3077 975 3143 μηδ’
1012 3076 1090 3129 ἐπ’
1128 3077 1418 3143 οἰκτροῖσιν
1449 3075 1618 3142 δάκρυ

477 3157 697 3220 στάζειν,
731 3158 901 3209 κακὸν
934 3157 1008 3221 δὲ,
1043 3159 1322 3226 χρημάτων
1355 3160 1527 3210 ὄντων
1560 3154 1691 3216 ἅλις,

471 3236 654 3304 φειδοῖ
681 3246 894 3304 πονηρᾷ
924 3238 1105 3305 μηδέν’
1143 3235 1202 3291 εὖ
1234 3242 1404 3293 ποιεῖν
1438 3237 1645 3303 βροτῶν
1678 3236 1807 3300 ***).

402 3354 451 3408 a)
485 3354 554 3396 cf.
587 3353 755 3411 fragm.
784 3353 854 3395 17.

377 3424 453 3478 Ἡ)
482 3424 671 3481 Bergkii
700 3423 1029 3466 emendationes
1057 3426 1220 3479 recepi.

345 3494 450 3550 δ’Μὴ
482 3496 666 3552 Fragm.
683 3493 751 3536 14.
776 3498 820 3536 et
839 3493 909 3535 15.
934 3494 977 3535 in
1002 3508 1138 3536 unum
1154 3493 1357 3538 coniunxi
1372 3497 1415 3538 et
1428 3491 1783 3537 emendationem
1796 3487 2020 3534 Wel⁰k⁰ri

484 3563 664 3620 (ysyo'io’
695 3580 776 3620 pro
807 3562 969 3620 γεγώς)
1001 3564 1173 3610 admisi.
