2144 3854
1143 309 1266 367 196

356 482 464 516 rem
510 464 572 514 ab
623 460 719 509 illis
767 457 1006 508 sublatam
1050 472 1164 506 esse
1210 472 1307 506 non
1355 459 1434 504 est
1476 455 1579 504 veri
1615 454 1791 505 simile.
1858 455 2033 524 Neque

356 547 486 595 enim
530 543 728 607 poterat
770 539 877 587 sine
920 537 1183 586 manifesta
1227 542 1328 585 tam
1373 535 1553 584 nefarii
1597 537 1802 586 sceleris
1850 538 2035 588 ultione

355 622 610 688 tragoedia
642 617 889 677 concludi,
922 618 967 666 si
997 617 1293 683 supplicium
1329 616 1612 681 exegissent
1645 617 1695 677 ii,
1729 618 1906 680 quibus
1925 620 2034 668 exi-

355 702 502 770 gendi
532 700 720 750 nullum
752 698 831 747 ius
864 713 1024 761 neque
1056 702 1279 762 potestas
1315 701 1438 748 erat.

487 780 846 845 Aristophanes
880 779 944 827 ad
976 778 1103 826 hanc
1137 777 1354 826 fabulam
1386 776 1609 841 respexit
1643 777 1747 837 bis,
1783 778 1953 842 Equit.
1988 795 2033 829 v,

358 864 506 912 1299.
541 867 594 909 et
627 859 757 909 Nub.
793 874 836 908 v.
869 860 982 916 43„
1029 857 1277 906 cavillatus
1321 862 1486 905 autem
1523 873 1631 906 eam
1666 864 1743 906 est
1776 874 2033 923 nusquam.

356 941 673 999 Aristoteles,
707 955 803 1003 quo
829 939 939 986 loco
965 937 1497 1003 praestantissimarum
1524 932 1731 986 numero
1753 938 2033 989 fabularum

357 1038 472 1072 esse
503 1020 632 1070 dixit
663 1035 778 1076 eas,
819 1018 998 1082 quibus
1046 1017 1360 1066 Alcmaeonis
1406 1016 1533 1064 mala
1576 1025 1919 1083 argumentum
1953 1035 2033 1069 es-

357 1106 469 1152 sent
502 1100 664 1164 (Poet.
698 1116 742 1147 c.
778 1100 903 1164 13.),
937 1113 1032 1147 non
1066 1102 1320 1162 postremo
1353 1096 1526 1145 harum
1563 1095 1670 1145 loco
1704 1098 1931 1162 posuisse
1961 1100 2034 1148 vi-

357 1183 505 1232 detur
553 1179 808 1244 Euripidis
858 1178 1227 1228 Alcmaeonem.
1305 1176 1442 1226 Idem
1489 1178 1771 1242 improbans
1812 1194 2034 1238 caussas,

357 1261 537 1327 quibus
569 1258 896 1309 matricidium
929 1258 1198 1308 Alcmaeon
1230 1261 1433 1306 excusat
1451 1294 1466 1317 ,
1500 1273 1599 1306 non
1631 1257 1923 1322 Euripidem
1956 1259 2037 1308 vi·-

357 1340 616 1406 tuperavit‚
651 1339 741 1387 sed
774 1354 1034 1404 personam
1060 1334 1130 1397 *).
1198 1335 1252 1385 In
1285 1337 1472 1386 bonore
1506 1336 1662 1387 fuisse
1694 1338 1826 1402 apud
1857 1338 2034 1403 vulgus

357 1422 487 1470 hanc
524 1419 827 1482 tragoediam
862 1423 1074 1468 testatur
1101 1416 1242 1476 Attii,
1274 1416 1325 1464 in
1349 1416 1680 1466 Romanorum
1706 1433 1815 1466 eam
1840 1417 2035 1468 theatra

357 1498 723 1558 transferentis,
753 1497 1109 1563 interpretatio.
1176 1496 1527 1560 Respexerunt
1575 1498 1638 1546 ad
1669 1499 1878 1547 eandem
1910 1497 2035 1547 Pro-

358 1579 551 1644 pertius
584 1577 620 1639 Ι,
645 1579 707 1624 14
731 1575 864 1641 (15),
887 1579 964 1626 15.
1001 1581 1052 1626 et
1084 1574 1290 1626 Ovidius
1323 1575 1470 1626 Rem.
1504 1578 1637 1636 455„
1684 1577 1819 1628 Fast.
1846 1577 1907 1641 ll,
1931 1580 2034 1636 43„

359 1657 484 1708 Met.
509 1656 596 1716 lx,
620 1657 737 1708 411.

1045 1794 1378 1802 ...---.-,.-.

821 1935 887 1995 C.
983 1938 1582 2015 Telephus.

495 2085 551 2135 In
594 2083 937 2149 cognoscenda
978 2083 1127 2132 huius
1165 2083 1450 2148 tragoediae
1485 2088 1728 2133 structura
1761 2083 1916 2132 multa
1947 2098 2038 2132 nos

365 2166 613 2216 adiuvant.
681 2162 839 2211 Tanta
873 2162 1004 2211 enim
1039 2163 1133 2211 fuit
1166 2164 1329 2227 operis
1363 2163 1537 2227 gloria,
1571 2169 1627 2211 ut
1662 2163 1887 2211 omuibus
1918 2161 2039 2211 locis

365 2244 687 2307 omnibusque
720 2243 1029 2306 temporibus
1073 2247 1126 2290 et
1159 2243 1218 2290 ab
1254 2242 1461 2291 eruditis
1495 2247 1547 2291 et
1580 2259 1609 2290 a
1641 2243 1788 2308 vulgo
1821 2243 2040 2292 celebra-

363 2330 522 2385 retur,
551 2327 690 2374 tanta
723 2321 1048 2387 praestantia,
1095 2326 1150 2370 ut
1184 2336 1272 2370 sua
1306 2323 1487 2371 virtute
1521 2323 1812 2372 oblivionem
1848 2323 2040 2387 effuge-

364 2405 447 2454 rit.
512 2402 626 2452 Hoc
670 2401 1001 2465 intelligentes
1043 2406 1147 2450 tres
1193 2401 1290 2450 iam
1335 2402 1427 2450 viri
1472 2402 1794 2450 eruditissimi
1827 2403 1889 2451 ad
1921 2418 2040 2467 pur-

363 2483 522 2548 ganda
554 2482 759 2543 rudera,
809 2481 1138 2545 conquirenda
1185 2481 1584 2546 disponendaque
1633 2482 1933 2546 fragmenta,
1983 2498 2042 2531 ac

367 2563 598 2612 damnum
645 2577 738 2627 per
781 2566 1059 2625 temporum
1102 2561 1332 2610 iniuriam
1366 2562 1733 2625 scribarumque
1765 2561 2042 2611 socordiam

367 2642 591 2702 inlatum,
627 2644 861 2705 quantum
895 2640 1005 2688 fieri
1037 2646 1226 2704 posset,
1263 2641 1529 2690 sanandum
1563 2657 1762 2706 operam
1797 2642 2039 2691 studium—

363 2737 464 2785 que
498 2721 844 2770 contulerunt:
896 2735 1104 2783 quorum
1138 2721 1329 2784 primus
1363 2720 1460 2769 fuit
1503 2720 1629 2768 Geel
1672 2720 1724 2770 in
1767 2720 1924 2770 annal.
1958 2720 2039 2769 In-

368 2801 532 2851 stituti
566 2800 702 2864 Belg.
740 2801 905 2858 1830„
939 2799 1061 2848 alter
1080 2798 1368 2848 Welckerus
1388 2799 1448 2848 T.
1473 2800 1529 2848 ll.
1557 2816 1609 2863 p.
1633 2800 1732 2848 477
1747 2815 1904 2863 seqq„
1937 2803 2040 2848 ter-

366 2881 470 2930 tius
514 2880 633 2929 Otto
667 2878 784 2928 lahu
834 2879 885 2928 in
919 2878 1128 2943 epistola
1161 2878 1222 2927 ad
1255 2878 1569 2928 Welckerum
1604 2878 1884 2942 germanice
1917 2881 2042 2929 scri-

369 2963 456 3024 pta
490 2960 633 3008 1841.
699 2959 794 3007 His
828 2974 909 3007 me
940 2963 1168 3022 quartum
1202 2957 1469 3022 adiungens
1503 2957 1554 3005 in
1586 2958 1815 3006 auxilium
1848 2974 2042 3008 mecum

371 3037 562 3087 adduco
595 3038 787 3087 Attium
819 3042 1035 3101 poetam,
1069 3037 1129 3086 ab
1165 3038 1263 3086 illis
1295 3042 1535 3102 spretum,
1570 3052 1713 3100 quem
1748 3053 1845 3086 non
1882 3039 2040 3087 solum

370 3117 632 3176 imitatum,
665 3114 755 3164 sed
789 3116 934 3164 etiam
968 3117 1339 3182 interpretatum
1378 3115 1631 3180 Euripidis
1664 3115 1882 3167 fabulam
1929 3131 2041 3166 esse

369 3196 427 3245 b'i
459 3202 631 3245 versus
665 3199 912 3244 testantur
945 3210 1055 3245 cum
1089 3196 1279 3261 graecis
1308 3196 1374 3245 ad
1405 3193 1610 3245 ve'rbum
1638 3195 2010 3248 couvenientes:

439 3363 490 3414 *)
517 3360 697 3404 Aristot.
726 3361 832 3403 Eth.
861 3361 941 3414 ln,
962 3361 1005 3415 1,
1025 3361 1079 3403 8:
1122 3359 1202 3404 καὶ
1240 3357 1328 3417 γὰρ
1365 3357 1450 3403 τὸν
1481 3358 1742 3418 Εὐριπίδου
1769 3357 2045 3416 Ἀλκμαίωνα

511 3433 667 3486 γελοῖα
694 3430 912 3485 φαίνεται
938 3429 998 3474 τοὶ
1028 3429 1352 3486 ἀναγκάσαντα
1379 3431 1762 3498 μητροκτονῆᾳαι.
1791 3430 1905 3475 lbid.
1924 3429 2042 3486 v,9=

510 3499 653 3555 λέγων
676 3495 925 3553 αἰτόπως.
982 3500 1092 3544 vide
1119 3500 1290 3546 Wclclt.
1320 3514 1364 3555 p.
1392 3498 1491 3543 579.
