2176 3874
1142 289 1264 345 394

504 438 683 498 πενίας
714 430 751 488 τ’
787 463 852 474 —
883 433 1115 501 ἀριθμὸν
1145 433 1248 502 γὰρ
1280 432 1500 487 τοσόνδε
1531 431 1856 500 προύθέμην.

499 519 530 570 ὁ
563 516 657 583 μὲν
691 515 995 580 ζάπλουτος,
1029 515 1102 576 είς
1131 514 1285 582 γένος
1319 509 1367 567 δ’
1401 513 1500 565 οὐκ
1533 513 1771 581 εὐτυχής,

498 597 646 663 α’λγεῖ
674 595 771 663 μέν
788 634 802 654 ,
838 594 1012 662 ἀλγεῖ,
1045 595 1324 661 παγκάλως
1357 590 1405 647 δ’
1439 593 1720 660 ἀλγύνεται

499 678 665 743 ὄλβου
700 674 918 742 διοίγων
949 675 1194 742 θάλαμον
1225 674 1445 743 ἥδιστον
1476 675 1603 741 χερί.

499 755 595 821 ἔξω
629 754 684 808 δὲ
717 756 920 824 βαίνων
950 756 1138 819 τοῦδε,
1171 755 1266 808 τὸν
1297 756 1465 821 πάρος
1496 755 1694 821 χρόνον

495 839 743 890 πλουτῶν
757 877 770 901 ,
804 828 889 890 ὑπ’
922 839 1050 904 ἄτης
1084 838 1304 903 ζεῦγλαν
1335 835 1574 902 ἄσχάλλει
1605 830 1792 887 πεσών.

498 916 635 980 agag
669 917 727 969 δὲ
758 922 965 984 γαῦρον
998 916 1198 984 σπέρμα
1229 917 1476 983 γενναῖόν
1507 909 1548 968 τ’
1582 915 1716 985 ἔχων

497 998 620 1064 βίου
654 998 912 1061 σπανίζει,
947 999 1020 1070 τῷ
1053 997 1191 1064 γένει
1221 997 1319 1066 μὲν
1351 997 1571 1064 εὐτυχεῖ,

495 1078 649 1148 πενίᾳ
682 1077 731 1130 δ’
766 1076 1000 1130 ἐλάσσων
1033 1076 1172 1129 ἐστίν
1188 1115 1203 1139 ,
1238 1077 1296 1130 ἐν
1322 1071 1373 1130 δ’
1403 1077 1700 1144 ἀλγύνεται,

493 1161 709 1224 φρενῶν
742 1151 791 1210 δ’
822 1153 909 1211 ὑπ’
941 1158 1131 1219 αἰδοῦς
1163 1154 1263 1225 ἔργ’
1300 1157 1590 1210 ἀπωθεῖται
1621 1158 1815 1224 χεροῖν.

494 1238 526 1291 ὅ
560 1233 607 1290 δ’
645 1238 804 1291 οὐδὲν
839 1237 1012 1300 οὐδεὶς
1046 1237 1133 1291 διὰ
1164 1236 1348 1300 τέλους
1378 1255 1434 1290 τε
1468 1237 1742 1304 δυςτυχῶν

494 1318 691 1385 τοσῷδε
721 1322 866 1388 νικᾷ·
900 1323 1000 1372 τοῦ
1031 1318 1134 1386 γὰρ
1169 1314 1227 1371 εὖ
1261 1319 1556 1386 τητώμενος

495 1398 595 1450 οὐκ
629 1393 803 1462 οἶδεν,
837 1398 936 1451 αἰεὶ
968 1400 1242 1467 δυςτυχῶν
1274 1401 1448 1462 κακῶς
1480 1391 1520 1451 τ’
1554 1399 1702 1467 ἔχων.

495 1475 665 1539 οὕτως
695 1482 914 1545 ἄριστον
946 1478 1018 1547 μὴ
1052 1485 1399 1546 πεπειρᾶσθαι
1430 1481 1622 1533 καλῶν.

490 1560 658 1616 ἐκεῖνο
691 1560 792 1627 γὰρ
827 1557 1131 1629 μεμνήμεθ’,
1167 1556 1277 1622 οἷος
1310 1555 1379 1627 ἦν
1411 1577 1536 1613 ποτε

481 1643 626 1711 κάγώ
642 1685 656 1707 .,
691 1635 794 1709 μετ’
827 1641 1040 1707 ἀνδρῶν
1071 1634 1202 1709 ἡνίκ’
1240 1642 1499 1708 εὐτύχουν
1529 1638 1670 1694 ποτέ.

360 1725 480 1774 Post
513 1726 635 1775 haec
668 1726 845 1774 acerba
889 1725 1039 1773 ironia
1086 1724 1367 1772 universum
1409 1739 1564 1787 genus
1599 1719 1878 1770 mortalium
1912 1735 2027 1785 per-

361 1805 573 1868 stringit.
639 1805 881 1854 Mortales
918 1804 1049 1853 enim
1084 1819 1253 1852 omnes
1288 1804 1371 1864 ait,
1407 1803 1521 1851 dum
1557 1803 1766 1850 virtutes
1796 1799 2029 1849 ebulliant

360 1884 627 1949 inanesque
649 1900 794 1934 voces
818 1884 1031 1932 iustitiae
1055 1883 1414 1946 probitatisque
1434 1882 1659 1941 fundant,
1692 1879 2027 1944 voluptatibus

356 1968 504 2028 atque
535 1964 595 2012 iis
627 1965 793 2024 rebuS,
828 1964 1002 2028 quibus
1035 1962 1131 2011 hae
1163 1968 1426 2026 parentur,
1462 1963 1651 2011 servire
1685 1965 1739 2009 et
1769 1959 2026 2024 pecuniam

356 2043 633 2109 postposita
666 2044 851 2108 pietate
885 2041 1091 2090 sectari:

486 2121 559 2182 ὥς
592 2120 824 2188 ἔμφυτος
854 2116 951 2182 μὲν
982 2122 1142 2169 πᾶσιν
1176 2116 1483 2183 ἀνθρώποις
1513 2119 1678 2188 κάκη·

488 2200 624 2262 ὅςτις
658 2199 715 2254 δὲ
747 2202 991 2251 πλεῖστον
1022 2199 1219 2264 μισθὸν
1251 2198 1324 2260 εἰς
1355 2203 1528 2266 χεῖρας
1560 2201 1741 2268 λαβὼν

481 2280 643 2342 κακὸς
674 2280 915 2348 γένηται,
948 2278 1080 2346 τῷδε
1114 2279 1400 2348 συγγνώμη
1433 2278 1529 2346 μὲν
1563 2285 1647 2343 οὔ,

485 2362 642 2413 πλείω
678 2360 734 2413 δὲ
767 2361 963 2427 μισθὸν
995 2359 1236 2425 μείζονος
1269 2360 1464 2427 τόλμης
1497 2358 1632 2429 ἔχων

480 2440 575 2494 τὸν
606 2443 716 2494 τῶν
743 2441 1006 2508 λεγόντων
1040 2437 1178 2506 ῥᾷον
1209 2438 1277 2492 ἂν
1310 2439 1466 2509 φέροι
1497 2443 1687 2510 ψόγον.

481 2600 540 2653 ἔα
573 2618 636 2668 με
667 2600 1014 2666 κερδαίνοντα
1043 2602 1331 2669 κεκλῆσθαι
1362 2602 1530 2654 κακόν
1562 2603 1630 2667 *).

354 2680 772 2732 continuationem
806 2683 982 2732 horum
1016 2683 1164 2733 latine
1198 2698 1481 2734 conversam
1506 2684 1693 2734 Seneca
1724 2685 1880 2752 Epist.
1907 2689 2019 2742 115.

351 2764 635 2828 suppeditat
650 2780 663 2811 :

480 2841 682 2904 „Sine
706 2858 799 2891 me
819 2842 1062 2891 vocari
1084 2842 1470 2910 pessimum,
1505 2849 1577 2891 ut
1603 2842 1789 2894 dives
1810 2861 2019 2899 vocer.

477 2922 578 2970 An
602 2921 820 2980 dives,
859 2937 1081 2971 omnes
1106 2923 1522 2990 quaerimu3‚
1547 2939 1671 2973 non
1697 2941 1778 2974 an
1802 2925 2016 2976 bonus.

485 2999 628 3050 Non
662 3017 872 3067 quare
907 3008 968 3051 et
999 3001 1197 3064 unde,
1246 3001 1405 3069 quid
1437 3002 1714 3066 habeas,
1747 3011 2015 3055 tantum

1330 3087 1586 3148 rogant

485 3156 734 3226 Ubique
795 3161 981 3209 tanti
1040 3162 1341 3228 quisque,
1401 3168 1717 3228 quantum
1761 3162 2013 3224 habuit,

1330 3241 1496 3306 suet.

412 3384 462 3440 '‘l‘)
489 3384 675 3440 Fragm.
707 3384 809 3427 dub.
827 3384 897 3427 33.
926 3383 1083 3439 p.447.
1112 3386 1274 3429 Matth.
1300 3384 1482 3428 Diodori
1511 3399 1605 3428 exc.
1627 3385 1720 3428 Vnt.
1741 3386 1789 3428 L.
1814 3386 2013 3429 xxxvu

488 3478 537 3485 ——
556 3454 649 3497 XL.
681 3469 719 3497 c.
750 3454 819 3497 ll.
851 3470 893 3510 p.
924 3454 1020 3497 135.
1054 3455 1181 3499 Dind.
