2176 3874
961 270 1085 332 365

181 429 275 480 sibi
306 426 463 492 magis
500 425 649 475 etiam
682 423 876 482 didicit,
909 437 1052 486 quam
1088 420 1314 487 plerique
1347 435 1535 484 eorum,
1570 421 1672 486 qui,
1705 421 1757 471 in
1790 421 1863 471 ci-

181 509 360 559 vilibus
395 506 719 557 certaminum
753 503 1136 565 concionumque
1170 502 1398 551 fluctibus
1433 508 1716 565 versanteS,
1761 518 1866 552 am-

182 589 391 649 bitioni,
439 587 673 636 avaritiae
717 590 770 633 et
816 582 1150 647 voluptatibus
1185 582 1481 642 inserviunt3
1527 583 1637 643 illa,
1683 583 1866 634 amoris

183 670 389 732 iraeque
439 666 654 716 stimulis
715 669 853 724 acta,
910 662 1072 728 patria
1125 662 1346 727 prodita,
1401 664 1688 726 parentibus
1747 680 1865 730 pes-

185 749 457 804 sumdatis,
510 746 668 795 fratre
723 742 1015 802 interfecto,
1062 741 1226 790 scelus
1284 743 1689 792 immanissimum
1749 762 1866 810 per-

183 834 348 893 petrat
379 827 589 887 liberos,
636 840 759 888 quos
803 823 911 887 ipsa
945 822 1172 887 peperit,
1219 822 1537 870 trucidando:
1588 823 1672 871 hic
1719 826 1868 875 etiam

182 907 536 957 inimicissimis
584 904 819 969 ignoscit,
874 902 926 951 in
971 903 1211 967 patriam,
1267 918 1330 950 ex
1389 918 1484 965 qua
1528 902 1870 966 indignissime

185 988 378 1037 eiectus
399 993 492 1050 est,
526 985 808 1052 rogantibus
838 984 896 1032 iis
931 983 1055 1048 ipsis
1091 1000 1119 1031 a
1153 982 1331 1046 quibus
1366 983 1551 1031 eiectus
1588 989 1682 1045 est,
1717 985 1869 1047 redit,

185 1085 348 1133 neque
379 1068 512 1116 redit
545 1072 760 1125 tantum,
818 1065 907 1112 sed
954 1064 1103 1112 etiam
1148 1063 1402 1112 victricem
1437 1063 1725 1113 redditurus
1773 1070 1870 1127 est,

184 1148 376 1210 hosteS,
411 1164 441 1195 a
474 1147 651 1211 quibus
685 1145 784 1211 ipsi
817 1160 1039 1208 regnum,
1075 1148 1127 1192 et
1150 1159 1472 1207 quaecunque
1493 1146 1553 1194 ab
1587 1145 1871 1197 hominibus

187 1243 363 1295 magna
393 1227 748 1294 praeclaraque
782 1225 1050 1285 habentur,
1086 1223 1391 1286 offeruntur,
1427 1225 1725 1277 domituruS.

735 1564 799 1621 C.
905 1566 1326 1641 Dictys.

323 1689 677 1754 Argumentum
711 1686 858 1736 huius
891 1686 1088 1736 fabulae
1113 1685 1482 1735 accuratissime
1515 1685 1731 1737 omnium
1766 1702 1873 1738 ser·

190 1768 321 1819 vavit
353 1767 618 1818 scholiasta
651 1767 899 1833 Apollonii
934 1767 997 1816 ad
1030 1767 1140 1818 libr.
1184 1765 1268 1816 1V.
1313 1782 1357 1815 v.
1402 1769 1576 1827 1515„
1620 1784 1731 1817 cum
1778 1785 1874 1834 qua

190 1851 466 1899 narratione
499 1865 656 1914 paene
689 1850 752 1897 ad
786 1849 990 1898 verbum
1026 1852 1296 1911 congruunt
1331 1864 1460 1911 quae
1494 1848 1694 1913 scripsit
1722 1849 1876 1913 Apol-

190 1929 392 1978 lodorus
429 1928 487 1988 ΙΙ,
521 1931 571 1989 4,
605 1931 652 1980 2.
699 1934 751 1977 et
785 1932 831 1978 3.
914 1928 969 1978 In
1015 1930 1192 1977 eodem
1239 1936 1528 1991 argumento
1577 1929 1880 1994 epigramma

189 2010 365 2059 nititur
391 2008 691 2072 Cyzicenum
715 2007 912 2069 XVHL,
945 2009 1077 2072 quod
1113 2012 1189 2056 est
1221 2008 1272 2057 in
1297 2008 1506 2057 Iacobsii
1528 2009 1728 2060 Anthol.
1764 2007 1876 2060 Vol.

190 2089 270 2139 III.
303 2094 427 2153 part.
453 2091 501 2137 3.
538 2106 587 2154 p.
614 2090 728 2137 632.
797 2088 1040 2152 Respexit
1073 2088 1136 2136 ad
1171 2087 1299 2136 hanc
1332 2088 1549 2137 fabulam
1585 2089 1731 2137 etiam
1757 2087 1877 2137 Ovi-

189 2164 303 2219 dius
336 2169 462 2218 Met.
503 2168 566 2231 V,
600 2171 903 2218 242—248.
974 2169 1199 2232 Denique
1233 2168 1411 2218 Strabo
1446 2169 1528 2217 lib.
1566 2167 1629 2219 X.
1675 2185 1722 2233 p.
1760 2170 1876 2231 335,

191 2252 270 2300 5⁷.
322 2249 518 2314 (482),
577 2256 924 2314 praeterquam
973 2250 1104 2312 quod
1151 2248 1330 2314 Dictyn
1374 2249 1673 2314 piscatorem
1717 2249 1880 2300 fuisse

191 2330 420 2389 tradidit,
469 2330 760 2392 Euripidem
797 2335 997 2378 secutus
1045 2333 1140 2376 est.
1205 2328 1506 2393 Fragmenta
1539 2334 1732 2377 servata
1765 2333 1881 2380 sunt

192 2410 432 2474 quaedam
468 2409 588 2457 satis
626 2407 884 2465 luculenta,
909 2422 1070 2469 neque
1103 2411 1270 2455 tamen
1297 2407 1594 2456 sufficientia
1619 2410 1680 2458 ad
1706 2425 1878 2459 omnes

193 2489 426 2538 dramatis
453 2493 639 2552 partes,
676 2487 845 2550 quales
872 2485 1073 2544 fuerint,
1095 2486 1480 2550 cognoscendas,
1527 2488 1606 2537 Ad
1636 2489 1775 2537 cuius
1800 2489 1875 2539 in-

193 2569 486 2618 veniendam
557 2567 969 2631 compositionem
1033 2572 1230 2630 praeter
1290 2565 1619 2615 Matthiaeum
1673 2583 1876 2632 operam

194 2649 492 2700 Welckerus
530 2658 582 2697 et
617 2647 898 2696 Schoellius
934 2645 1067 2695 haud
1103 2648 1207 2694 sine
1244 2644 1408 2695 fructu
1443 2647 1774 2696 contulerunt.

325 2729 648 2778 Prooemium
694 2744 722 2776 a
769 2726 1022 2775 Mercurio
1070 2726 1256 2775 dictum
1308 2742 1419 2775 esse
1476 2742 1536 2775 ex
1595 2728 1688 2785 iis,
1750 2744 1878 2792 quae

195 2809 444 2876 Apollonii
490 2809 757 2857 scholiasta
802 2806 989 2866 refert,
1055 2806 1185 2855 haud
1229 2806 1438 2856 difficile
1482 2813 1562 2857 est
1605 2808 1878 2860 intellectu.

194 2891 258 2940 Ei
290 2892 414 2940 haec
450 2890 559 2938 fere
595 2888 885 2954 exponenda
920 2887 1147 2935 fuerunt:

327 2971 492 3020 Danae
526 2986 676 3033 quum
711 2974 847 3018 esset
881 2984 908 3015 a
942 2974 1082 3031 patre
1116 2967 1309 3016 Acrisio
1342 2968 1390 3016 in
1424 2984 1540 3017 arca
1572 2968 1732 3034 lignea
1766 2984 1878 3018 cum

196 3052 350 3100 filiolo
385 3050 616 3100 conclusa
651 3057 703 3099 et
736 3050 782 3097 in
819 3064 954 3096 mare
988 3048 1207 3108 deiecta,
1254 3048 1416 3097 delata
1450 3056 1527 3099 est
1573 3049 1632 3097 ad
1669 3049 1878 3098 insulam

195 3131 478 3196 Seriphum,
514 3130 563 3178 in
600 3146 692 3194 qua
727 3128 850 3176 haec
884 3134 1107 3191 aguntur,
1147 3130 1230 3178 ubi
1262 3129 1416 3178 littori
1452 3130 1707 3195 appulsam
1742 3131 1878 3178 inve-

196 3213 270 3261 nit
305 3212 504 3275 DictyS,
537 3212 665 3274 regis
701 3209 986 3273 Polydectis
1020 3206 1272 3272 frater*),
1316 3211 1399 3274 qui
1435 3216 1487 3260 et
1519 3212 1675 3276 ipsam
1712 3225 1877 3259 serva-

197 3292 268 3340 vit
301 3300 353 3340 et
385 3308 595 3356 puerum
630 3297 918 3353 susceptum
953 3289 1197 3338 educavit.

255 3410 306 3466 ²⁵)
334 3411 482 3452 Maior
510 3403 625 3454 natu⁴
655 3411 832 3466 iamque
871 3412 1019 3451 aetate
1061 3409 1316 3463 provectior
1349 3424 1447 3453 esse
1487 3409 1671 3467 fingitur
1707 3408 1877 3465 Dictys,

338 3482 453 3524 unde
482 3496 583 3525 eum
611 3482 771 3527 iniuste
801 3495 828 3526 a
845 3480 1089 3537 Polydecte
1118 3495 1260 3538 regno
1290 3484 1518 3526 exclusum
1547 3495 1644 3524 esse
1673 3479 1875 3524 coniicio.
