2144 3854
1135 314 1218 371 70

340 466 504 517 Etiam
537 461 799 511 scholiasta
830 459 1167 526 Lycophronis
1199 459 1262 508 ad
1295 476 1338 509 v.
1371 459 1512 520 421„
1546 459 1684 508 cuius
1716 450 1873 511 verba
1908 477 2020 512 cum

341 541 627 608 Apollodori
640 539 803 590 verbis
821 538 931 588 fere
949 545 1236 606 congruunt,
1256 538 1494 604 quaedam
1523 540 1795 588 accuratius
1812 541 2019 591 indicat:

341 618 578 686 φυγὼν
610 615 668 670 δὲ
699 617 730 669 ὁ
767 616 950 680 Φοῖνιξ
981 611 1142 684 ἦλθε
1174 617 1305 684 πρὸς
1345 615 1555 684 Πηλέα,
1604 616 1694 669 καὶ
1722 617 1785 678 ὃς
1818 617 2021 684 α’παγα-

340 700 452 767 γὼν
499 698 663 751 αὐτὸν
693 690 827 763 πρὸς
857 696 951 750 τὸν
983 698 1223 763 Χείρωνα
1255 697 1455 750 ἔπεισεν
1488 697 1612 767 ὑγιῆ
1648 697 1897 765 γενέσθαι
1928 697 2019 750 ὑπ’

342 780 511 832 αὐτοῦ
525 799 539 830 =
561 781 779 844 itemque
793 773 955 845 γνοὺς
978 779 1140 831 αὐτὸν
1165 779 1195 830 ὁ
1218 777 1510 846 πατὴρ-κ
1525 796 1644 847 ατη
1660 798 1690 845 ρ
1706 779 1740 830 οἱ
1754 789 1786 830 σ
1802 797 1879 831 ατ
1894 798 1923 832 ο
1949 780 2021 848 μὴ

340 863 556 912 τεκεῖν
589 859 800 910 παῖδα
818 878 859 920 ς.
894 861 1040 909 Patet
1065 877 1126 910 ex
1147 861 1222 909 his
1258 876 1350 909 non
1381 877 1409 908 a
1435 860 1587 910 Peleo
1624 863 1731 926 ipso
1759 861 2020 912 abductum

342 958 454 991 esse
486 941 812 1003 Phoenicem,
860 941 910 989 id
955 941 1086 1005 quod
1119 940 1331 989 coniecit
1365 939 1686 1009 Welckerus‚
1740 941 1828 990 sed
1865 941 2021 990 solum

341 1037 453 1071 cum
497 1023 778 1087 paedagogo
823 1037 851 1070 e
891 1020 1050 1085 patria
1093 1019 1268 1069 abisse.
1337 1019 1567 1068 Extrema
1617 1026 1782 1071 autem
1817 1021 2019 1070 Tzetzis

340 1102 490 1151 verba
525 1117 636 1151 cum
670 1100 815 1150 Ennii
848 1099 1048 1165 fragm„
1102 1099 1231 1164 quod
1267 1104 1346 1148 est
1378 1099 1506 1164 apud
1545 1099 1652 1148 Cic.
1689 1100 1827 1150 Orat.
1863 1115 1906 1150 c.
1939 1102 2022 1165 46,

344 1182 640 1248 conspirant.

471 1261 764 1326 Fragmenta
798 1261 991 1308 exstant
1023 1257 1346 1323 paucissima,
1393 1273 1602 1322 quorum
1650 1263 1818 1309 tamen
1850 1275 2022 1310 nume-

342 1357 428 1391 rus
463 1345 667 1404 augetur
698 1339 914 1402 reliquiis
950 1337 1144 1388 fabulae
1177 1337 1444 1399 Ennianae‚
1479 1337 1542 1387 de
1577 1338 1823 1405 Euripidis
1856 1354 2023 1390 exem-

343 1420 469 1485 plari
503 1434 783 1485 expressae.

473 1499 730 1548 Prooemio
766 1497 1039 1546 docendum
1072 1496 1171 1546 fuit
1202 1496 1354 1545 illud:

477 1575 586 1627 ὅττι
618 1591 715 1639 περ
750 1577 941 1641 ἤχθετο
975 1574 1134 1638 πατρὶ
1168 1574 1473 1638 σαόφρονος
1506 1572 1678 1626 εἵνεκα
1709 1576 1920 1642 ματρός,

593 1654 913 1715 παλλακίδος
947 1653 1141 1720 δούλης
1175 1652 1362 1718 λέκτρα
1394 1651 1726 1725 προςιεμένῳ.

341 1736 557 1786 Primam
591 1738 737 1801 igitur
771 1741 978 1785 matrem
1014 1734 1272 1784 Phoenicis
1305 1735 1592 1785 Alcimeden
1626 1736 1854 1801 prodisse
1881 1741 2022 1802 puto,

342 1831 401 1864 ac
434 1815 499 1865 de
529 1817 662 1881 turpi
697 1817 824 1866 senis
857 1814 1060 1864 libidine
1095 1819 1413 1877 conquestam
1448 1831 1588 1864 esse:

474 1893 763 1956 „Stultu'
817 1900 939 1956 est,
988 1894 1096 1960 qui
1131 1893 1385 1959 cupida
1435 1895 1712 1960 cupiens
1758 1896 2021 1963 cupien-

1181 1978 1204 2020 t
1222 1988 1290 2020 er
1326 1974 1563 2038 cupit.”

345 2053 470 2103 Cum
503 2068 655 2102 senex
686 2052 859 2115 virgini
893 2053 1098 2101 acerbus
1154 2052 1249 2111 sit,
1299 2056 1401 2100 tum
1435 2068 1531 2102 non
1579 2055 1739 2104 minus
1783 2055 2022 2121 virginem

344 2133 450 2183 seni
481 2132 737 2181 molestam
774 2147 886 2180 esse
921 2132 1055 2187 dicit,
1093 2130 1224 2194 quod
1260 2130 1307 2177 ei
1341 2132 1499 2180 soleat
1531 2133 1800 2199 imperare:

475 2210 753 2277 μοχθηρόν
786 2206 926 2261 ἐστιν
959 2207 1116 2274 ἀνδρὶ
1150 2209 1414 2276 πρεσβύτῃ
1447 2207 1558 2272 νέα,

474 2290 695 2358 ἡβῶσαν
729 2288 864 2351 ὅςτις
898 2288 1080 2341 οὐκέθ’
1117 2288 1311 2356 ὡραῖος
1343 2293 1503 2355 γαμεῖ
1520 2288 1603 2356 *)·

475 2369 728 2422 δέσποινα
761 2369 863 2437 γὰρ
897 2369 1108 2436 γέροντι
1138 2369 1357 2438 νυμφίῳ
1389 2370 1543 2437 γυνή.

475 2528 668 2595 πικρὸν
699 2529 794 2599 νέᾳ
824 2529 1040 2597 γυναικὶ
1073 2529 1366 2597 πρεσβύτης
1398 2529 1550 2597 ἀνήρ.

472 2611 550 2661 Ex
583 2612 759 2676 quibus
794 2613 1018 2661 coniicias
1065 2612 1173 2660 fere
1221 2613 1424 2672 eadem,
1473 2627 1596 2676 quae
1642 2615 1848 2677 agantur
1891 2611 2021 2677 apud

342 2691 612 2740 Homerum
637 2691 716 2754 (ΙΙ.
739 2691 826 2750 ΙΧ,
862 2689 1208 2755 448-495.),
1243 2697 1351 2741 acta
1384 2706 1496 2741 esse
1530 2691 1679 2740 etiam
1713 2692 1843 2756 apud
1875 2690 2020 2740 Euri-

340 2772 507 2836 pidem
540 2772 600 2821 ab
633 2772 727 2820 hac
759 2771 970 2821 femina:

607 2879 667 2887 —
701 2849 738 2916 ἦ
772 2849 818 2901 δ’
854 2847 968 2901 αἰὲν
1001 2866 1090 2914 εμε
1121 2845 1415 2900 λισσέσκετο
1461 2846 1676 2912 γούνων

472 2928 751 2980 παλλακίδι
781 2931 1120 2996 προμιγῆναι
1155 2928 1224 2981 ἵν’
1260 2926 1494 2995 ἐχθήρειε
1525 2924 1765 2993 γέροντα.

341 3008 515 3073 Neque
571 3015 736 3060 tamen
791 3010 1012 3060 Phoenix
1060 3015 1125 3075 τῇ
1169 3008 1351 3061 πίθετο
1395 3007 1484 3060 καὶ
1528 3005 1725 3073 ἔρεξενε
1776 2988 2020 3057 testantur

343 3089 472 3138 enim
507 3093 558 3138 et
591 3089 745 3141 schol.
780 3095 833 3140 et
864 3089 1390 3147 Eustath.ad11.1X,
1435 3091 1549 3138 447.
1617 3087 1774 3152 Culpa
1818 3102 2020 3136 vacasse

342 3166 639 3219 Phoenicem
671 3169 953 3234 Euripidis:
1003 3165 1094 3220 καὶ
1115 3167 1408 3235 Εὐριπίδης
1441 3164 1497 3218 δὲ
1530 3164 2018 3231 αναμοίρτητον

406 3335 450 3391 ”)
477 3336 623 3392 Vulgo
658 3331 896 3393 μοχθηρόν
934 3335 1057 3380 ἐστιν
1088 3335 1223 3396 ἀνδρὶ
1265 3333 1493 3393 πρεσβύτῃ
1535 3333 1715 3379 τέκνα
1752 3333 2019 3383 δίδωσιν,

480 3399 601 3455 &sug
626 3408 735 3460 urz„
781 3405 897 3460 quod
940 3406 1181 3450 absurdum
1224 3409 1303 3450 est.
1359 3405 1564 3448 Aliorum
1608 3404 1877 3447 coniecturas
1914 3402 2018 3446 vide

482 3488 554 3531 ap.
584 3475 746 3520 Matth.
775 3490 818 3531 p.
847 3475 933 3519 289
962 3490 1055 3533 seq.
1087 3477 1156 3521 Cf.
1186 3477 1321 3520 etiam
1349 3477 1501 3521 Valck.
1531 3475 1660 3519 diatr-
1689 3490 1733 3531 p.
1762 3473 1861 3516 273.
