<?xml version="1.0" encoding="UTF-8"?>
<!DOCTYPE html PUBLIC "-//W3C//DTD XHTML 1.0 Transitional//EN"
    "http://www.w3.org/TR/xhtml1/DTD/xhtml1-transitional.dtd">
<html xmlns="http://www.w3.org/1999/xhtml" xml:lang="en" lang="en">
 <head>
  <title>
</title>
<meta http-equiv="Content-Type" content="text/html;charset=utf-8" />
  <meta name='ocr-system' content='tesseract 3.04.00' />
  <meta name='ocr-capabilities' content='ocr_page ocr_carea ocr_par ocr_line ocrx_word'/>
</head>
<body>
  <div class='ocr_page' id='page_1' title='image "./euripidesrestitu01hartuoft_0540.png"; bbox 0 0 2176 3874; ppageno 0'>
   <div class='ocr_carea' id='block_1_1' title="bbox 1138 284 1262 344">
    <p class='ocr_par' dir='ltr' id='par_1_1' title="bbox 1138 284 1262 344">
     <span class='ocr_line' id='line_1_1' title="bbox 1138 284 1262 344; baseline 0 0"><span class='ocrx_word' id='word_1_1' title='bbox 1138 284 1262 344; x_wconf 82' lang='lat'>522</span> 
     </span>
    </p>
   </div>
   <div class='ocr_carea' id='block_1_2' title="bbox 308 434 2093 2832">
    <p class='ocr_par' dir='ltr' id='par_1_2' title="bbox 308 434 2093 2832">
     <span class='ocr_line' id='line_1_2' title="bbox 366 434 2052 503; baseline 0 -15"><span class='ocrx_word' id='word_1_2' title='bbox 366 437 496 489; x_wconf 88' lang='lat' dir='ltr'>enim</span> <span class='ocrx_word' id='word_1_3' title='bbox 530 436 694 503; x_wconf 86' lang='lat' dir='ltr'>legem</span> <span class='ocrx_word' id='word_1_4' title='bbox 727 435 850 484; x_wconf 72' lang='lat' dir='ltr'>deos</span> <span class='ocrx_word' id='word_1_5' title='bbox 884 449 999 483; x_wconf 86' lang='lat' dir='ltr'>esse</span> <span class='ocrx_word' id='word_1_6' title='bbox 1031 434 1315 497; x_wconf 79' lang='lat' dir='ltr'>credimus,</span> <span class='ocrx_word' id='word_1_7' title='bbox 1362 434 1491 485; x_wconf 86' lang='lat' dir='ltr'>iusta</span> <span class='ocrx_word' id='word_1_8' title='bbox 1534 436 1821 503; x_wconf 84' lang='lat' dir='ltr'>iniustaque</span> <span class='ocrx_word' id='word_1_9' title='bbox 1867 436 1919 487; x_wconf 84' lang='lat' dir='ltr'>in</span> <span class='ocrx_word' id='word_1_10' title='bbox 1951 437 2052 488; x_wconf 83' lang='lat' dir='ltr'>vita</span> 
     </span>
     <span class='ocr_line' id='line_1_3' title="bbox 363 513 2055 581; baseline -0.001 -12"><span class='ocrx_word' id='word_1_11' title='bbox 363 521 579 570; x_wconf 82' lang='lat' dir='ltr'>humana</span> <span class='ocrx_word' id='word_1_12' title='bbox 609 513 958 566; x_wconf 75' lang='lat' dir='ltr'>definiente8.&#39;&#39;</span> <span class='ocrx_word' id='word_1_13' title='bbox 1025 514 1138 564; x_wconf 89' lang='lat' dir='ltr'>Hoc</span> <span class='ocrx_word' id='word_1_14' title='bbox 1170 516 1281 565; x_wconf 94' lang='lat' dir='ltr'>loco</span> <span class='ocrx_word' id='word_1_15' title='bbox 1307 517 1576 581; x_wconf 82' lang='lat' dir='ltr'>paullulum</span> <span class='ocrx_word' id='word_1_16' title='bbox 1601 517 1743 568; x_wconf 89' lang='lat' dir='ltr'>nobis</span> <span class='ocrx_word' id='word_1_17' title='bbox 1766 517 2055 568; x_wconf 81' lang='lat' dir='ltr'>subsisten-</span> 
     </span>
     <span class='ocr_line' id='line_1_4' title="bbox 365 592 2053 661; baseline 0.001 -13"><span class='ocrx_word' id='word_1_18' title='bbox 365 599 486 649; x_wconf 81' lang='lat' dir='ltr'>dum</span> <span class='ocrx_word' id='word_1_19' title='bbox 520 603 599 646; x_wconf 88' lang='lat' dir='ltr'>est</span> <span class='ocrx_word' id='word_1_20' title='bbox 645 602 696 647; x_wconf 92' lang='lat' dir='ltr'>et</span> <span class='ocrx_word' id='word_1_21' title='bbox 729 596 1005 645; x_wconf 74' lang='lat' dir='ltr'>accuratius</span> <span class='ocrx_word' id='word_1_22' title='bbox 1052 592 1408 646; x_wconf 72' lang='lat' dir='ltr'>‘consideranda</span> <span class='ocrx_word' id='word_1_23' title='bbox 1451 599 1701 647; x_wconf 85' lang='lat' dir='ltr'>sententia</span> <span class='ocrx_word' id='word_1_24' title='bbox 1746 599 2053 661; x_wconf 79' lang='lat' dir='ltr'>gravissima.</span> 
     </span>
     <span class='ocr_line' id='line_1_5' title="bbox 364 670 2056 745; baseline -0.001 -14"><span class='ocrx_word' id='word_1_25' title='bbox 364 679 564 745; x_wconf 88' lang='grc' dir='ltr'><strong><em>Νόμον</em></strong></span> <span class='ocrx_word' id='word_1_26' title='bbox 605 677 726 727; x_wconf 86' lang='lat' dir='ltr'>dicit</span> <span class='ocrx_word' id='word_1_27' title='bbox 768 676 932 741; x_wconf 89' lang='lat' dir='ltr'>legem</span> <span class='ocrx_word' id='word_1_28' title='bbox 968 677 1275 738; x_wconf 84' lang='lat' dir='ltr'>absolutam,</span> <span class='ocrx_word' id='word_1_29' title='bbox 1325 693 1421 726; x_wconf 93' lang='lat' dir='ltr'>non</span> <span class='ocrx_word' id='word_1_30' title='bbox 1469 676 1676 742; x_wconf 79' lang='grc' dir='ltr'><strong><em>νόμους</em></strong></span> <span class='ocrx_word' id='word_1_31' title='bbox 1710 670 2056 744; x_wconf 80' lang='grc' dir='ltr'><strong><em>Ἑλληνικοὺς</em></strong></span> 
     </span>
     <span class='ocr_line' id='line_1_6' title="bbox 363 754 2055 824; baseline -0.001 -12"><span class='ocrx_word' id='word_1_32' title='bbox 363 763 470 812; x_wconf 86' lang='lat' dir='ltr'>sive</span> <span class='ocrx_word' id='word_1_33' title='bbox 502 757 763 824; x_wconf 81' lang='grc' dir='ltr'><strong><em>πατρίους</em></strong></span> <span class='ocrx_word' id='word_1_34' title='bbox 793 754 1116 821; x_wconf 74' lang='grc' dir='ltr'><em>παραδοχάς,</em></span> <span class='ocrx_word' id='word_1_35' title='bbox 1151 759 1241 807; x_wconf 92' lang='lat' dir='ltr'>sed</span> <span class='ocrx_word' id='word_1_36' title='bbox 1275 774 1518 807; x_wconf 87' lang='lat' dir='ltr'>summam</span> <span class='ocrx_word' id='word_1_37' title='bbox 1547 776 1738 818; x_wconf 87' lang='lat' dir='ltr'>eorum,</span> <span class='ocrx_word' id='word_1_38' title='bbox 1774 776 1903 824; x_wconf 86' lang='lat' dir='ltr'>quae</span> <span class='ocrx_word' id='word_1_39' title='bbox 1937 776 2055 810; x_wconf 86' lang='lat' dir='ltr'>con-</span> 
     </span>
     <span class='ocr_line' id='line_1_7' title="bbox 364 839 2054 904; baseline -0.001 -12"><span class='ocrx_word' id='word_1_40' title='bbox 364 857 517 892; x_wconf 87' lang='lat' dir='ltr'>sensu</span> <span class='ocrx_word' id='word_1_41' title='bbox 549 841 747 904; x_wconf 86' lang='lat' dir='ltr'>generis</span> <span class='ocrx_word' id='word_1_42' title='bbox 782 839 981 888; x_wconf 84' lang='lat' dir='ltr'>humani</span> <span class='ocrx_word' id='word_1_43' title='bbox 1022 854 1178 903; x_wconf 86' lang='lat' dir='ltr'>aequa</span> <span class='ocrx_word' id='word_1_44' title='bbox 1211 839 1437 901; x_wconf 84' lang='lat' dir='ltr'>iustaque</span> <span class='ocrx_word' id='word_1_45' title='bbox 1471 839 1734 890; x_wconf 88' lang='lat' dir='ltr'>habentur.</span> <span class='ocrx_word' id='word_1_46' title='bbox 1805 841 1938 890; x_wconf 86' lang='lat' dir='ltr'>Huic</span> <span class='ocrx_word' id='word_1_47' title='bbox 1969 857 2054 890; x_wconf 87' lang='lat' dir='ltr'>su-</span> 
     </span>
     <span class='ocr_line' id='line_1_8' title="bbox 363 919 2053 988; baseline -0.002 -17"><span class='ocrx_word' id='word_1_48' title='bbox 363 937 568 988; x_wconf 86' lang='lat' dir='ltr'>premae</span> <span class='ocrx_word' id='word_1_49' title='bbox 599 920 850 982; x_wconf 77' lang='lat' dir='ltr'>iustitiae,</span> <span class='ocrx_word' id='word_1_50' title='bbox 898 936 995 969; x_wconf 92' lang='lat' dir='ltr'>non</span> <span class='ocrx_word' id='word_1_51' title='bbox 1027 919 1166 968; x_wconf 81' lang='lat' dir='ltr'>fatali</span> <span class='ocrx_word' id='word_1_52' title='bbox 1201 919 1396 968; x_wconf 89' lang='lat' dir='ltr'>cuidam</span> <span class='ocrx_word' id='word_1_53' title='bbox 1432 920 1748 978; x_wconf 78' lang='lat' dir='ltr'><strong>necessitati,</strong></span> <span class='ocrx_word' id='word_1_54' title='bbox 1796 920 1894 970; x_wconf 83' lang='lat' dir='ltr'>diis</span> <span class='ocrx_word' id='word_1_55' title='bbox 1928 920 2053 984; x_wconf 88' lang='lat' dir='ltr'>ipsis</span> 
     </span>
     <span class='ocr_line' id='line_1_9' title="bbox 360 999 2053 1069; baseline -0.001 -18"><span class='ocrx_word' id='word_1_56' title='bbox 360 1001 635 1069; x_wconf 90' lang='lat' dir='ltr'>parendum</span> <span class='ocrx_word' id='word_1_57' title='bbox 671 1005 776 1049; x_wconf 88' lang='lat' dir='ltr'>est:</span> <span class='ocrx_word' id='word_1_58' title='bbox 809 1016 939 1058; x_wconf 78' lang='lat' dir='ltr'>nam,</span> <span class='ocrx_word' id='word_1_59' title='bbox 973 1005 1031 1048; x_wconf 90' lang='lat' dir='ltr'>ut</span> <span class='ocrx_word' id='word_1_60' title='bbox 1062 999 1195 1047; x_wconf 89' lang='lat' dir='ltr'>idem</span> <span class='ocrx_word' id='word_1_61' title='bbox 1230 1004 1381 1061; x_wconf 89' lang='lat' dir='ltr'>poeta</span> <span class='ocrx_word' id='word_1_62' title='bbox 1415 1000 1510 1048; x_wconf 85' lang='lat' dir='ltr'>alio</span> <span class='ocrx_word' id='word_1_63' title='bbox 1545 1000 1657 1050; x_wconf 91' lang='lat' dir='ltr'>loco</span> <span class='ocrx_word' id='word_1_64' title='bbox 1692 1001 1835 1056; x_wconf 79' lang='lat' dir='ltr'>dixit,</span> <span class='ocrx_word' id='word_1_65' title='bbox 1868 1017 2053 1050; x_wconf 82' lang='lat' dir='ltr'>neces-</span> 
     </span>
     <span class='ocr_line' id='line_1_10' title="bbox 362 1080 2054 1146; baseline -0.002 -14"><span class='ocrx_word' id='word_1_66' title='bbox 362 1083 501 1132; x_wconf 86' lang='lat' dir='ltr'>sitati</span> <span class='ocrx_word' id='word_1_67' title='bbox 525 1095 703 1146; x_wconf 83' lang='lat' dir='ltr'>parere</span> <span class='ocrx_word' id='word_1_68' title='bbox 726 1095 983 1128; x_wconf 87' lang='lat' dir='ltr'>servorum</span> <span class='ocrx_word' id='word_1_69' title='bbox 1018 1094 1133 1127; x_wconf 87' lang='lat' dir='ltr'>esse</span> <span class='ocrx_word' id='word_1_70' title='bbox 1157 1082 1361 1126; x_wconf 88' lang='lat' dir='ltr'>censent</span> <span class='ocrx_word' id='word_1_71' title='bbox 1383 1080 1651 1144; x_wconf 77' lang='lat' dir='ltr'>sapientes,</span> <span class='ocrx_word' id='word_1_72' title='bbox 1722 1080 1866 1130; x_wconf 84' lang='lat' dir='ltr'>Hanc</span> <span class='ocrx_word' id='word_1_73' title='bbox 1889 1081 2054 1145; x_wconf 87' lang='lat' dir='ltr'>legem</span> 
     </span>
     <span class='ocr_line' id='line_1_11' title="bbox 361 1158 2054 1231; baseline -0.001 -19"><span class='ocrx_word' id='word_1_74' title='bbox 361 1167 420 1213; x_wconf 86' lang='lat' dir='ltr'>ut</span> <span class='ocrx_word' id='word_1_75' title='bbox 451 1164 549 1211; x_wconf 86' lang='lat' dir='ltr'>sint</span> <span class='ocrx_word' id='word_1_76' title='bbox 582 1161 666 1226; x_wconf 90' lang='lat' dir='ltr'>qui</span> <span class='ocrx_word' id='word_1_77' title='bbox 711 1164 967 1231; x_wconf 79' lang='lat' dir='ltr'>tueantur,</span> <span class='ocrx_word' id='word_1_78' title='bbox 1012 1174 1124 1207; x_wconf 89' lang='lat' dir='ltr'>cum</span> <span class='ocrx_word' id='word_1_79' title='bbox 1171 1158 1222 1206; x_wconf 88' lang='lat' dir='ltr'>in</span> <span class='ocrx_word' id='word_1_80' title='bbox 1267 1159 1365 1207; x_wconf 84' lang='lat' dir='ltr'>vita</span> <span class='ocrx_word' id='word_1_81' title='bbox 1411 1159 1624 1209; x_wconf 90' lang='lat' dir='ltr'>humana</span> <span class='ocrx_word' id='word_1_82' title='bbox 1670 1177 1768 1211; x_wconf 90' lang='lat' dir='ltr'>non</span> <span class='ocrx_word' id='word_1_83' title='bbox 1814 1162 1977 1211; x_wconf 88' lang='lat' dir='ltr'>solum</span> <span class='ocrx_word' id='word_1_84' title='bbox 2024 1177 2054 1210; x_wconf 78' lang='lat' dir='ltr'>a</span> 
     </span>
     <span class='ocr_line' id='line_1_12' title="bbox 361 1238 2056 1310; baseline -0.001 -18"><span class='ocrx_word' id='word_1_85' title='bbox 361 1243 595 1310; x_wconf 73' lang='lat' dir='ltr'>privatiS,</span> <span class='ocrx_word' id='word_1_86' title='bbox 644 1240 734 1289; x_wconf 86' lang='lat' dir='ltr'>sed</span> <span class='ocrx_word' id='word_1_87' title='bbox 770 1240 919 1288; x_wconf 88' lang='lat' dir='ltr'>etiam</span> <span class='ocrx_word' id='word_1_88' title='bbox 954 1254 983 1286; x_wconf 88' lang='lat' dir='ltr'>a</span> <span class='ocrx_word' id='word_1_89' title='bbox 1016 1238 1214 1303; x_wconf 90' lang='lat' dir='ltr'>populis</span> <span class='ocrx_word' id='word_1_90' title='bbox 1246 1239 1545 1304; x_wconf 79' lang='lat' dir='ltr'>regibusque</span> <span class='ocrx_word' id='word_1_91' title='bbox 1578 1242 1870 1307; x_wconf 72' lang='lat' dir='ltr'>saepissime</span> <span class='ocrx_word' id='word_1_92' title='bbox 1902 1240 2056 1291; x_wconf 86' lang='lat' dir='ltr'>viole·-</span> 
     </span>
     <span class='ocr_line' id='line_1_13' title="bbox 360 1317 2057 1386; baseline -0.002 -12"><span class='ocrx_word' id='word_1_93' title='bbox 360 1329 462 1381; x_wconf 90' lang='lat' dir='ltr'>tur‚</span> <span class='ocrx_word' id='word_1_94' title='bbox 498 1323 621 1371; x_wconf 84' lang='lat' dir='ltr'>deos</span> <span class='ocrx_word' id='word_1_95' title='bbox 647 1336 761 1370; x_wconf 92' lang='lat' dir='ltr'>esse</span> <span class='ocrx_word' id='word_1_96' title='bbox 790 1319 1042 1368; x_wconf 84' lang='lat' dir='ltr'>credimus</span> <span class='ocrx_word' id='word_1_97' title='bbox 1067 1318 1134 1385; x_wconf 77' lang='lat'>²¹²),</span> <span class='ocrx_word' id='word_1_98' title='bbox 1171 1317 1304 1367; x_wconf 88' lang='lat' dir='ltr'>unde</span> <span class='ocrx_word' id='word_1_99' title='bbox 1328 1318 1564 1381; x_wconf 75' lang='lat' dir='ltr'>efficitur,</span> <span class='ocrx_word' id='word_1_100' title='bbox 1599 1327 1657 1371; x_wconf 91' lang='lat' dir='ltr'>ut</span> <span class='ocrx_word' id='word_1_101' title='bbox 1681 1322 1835 1371; x_wconf 82' lang='lat' dir='ltr'>certis</span> <span class='ocrx_word' id='word_1_102' title='bbox 1860 1323 2057 1386; x_wconf 86' lang='lat' dir='ltr'>aequis-</span> 
     </span>
     <span class='ocr_line' id='line_1_14' title="bbox 363 1399 2058 1469; baseline -0.001 -17"><span class='ocrx_word' id='word_1_103' title='bbox 363 1420 462 1469; x_wconf 88' lang='lat' dir='ltr'>que</span> <span class='ocrx_word' id='word_1_104' title='bbox 497 1401 692 1466; x_wconf 87' lang='lat' dir='ltr'>legibus</span> <span class='ocrx_word' id='word_1_105' title='bbox 726 1416 808 1449; x_wconf 89' lang='lat' dir='ltr'>res</span> <span class='ocrx_word' id='word_1_106' title='bbox 842 1400 1081 1448; x_wconf 88' lang='lat' dir='ltr'>humanas</span> <span class='ocrx_word' id='word_1_107' title='bbox 1115 1399 1387 1462; x_wconf 86' lang='lat' dir='ltr'>temperari</span> <span class='ocrx_word' id='word_1_108' title='bbox 1440 1406 1493 1449; x_wconf 88' lang='lat' dir='ltr'>et</span> <span class='ocrx_word' id='word_1_109' title='bbox 1525 1400 1648 1450; x_wconf 84' lang='lat' dir='ltr'>deos</span> <span class='ocrx_word' id='word_1_110' title='bbox 1697 1417 1813 1451; x_wconf 88' lang='lat' dir='ltr'>esse</span> <span class='ocrx_word' id='word_1_111' title='bbox 1847 1403 2058 1452; x_wconf 85' lang='lat' dir='ltr'>credere</span> 
     </span>
     <span class='ocr_line' id='line_1_15' title="bbox 360 1478 2057 1543; baseline -0.001 -9"><span class='ocrx_word' id='word_1_112' title='bbox 360 1485 497 1534; x_wconf 89' lang='lat' dir='ltr'>idem</span> <span class='ocrx_word' id='word_1_113' title='bbox 533 1483 612 1531; x_wconf 88' lang='lat' dir='ltr'>sit.</span> <span class='ocrx_word' id='word_1_114' title='bbox 680 1481 821 1543; x_wconf 79' lang='lat' dir='ltr'>Quae</span> <span class='ocrx_word' id='word_1_115' title='bbox 866 1478 1034 1542; x_wconf 92' lang='lat' dir='ltr'>opinio</span> <span class='ocrx_word' id='word_1_116' title='bbox 1079 1478 1175 1527; x_wconf 89' lang='lat' dir='ltr'>nisi</span> <span class='ocrx_word' id='word_1_117' title='bbox 1221 1479 1514 1529; x_wconf 89' lang='lat' dir='ltr'>mortalium·</span> <span class='ocrx_word' id='word_1_118' title='bbox 1552 1481 1725 1530; x_wconf 87' lang='lat' dir='ltr'>animis</span> <span class='ocrx_word' id='word_1_119' title='bbox 1769 1483 1934 1531; x_wconf 84' lang='lat' dir='ltr'>innata</span> <span class='ocrx_word' id='word_1_120' title='bbox 1975 1483 2057 1532; x_wconf 88' lang='lat' dir='ltr'>in-</span> 
     </span>
     <span class='ocr_line' id='line_1_16' title="bbox 359 1560 2059 1628; baseline -0.002 -14"><span class='ocrx_word' id='word_1_121' title='bbox 359 1566 559 1628; x_wconf 83' lang='lat' dir='ltr'>fixaque</span> <span class='ocrx_word' id='word_1_122' title='bbox 592 1566 759 1622; x_wconf 85' lang='lat' dir='ltr'>esset,</span> <span class='ocrx_word' id='word_1_123' title='bbox 806 1564 998 1608; x_wconf 88' lang='lat' dir='ltr'>temere</span> <span class='ocrx_word' id='word_1_124' title='bbox 1043 1560 1207 1608; x_wconf 88' lang='lat' dir='ltr'>omnia</span> <span class='ocrx_word' id='word_1_125' title='bbox 1255 1576 1353 1608; x_wconf 90' lang='lat' dir='ltr'>non</span> <span class='ocrx_word' id='word_1_126' title='bbox 1388 1561 1548 1611; x_wconf 89' lang='lat' dir='ltr'>minus</span> <span class='ocrx_word' id='word_1_127' title='bbox 1581 1561 1633 1611; x_wconf 89' lang='lat' dir='ltr'>in</span> <span class='ocrx_word' id='word_1_128' title='bbox 1668 1562 1924 1611; x_wconf 87' lang='lat' dir='ltr'>hominum</span> <span class='ocrx_word' id='word_1_129' title='bbox 1956 1562 2059 1611; x_wconf 81' lang='lat' dir='ltr'>vita</span> 
     </span>
     <span class='ocr_line' id='line_1_17' title="bbox 361 1639 2059 1710; baseline -0.002 -16"><span class='ocrx_word' id='word_1_130' title='bbox 361 1661 509 1710; x_wconf 88' lang='lat' dir='ltr'>quam</span> <span class='ocrx_word' id='word_1_131' title='bbox 542 1643 593 1693; x_wconf 92' lang='lat' dir='ltr'>in</span> <span class='ocrx_word' id='word_1_132' title='bbox 626 1656 795 1691; x_wconf 89' lang='lat' dir='ltr'>rerum</span> <span class='ocrx_word' id='word_1_133' title='bbox 823 1644 995 1688; x_wconf 85' lang='lat' dir='ltr'>natura</span> <span class='ocrx_word' id='word_1_134' title='bbox 1022 1639 1407 1690; x_wconf 84' lang='lat' dir='ltr'>administranda</span> <span class='ocrx_word' id='word_1_135' title='bbox 1430 1647 1712 1704; x_wconf 69' lang='lat' dir='ltr'>agerentur,</span> <span class='ocrx_word' id='word_1_136' title='bbox 1746 1658 1910 1708; x_wconf 87' lang='lat' dir='ltr'>neque</span> <span class='ocrx_word' id='word_1_137' title='bbox 1942 1641 2059 1691; x_wconf 88' lang='lat' dir='ltr'>ullis</span> 
     </span>
     <span class='ocr_line' id='line_1_18' title="bbox 359 1719 2059 1790; baseline -0.003 -13"><span class='ocrx_word' id='word_1_138' title='bbox 359 1726 552 1790; x_wconf 86' lang='lat' dir='ltr'>legibus</span> <span class='ocrx_word' id='word_1_139' title='bbox 587 1722 667 1773; x_wconf 85' lang='lat' dir='ltr'>vel</span> <span class='ocrx_word' id='word_1_140' title='bbox 702 1723 879 1771; x_wconf 87' lang='lat' dir='ltr'>domus</span> <span class='ocrx_word' id='word_1_141' title='bbox 918 1719 997 1767; x_wconf 81' lang='lat' dir='ltr'>vel</span> <span class='ocrx_word' id='word_1_142' title='bbox 1027 1720 1252 1768; x_wconf 86' lang='lat' dir='ltr'>civitates</span> <span class='ocrx_word' id='word_1_143' title='bbox 1281 1726 1700 1787; x_wconf 83' lang='lat' dir='ltr'>temperarentur.</span> <span class='ocrx_word' id='word_1_144' title='bbox 1768 1722 1854 1771; x_wconf 86' lang='lat' dir='ltr'>llla</span> <span class='ocrx_word' id='word_1_145' title='bbox 1889 1727 2059 1772; x_wconf 86' lang='lat' dir='ltr'>autem</span> 
     </span>
     <span class='ocr_line' id='line_1_19' title="bbox 359 1800 2058 1871; baseline -0.003 -15"><span class='ocrx_word' id='word_1_146' title='bbox 359 1807 473 1871; x_wconf 84' lang='lat' dir='ltr'>lege</span> <span class='ocrx_word' id='word_1_147' title='bbox 504 1804 713 1854; x_wconf 85' lang='lat' dir='ltr'>iniurias</span> <span class='ocrx_word' id='word_1_148' title='bbox 747 1800 920 1850; x_wconf 88' lang='lat' dir='ltr'>ulcisci</span> <span class='ocrx_word' id='word_1_149' title='bbox 954 1815 1050 1848; x_wconf 91' lang='lat' dir='ltr'>non</span> <span class='ocrx_word' id='word_1_150' title='bbox 1085 1800 1371 1850; x_wconf 88' lang='lat' dir='ltr'>hominibus</span> <span class='ocrx_word' id='word_1_151' title='bbox 1406 1806 1616 1861; x_wconf 86' lang='lat' dir='ltr'>tantum,</span> <span class='ocrx_word' id='word_1_152' title='bbox 1652 1803 1742 1852; x_wconf 87' lang='lat' dir='ltr'>sed</span> <span class='ocrx_word' id='word_1_153' title='bbox 1779 1804 1926 1852; x_wconf 87' lang='lat' dir='ltr'>etiam</span> <span class='ocrx_word' id='word_1_154' title='bbox 1961 1803 2058 1852; x_wconf 81' lang='lat' dir='ltr'>diis</span> 
     </span>
     <span class='ocr_line' id='line_1_20' title="bbox 360 1871 2059 1943; baseline -0.004 -6"><span class='ocrx_word' id='word_1_155' title='bbox 360 1899 684 1943; x_wconf 77' lang='lat' dir='ltr'>concessum,</span> <span class='ocrx_word' id='word_1_156' title='bbox 728 1887 782 1932; x_wconf 91' lang='lat' dir='ltr'>et</span> <span class='ocrx_word' id='word_1_157' title='bbox 814 1885 1124 1929; x_wconf 89' lang='lat' dir='ltr'>mortuorum</span> <span class='ocrx_word' id='word_1_158' title='bbox 1159 1882 1339 1931; x_wconf 85' lang='lat' dir='ltr'>caedes</span> <span class='ocrx_word' id='word_1_159' title='bbox 1374 1871 1548 1931; x_wconf 84' lang='lat' dir='ltr'>ulcisci</span> <span class='ocrx_word' id='word_1_160' title='bbox 1582 1889 1774 1932; x_wconf 90' lang='lat' dir='ltr'>rectum</span> <span class='ocrx_word' id='word_1_161' title='bbox 1809 1883 2059 1933; x_wconf 87' lang='lat' dir='ltr'>debitum-</span> 
     </span>
     <span class='ocr_line' id='line_1_21' title="bbox 362 1961 2060 2034; baseline -0.003 -18"><span class='ocrx_word' id='word_1_162' title='bbox 362 1984 460 2034; x_wconf 88' lang='lat' dir='ltr'>que</span> <span class='ocrx_word' id='word_1_163' title='bbox 495 1971 587 2015; x_wconf 87' lang='lat' dir='ltr'>est.</span> <span class='ocrx_word' id='word_1_164' title='bbox 652 1962 826 2027; x_wconf 82' lang='lat' dir='ltr'>Pergit</span> <span class='ocrx_word' id='word_1_165' title='bbox 859 1962 1015 2027; x_wconf 88' lang='lat' dir='ltr'>igitur</span> <span class='ocrx_word' id='word_1_166' title='bbox 1061 1961 1339 2011; x_wconf 84' lang='lat' dir='ltr'>orationem</span> <span class='ocrx_word' id='word_1_167' title='bbox 1374 1961 1612 2012; x_wconf 85' lang='lat' dir='ltr'>Hecuba:</span> <span class='ocrx_word' id='word_1_168' title='bbox 1656 1963 1836 2024; x_wconf 84' lang='lat' dir='ltr'>„Haec</span> <span class='ocrx_word' id='word_1_169' title='bbox 1881 1963 1964 2012; x_wconf 79' lang='lat' dir='ltr'>lex</span> <span class='ocrx_word' id='word_1_170' title='bbox 1997 1963 2060 2021; x_wconf 86' lang='lat' dir='ltr'>si,</span> 
     </span>
     <span class='ocr_line' id='line_1_22' title="bbox 361 2042 2093 2112; baseline -0.003 -15"><span class='ocrx_word' id='word_1_171' title='bbox 361 2052 600 2112; x_wconf 87' lang='lat' dir='ltr'>quantum</span> <span class='ocrx_word' id='word_1_172' title='bbox 633 2046 684 2094; x_wconf 91' lang='lat' dir='ltr'>in</span> <span class='ocrx_word' id='word_1_173' title='bbox 716 2049 772 2093; x_wconf 89' lang='lat' dir='ltr'>te</span> <span class='ocrx_word' id='word_1_174' title='bbox 805 2046 901 2102; x_wconf 75' lang='lat' dir='ltr'>est,</span> <span class='ocrx_word' id='word_1_175' title='bbox 935 2042 1137 2104; x_wconf 89' lang='lat' dir='ltr'>impune</span> <span class='ocrx_word' id='word_1_176' title='bbox 1171 2042 1459 2102; x_wconf 79' lang='lat' dir='ltr'>violabitur,</span> <span class='ocrx_word' id='word_1_177' title='bbox 1506 2059 1670 2107; x_wconf 88' lang='lat' dir='ltr'>neque</span> <span class='ocrx_word' id='word_1_178' title='bbox 1702 2059 1890 2107; x_wconf 86' lang='lat' dir='ltr'>poenas</span> <span class='ocrx_word' id='word_1_179' title='bbox 1925 2043 2062 2092; x_wconf 83' lang='lat' dir='ltr'>luent</span> <span class='ocrx_word' id='word_1_180' title='bbox 2090 2071 2093 2073; x_wconf 58' lang='lat'>&gt;</span> 
     </span>
     <span class='ocr_line' id='line_1_23' title="bbox 308 2121 2061 2194; baseline -0.004 -16"><span class='ocrx_word' id='word_1_181' title='bbox 308 2135 310 2137; x_wconf 78' lang='grc'><strong>’</strong></span> <span class='ocrx_word' id='word_1_182' title='bbox 359 2127 573 2194; x_wconf 85' lang='lat' dir='ltr'>improbi</span> <span class='ocrx_word' id='word_1_183' title='bbox 610 2132 661 2175; x_wconf 89' lang='lat' dir='ltr'>et</span> <span class='ocrx_word' id='word_1_184' title='bbox 694 2122 950 2184; x_wconf 83' lang='lat' dir='ltr'>sacrilegi,</span> <span class='ocrx_word' id='word_1_185' title='bbox 997 2121 1191 2169; x_wconf 87' lang='lat' dir='ltr'>iustitia</span> <span class='ocrx_word' id='word_1_186' title='bbox 1236 2137 1266 2168; x_wconf 88' lang='lat' dir='ltr'>e</span> <span class='ocrx_word' id='word_1_187' title='bbox 1299 2122 1399 2169; x_wconf 81' lang='lat' dir='ltr'>vita</span> <span class='ocrx_word' id='word_1_188' title='bbox 1433 2122 1624 2170; x_wconf 88' lang='lat' dir='ltr'>sublata</span> <span class='ocrx_word' id='word_1_189' title='bbox 1658 2124 1768 2171; x_wconf 87' lang='lat' dir='ltr'>erit.</span> <span class='ocrx_word' id='word_1_190' title='bbox 1837 2123 1982 2184; x_wconf 80' lang='lat' dir='ltr'>Quod</span> <span class='ocrx_word' id='word_1_191' title='bbox 2016 2122 2061 2171; x_wconf 78' lang='lat' dir='ltr'>si</span> 
     </span>
     <span class='ocr_line' id='line_1_24' title="bbox 358 2200 2060 2271; baseline -0.004 -13"><span class='ocrx_word' id='word_1_192' title='bbox 358 2209 460 2258; x_wconf 86' lang='lat' dir='ltr'>hoc</span> <span class='ocrx_word' id='word_1_193' title='bbox 494 2212 645 2271; x_wconf 85' lang='lat' dir='ltr'>turpe</span> <span class='ocrx_word' id='word_1_194' title='bbox 677 2218 793 2252; x_wconf 87' lang='lat' dir='ltr'>esse</span> <span class='ocrx_word' id='word_1_195' title='bbox 825 2200 985 2256; x_wconf 86' lang='lat' dir='ltr'>ducis,</span> <span class='ocrx_word' id='word_1_196' title='bbox 1021 2216 1103 2248; x_wconf 93' lang='lat' dir='ltr'>me</span> <span class='ocrx_word' id='word_1_197' title='bbox 1135 2217 1370 2250; x_wconf 82' lang='lat' dir='ltr'>reverere</span> <span class='ocrx_word' id='word_1_198' title='bbox 1405 2206 1454 2250; x_wconf 92' lang='lat' dir='ltr'>et</span> <span class='ocrx_word' id='word_1_199' title='bbox 1490 2202 1686 2267; x_wconf 84' lang='lat' dir='ltr'>integro</span> <span class='ocrx_word' id='word_1_200' title='bbox 1720 2202 1906 2251; x_wconf 89' lang='lat' dir='ltr'>indicio</span> <span class='ocrx_word' id='word_1_201' title='bbox 1931 2201 2060 2251; x_wconf 82' lang='lat' dir='ltr'>mala</span> 
     </span>
     <span class='ocr_line' id='line_1_25' title="bbox 360 2280 2062 2344; baseline -0.005 -7"><span class='ocrx_word' id='word_1_202' title='bbox 360 2303 473 2337; x_wconf 84' lang='lat' dir='ltr'>mea</span> <span class='ocrx_word' id='word_1_203' title='bbox 506 2285 771 2334; x_wconf 87' lang='lat' dir='ltr'>aestimans</span> <span class='ocrx_word' id='word_1_204' title='bbox 806 2281 905 2329; x_wconf 86' lang='lat' dir='ltr'>mei</span> <span class='ocrx_word' id='word_1_205' title='bbox 938 2281 1195 2330; x_wconf 87' lang='lat' dir='ltr'>miserere.</span> <span class='ocrx_word' id='word_1_206' title='bbox 1263 2280 1457 2344; x_wconf 88' lang='lat' dir='ltr'>Regina</span> <span class='ocrx_word' id='word_1_207' title='bbox 1493 2281 1612 2330; x_wconf 90' lang='lat' dir='ltr'>olim</span> <span class='ocrx_word' id='word_1_208' title='bbox 1644 2282 1734 2342; x_wconf 75' lang='lat' dir='ltr'>fui,</span> <span class='ocrx_word' id='word_1_209' title='bbox 1769 2297 1902 2330; x_wconf 85' lang='lat' dir='ltr'>nunc</span> <span class='ocrx_word' id='word_1_210' title='bbox 1915 2297 2062 2330; x_wconf 80' lang='lat' dir='ltr'>serva</span> 
     </span>
     <span class='ocr_line' id='line_1_26' title="bbox 362 2361 2061 2426; baseline -0.004 -10"><span class='ocrx_word' id='word_1_211' title='bbox 362 2383 498 2426; x_wconf 82' lang='lat' dir='ltr'>sum3</span> <span class='ocrx_word' id='word_1_212' title='bbox 532 2365 649 2413; x_wconf 89' lang='lat' dir='ltr'>olim</span> <span class='ocrx_word' id='word_1_213' title='bbox 685 2364 826 2412; x_wconf 87' lang='lat' dir='ltr'>dives</span> <span class='ocrx_word' id='word_1_214' title='bbox 860 2361 1065 2421; x_wconf 77' lang='lat' dir='ltr'>liberi8‚</span> <span class='ocrx_word' id='word_1_215' title='bbox 1113 2377 1244 2408; x_wconf 90' lang='lat' dir='ltr'>nunc</span> <span class='ocrx_word' id='word_1_216' title='bbox 1280 2363 1430 2421; x_wconf 88' lang='lat' dir='ltr'>orba,</span> <span class='ocrx_word' id='word_1_217' title='bbox 1475 2378 1627 2423; x_wconf 78' lang='lat' dir='ltr'>anus,</span> <span class='ocrx_word' id='word_1_218' title='bbox 1664 2361 1807 2420; x_wconf 81' lang='lat' dir='ltr'>exul,</span> <span class='ocrx_word' id='word_1_219' title='bbox 1844 2362 2061 2422; x_wconf 83' lang='lat' dir='ltr'>deserta,</span> 
     </span>
     <span class='ocr_line' id='line_1_27' title="bbox 359 2441 2060 2505; baseline -0.004 -9"><span class='ocrx_word' id='word_1_220' title='bbox 359 2445 642 2496; x_wconf 85' lang='lat' dir='ltr'>mortalium</span> <span class='ocrx_word' id='word_1_221' title='bbox 663 2441 1045 2491; x_wconf 84' lang='lat' dir='ltr'>afflictissima.”</span> <span class='ocrx_word' id='word_1_222' title='bbox 1081 2441 1222 2490; x_wconf 89' lang='lat' dir='ltr'>Haec</span> <span class='ocrx_word' id='word_1_223' title='bbox 1234 2441 1444 2491; x_wconf 88' lang='lat' dir='ltr'>Hecuba</span> <span class='ocrx_word' id='word_1_224' title='bbox 1466 2443 1680 2502; x_wconf 74' lang='lat' dir='ltr'>dicente,</span> <span class='ocrx_word' id='word_1_225' title='bbox 1704 2442 2060 2505; x_wconf 84' lang='lat' dir='ltr'>Agamemnon,</span> 
     </span>
     <span class='ocr_line' id='line_1_28' title="bbox 362 2514 2062 2591; baseline -0.002 -17"><span class='ocrx_word' id='word_1_226' title='bbox 362 2528 446 2591; x_wconf 93' lang='lat' dir='ltr'>qui</span> <span class='ocrx_word' id='word_1_227' title='bbox 503 2541 649 2574; x_wconf 91' lang='lat' dir='ltr'>unam</span> <span class='ocrx_word' id='word_1_228' title='bbox 690 2523 877 2582; x_wconf 89' lang='lat' dir='ltr'>filiam,</span> <span class='ocrx_word' id='word_1_229' title='bbox 936 2538 1083 2586; x_wconf 91' lang='lat' dir='ltr'>quam</span> <span class='ocrx_word' id='word_1_230' title='bbox 1129 2521 1213 2570; x_wconf 91' lang='lat' dir='ltr'>illa</span> <span class='ocrx_word' id='word_1_231' title='bbox 1263 2523 1585 2587; x_wconf 83' lang='lat' dir='ltr'>superstitem</span> <span class='ocrx_word' id='word_1_232' title='bbox 1631 2514 1876 2583; x_wconf 86' lang='lat' dir='ltr'>habebat,</span> <span class='ocrx_word' id='word_1_233' title='bbox 1940 2538 1970 2570; x_wconf 86' lang='lat' dir='ltr'>a</span> <span class='ocrx_word' id='word_1_234' title='bbox 2004 2534 2062 2572; x_wconf 79' lang='lat' dir='ltr'>se</span> 
     </span>
     <span class='ocr_line' id='line_1_29' title="bbox 361 2602 2060 2671; baseline -0.004 -15"><span class='ocrx_word' id='word_1_235' title='bbox 361 2607 621 2671; x_wconf 91' lang='lat' dir='ltr'>abreptam</span> <span class='ocrx_word' id='word_1_236' title='bbox 677 2603 840 2653; x_wconf 90' lang='lat' dir='ltr'>teneri</span> <span class='ocrx_word' id='word_1_237' title='bbox 890 2602 1209 2662; x_wconf 79' lang='lat' dir='ltr'>recordetur,</span> <span class='ocrx_word' id='word_1_238' title='bbox 1265 2618 1322 2650; x_wconf 89' lang='lat' dir='ltr'>os</span> <span class='ocrx_word' id='word_1_239' title='bbox 1370 2604 1550 2651; x_wconf 86' lang='lat' dir='ltr'>avertit</span> <span class='ocrx_word' id='word_1_240' title='bbox 1595 2617 1876 2667; x_wconf 85' lang='lat' dir='ltr'>corpusque</span> <span class='ocrx_word' id='word_1_241' title='bbox 1923 2617 2060 2650; x_wconf 90' lang='lat' dir='ltr'>com-</span> 
     </span>
     <span class='ocr_line' id='line_1_30' title="bbox 362 2682 2062 2747; baseline -0.003 -11"><span class='ocrx_word' id='word_1_242' title='bbox 362 2692 545 2737; x_wconf 82' lang='lat' dir='ltr'>movet.</span> <span class='ocrx_word' id='word_1_243' title='bbox 581 2684 712 2733; x_wconf 88' lang='lat' dir='ltr'>Tum</span> <span class='ocrx_word' id='word_1_244' title='bbox 736 2684 847 2731; x_wconf 87' lang='lat' dir='ltr'>illa:</span> <span class='ocrx_word' id='word_1_245' title='bbox 878 2683 1031 2744; x_wconf 78' lang='lat' dir='ltr'>„Heu</span> <span class='ocrx_word' id='word_1_246' title='bbox 1051 2682 1173 2730; x_wconf 91' lang='lat' dir='ltr'>mihi</span> <span class='ocrx_word' id='word_1_247' title='bbox 1194 2683 1425 2744; x_wconf 87' lang='lat' dir='ltr'>miserae,</span> <span class='ocrx_word' id='word_1_248' title='bbox 1452 2698 1550 2747; x_wconf 86' lang='lat' dir='ltr'>quo</span> <span class='ocrx_word' id='word_1_249' title='bbox 1575 2682 1811 2731; x_wconf 81' lang='lat' dir='ltr'>subducis</span> <span class='ocrx_word' id='word_1_250' title='bbox 1839 2682 2062 2746; x_wconf 59' lang='lat' dir='ltr'>pedem?</span> 
     </span>
     <span class='ocr_line' id='line_1_31' title="bbox 361 2761 2062 2832; baseline -0.004 -16"><span class='ocrx_word' id='word_1_251' title='bbox 361 2768 443 2821; x_wconf 86' lang='lat' dir='ltr'>Nil</span> <span class='ocrx_word' id='word_1_252' title='bbox 491 2765 782 2832; x_wconf 83' lang='lat' dir='ltr'>profectura</span> <span class='ocrx_word' id='word_1_253' title='bbox 829 2780 945 2813; x_wconf 90' lang='lat' dir='ltr'>esse</span> <span class='ocrx_word' id='word_1_254' title='bbox 988 2762 1179 2812; x_wconf 83' lang='lat' dir='ltr'>videor.</span> <span class='ocrx_word' id='word_1_255' title='bbox 1248 2763 1382 2826; x_wconf 75' lang='lat' dir='ltr'>Quid</span> <span class='ocrx_word' id='word_1_256' title='bbox 1414 2763 1615 2812; x_wconf 89' lang='lat' dir='ltr'>tandem</span> <span class='ocrx_word' id='word_1_257' title='bbox 1661 2762 1896 2811; x_wconf 80' lang='lat' dir='ltr'>mortales</span> <span class='ocrx_word' id='word_1_258' title='bbox 1936 2761 2062 2809; x_wconf 87' lang='lat' dir='ltr'>alias</span> 
     </span>
    </p>
   </div>
   <div class='ocr_carea' id='block_1_3' title="bbox 419 2911 2064 3540">
    <p class='ocr_par' dir='ltr' id='par_1_3' title="bbox 419 2911 2064 3540">
     <span class='ocr_line' id='line_1_32' title="bbox 419 2911 2064 2977; baseline -0.003 -15"><span class='ocrx_word' id='word_1_259' title='bbox 419 2920 469 2977; x_wconf 50' lang='grc' dir='ltr'>ΞΓ’)</span> <span class='ocrx_word' id='word_1_260' title='bbox 499 2921 644 2962; x_wconf 89' lang='lat' dir='ltr'>Recte</span> <span class='ocrx_word' id='word_1_261' title='bbox 672 2920 940 2962; x_wconf 79' lang='lat' dir='ltr'>scholiastes</span> <span class='ocrx_word' id='word_1_262' title='bbox 970 2919 1028 2961; x_wconf 84' lang='lat' dir='ltr'>ad</span> <span class='ocrx_word' id='word_1_263' title='bbox 1058 2933 1102 2961; x_wconf 81' lang='lat' dir='ltr'>v.</span> <span class='ocrx_word' id='word_1_264' title='bbox 1128 2917 1239 2960; x_wconf 76' lang='lat'><strong>783:</strong></span> <span class='ocrx_word' id='word_1_265' title='bbox 1271 2914 1353 2960; x_wconf 81' lang='grc' dir='ltr'>διὰ</span> <span class='ocrx_word' id='word_1_266' title='bbox 1380 2916 1467 2960; x_wconf 77' lang='grc' dir='ltr'>τοῦ</span> <span class='ocrx_word' id='word_1_267' title='bbox 1495 2913 1642 2971; x_wconf 82' lang='grc' dir='ltr'><strong><em>νόμον</em></strong></span> <span class='ocrx_word' id='word_1_268' title='bbox 1671 2913 1759 2971; x_wconf 74' lang='grc' dir='ltr'>γὰρ</span> <span class='ocrx_word' id='word_1_269' title='bbox 1779 2911 1892 2965; x_wconf 69' lang='grc' dir='ltr'>τοὺς</span> <span class='ocrx_word' id='word_1_270' title='bbox 1915 2911 2064 2964; x_wconf 71' lang='grc' dir='ltr'><em>θεοὺς</em></span> 
     </span>
     <span class='ocr_line' id='line_1_33' title="bbox 509 2979 2062 3046; baseline -0.004 -13"><span class='ocrx_word' id='word_1_271' title='bbox 509 2987 828 3045; x_wconf 71' lang='grc' dir='ltr'><em>γιγνώσκομεν,</em></span> <span class='ocrx_word' id='word_1_272' title='bbox 858 2987 1000 3046; x_wconf 82' lang='grc' dir='ltr'><strong><em>ἤγουν</em></strong></span> <span class='ocrx_word' id='word_1_273' title='bbox 1029 2985 1108 3033; x_wconf 81' lang='grc' dir='ltr'>διὰ</span> <span class='ocrx_word' id='word_1_274' title='bbox 1135 2988 1284 3043; x_wconf 87' lang='grc' dir='ltr'><strong><em>νόμου</em></strong></span> <span class='ocrx_word' id='word_1_275' title='bbox 1313 2984 1725 3044; x_wconf 76' lang='grc' dir='ltr'><strong><em>καταλαμβάνομεν</em></strong></span> <span class='ocrx_word' id='word_1_276' title='bbox 1754 2981 1876 3028; x_wconf 81' lang='grc' dir='ltr'><strong><em>εἶναι</em></strong></span> <span class='ocrx_word' id='word_1_277' title='bbox 1901 2979 2062 3038; x_wconf 62' lang='grc' dir='ltr'><em>θεούς,</em></span> 
     </span>
     <span class='ocr_line' id='line_1_34' title="bbox 504 3053 2060 3115; baseline -0.005 -10"><span class='ocrx_word' id='word_1_278' title='bbox 504 3060 584 3105; x_wconf 83' lang='grc' dir='ltr'>καὶ</span> <span class='ocrx_word' id='word_1_279' title='bbox 613 3061 758 3115; x_wconf 79' lang='grc' dir='ltr'><strong><em>ζῶμεν</em></strong></span> <span class='ocrx_word' id='word_1_280' title='bbox 789 3059 867 3104; x_wconf 79' lang='grc' dir='ltr'>διὰ</span> <span class='ocrx_word' id='word_1_281' title='bbox 898 3061 982 3103; x_wconf 84' lang='grc' dir='ltr'>τοῦ</span> <span class='ocrx_word' id='word_1_282' title='bbox 1010 3058 1158 3115; x_wconf 84' lang='grc' dir='ltr'><strong><em>νόμον</em></strong></span> <span class='ocrx_word' id='word_1_283' title='bbox 1192 3057 1249 3101; x_wconf 78' lang='grc' dir='ltr'>τὰ</span> <span class='ocrx_word' id='word_1_284' title='bbox 1280 3059 1439 3102; x_wconf 84' lang='grc' dir='ltr'><strong><em>δίκαια</em></strong></span> <span class='ocrx_word' id='word_1_285' title='bbox 1469 3057 1548 3100; x_wconf 82' lang='grc' dir='ltr'>καὶ</span> <span class='ocrx_word' id='word_1_286' title='bbox 1575 3054 1633 3099; x_wconf 79' lang='grc' dir='ltr'>τὰ</span> <span class='ocrx_word' id='word_1_287' title='bbox 1663 3053 1804 3100; x_wconf 72' lang='grc' dir='ltr'><strong><em>ἄδικα</em></strong></span> <span class='ocrx_word' id='word_1_288' title='bbox 1826 3054 2060 3109; x_wconf 81' lang='grc' dir='ltr'><strong><em>τάξαντες.</em></strong></span> 
     </span>
     <span class='ocr_line' id='line_1_35' title="bbox 505 3122 2062 3186; baseline -0.003 -12"><span class='ocrx_word' id='word_1_289' title='bbox 505 3130 600 3174; x_wconf 81' lang='grc' dir='ltr'>τῶν</span> <span class='ocrx_word' id='word_1_290' title='bbox 638 3130 796 3186; x_wconf 87' lang='grc' dir='ltr'><strong><em>νόμων</em></strong></span> <span class='ocrx_word' id='word_1_291' title='bbox 837 3129 885 3173; x_wconf 81' lang='grc' dir='ltr'>ἐκ</span> <span class='ocrx_word' id='word_1_292' title='bbox 923 3131 1045 3174; x_wconf 81' lang='grc' dir='ltr'><em>θεοῦ</em></span> <span class='ocrx_word' id='word_1_293' title='bbox 1080 3127 1230 3174; x_wconf 83' lang='grc' dir='ltr'><strong><em>ὅντων</em></strong></span> <span class='ocrx_word' id='word_1_294' title='bbox 1270 3127 1539 3184; x_wconf 86' lang='grc' dir='ltr'><strong><em>τιμωμένων</em></strong></span> <span class='ocrx_word' id='word_1_295' title='bbox 1578 3122 1768 3179; x_wconf 72' lang='grc' dir='ltr'><strong><em>σώζεται</em></strong></span> <span class='ocrx_word' id='word_1_296' title='bbox 1808 3126 1887 3170; x_wconf 84' lang='grc' dir='ltr'>καὶ</span> <span class='ocrx_word' id='word_1_297' title='bbox 1926 3125 1956 3182; x_wconf 81' lang='grc' dir='ltr'><em>ἤ</em></span> <span class='ocrx_word' id='word_1_298' title='bbox 1996 3127 2062 3176; x_wconf 78' lang='grc' dir='ltr'>εἰς</span> 
     </span>
     <span class='ocr_line' id='line_1_36' title="bbox 507 3194 2062 3256; baseline -0.003 -11"><span class='ocrx_word' id='word_1_299' title='bbox 507 3199 685 3245; x_wconf 76' lang='grc' dir='ltr'><strong><em>ἐκεῖνον</em></strong></span> <span class='ocrx_word' id='word_1_300' title='bbox 715 3196 841 3255; x_wconf 88' lang='grc' dir='ltr'><strong><em>τιμή,</em></strong></span> <span class='ocrx_word' id='word_1_301' title='bbox 869 3199 930 3255; x_wconf 82' lang='grc' dir='ltr'><em>μή</em></span> <span class='ocrx_word' id='word_1_302' title='bbox 963 3199 1231 3256; x_wconf 81' lang='grc' dir='ltr'><strong><em>τιμωμένων</em></strong></span> <span class='ocrx_word' id='word_1_303' title='bbox 1261 3197 1312 3244; x_wconf 72' lang='grc' dir='ltr'>δὲ</span> <span class='ocrx_word' id='word_1_304' title='bbox 1342 3198 1594 3243; x_wconf 78' lang='grc' dir='ltr'><strong><em>διαλύεται.</em></strong></span> <span class='ocrx_word' id='word_1_305' title='bbox 1615 3220 1672 3229; x_wconf 93' lang='lat'>—-</span> <span class='ocrx_word' id='word_1_306' title='bbox 1699 3194 1816 3240; x_wconf 82' lang='grc' dir='ltr'><strong><em>θεὸν</em></strong></span> <span class='ocrx_word' id='word_1_307' title='bbox 1848 3197 1978 3253; x_wconf 78' lang='grc' dir='ltr'><strong><em>ἴσμεν</em></strong></span> <span class='ocrx_word' id='word_1_308' title='bbox 1995 3199 2062 3256; x_wconf 76' lang='grc' dir='ltr'>τῷ</span> 
     </span>
     <span class='ocr_line' id='line_1_37' title="bbox 503 3265 2062 3329; baseline -0.002 -14"><span class='ocrx_word' id='word_1_309' title='bbox 503 3270 654 3329; x_wconf 78' lang='grc' dir='ltr'><strong><em>σέβειν</em></strong></span> <span class='ocrx_word' id='word_1_310' title='bbox 683 3272 804 3314; x_wconf 78' lang='grc' dir='ltr'><em>θεοῦ</em></span> <span class='ocrx_word' id='word_1_311' title='bbox 833 3269 1028 3326; x_wconf 84' lang='grc' dir='ltr'><strong><em>νόμους·</em></strong></span> <span class='ocrx_word' id='word_1_312' title='bbox 1057 3271 1121 3328; x_wconf 81' lang='grc' dir='ltr'>τῷ</span> <span class='ocrx_word' id='word_1_313' title='bbox 1153 3269 1239 3328; x_wconf 67' lang='grc' dir='ltr'>γὰρ</span> <span class='ocrx_word' id='word_1_314' title='bbox 1270 3270 1520 3326; x_wconf 73' lang='grc' dir='ltr'><strong><em>φυλάττειν</em></strong></span> <span class='ocrx_word' id='word_1_315' title='bbox 1545 3265 1605 3312; x_wconf 82' lang='grc' dir='ltr'>τὰ</span> <span class='ocrx_word' id='word_1_316' title='bbox 1623 3266 1712 3311; x_wconf 74' lang='grc' dir='ltr'>ὑπὸ</span> <span class='ocrx_word' id='word_1_317' title='bbox 1734 3269 1854 3311; x_wconf 78' lang='grc' dir='ltr'><em>θεοῦ</em></span> <span class='ocrx_word' id='word_1_318' title='bbox 1870 3283 2062 3323; x_wconf 83' lang='grc' dir='ltr'><strong><em>νενομο-</em></strong></span> 
     </span>
     <span class='ocr_line' id='line_1_38' title="bbox 504 3338 2063 3398; baseline -0.004 -11"><span class='ocrx_word' id='word_1_319' title='bbox 504 3339 740 3398; x_wconf 77' lang='grc' dir='ltr'><strong><em>θετημένα</em></strong></span> <span class='ocrx_word' id='word_1_320' title='bbox 769 3338 890 3385; x_wconf 78' lang='grc' dir='ltr'><strong><em>εἶναι</em></strong></span> <span class='ocrx_word' id='word_1_321' title='bbox 917 3341 998 3385; x_wconf 78' lang='grc' dir='ltr'>καὶ</span> <span class='ocrx_word' id='word_1_322' title='bbox 1028 3341 1080 3385; x_wconf 85' lang='grc' dir='ltr'>τὸ</span> <span class='ocrx_word' id='word_1_323' title='bbox 1108 3345 1244 3385; x_wconf 80' lang='grc' dir='ltr'><strong><em>θεῖον</em></strong></span> <span class='ocrx_word' id='word_1_324' title='bbox 1270 3342 1528 3396; x_wconf 78' lang='grc' dir='ltr'><strong><em>νομίζομεν.</em></strong></span> <span class='ocrx_word' id='word_1_325' title='bbox 1585 3339 1669 3381; x_wconf 87' lang='lat' dir='ltr'>His</span> <span class='ocrx_word' id='word_1_326' title='bbox 1695 3340 1920 3396; x_wconf 53' lang='lat' dir='ltr'>neglectis&gt;</span> <span class='ocrx_word' id='word_1_327' title='bbox 1941 3340 2063 3381; x_wconf 86' lang='lat' dir='ltr'>Her-</span> 
     </span>
     <span class='ocr_line' id='line_1_39' title="bbox 501 3409 2062 3468; baseline -0.003 -12"><span class='ocrx_word' id='word_1_328' title='bbox 501 3427 693 3456; x_wconf 80' lang='lat' dir='ltr'>mannus</span> <span class='ocrx_word' id='word_1_329' title='bbox 721 3426 778 3456; x_wconf 78' lang='lat' dir='ltr'>ea</span> <span class='ocrx_word' id='word_1_330' title='bbox 799 3411 997 3468; x_wconf 80' lang='lat' dir='ltr'>levitate,</span> <span class='ocrx_word' id='word_1_331' title='bbox 1031 3427 1121 3467; x_wconf 85' lang='lat' dir='ltr'>qua</span> <span class='ocrx_word' id='word_1_332' title='bbox 1148 3414 1266 3457; x_wconf 76' lang='lat' dir='ltr'>solet</span> <span class='ocrx_word' id='word_1_333' title='bbox 1281 3412 1394 3457; x_wconf 80' lang='lat' dir='ltr'>talia</span> <span class='ocrx_word' id='word_1_334' title='bbox 1419 3411 1696 3467; x_wconf 77' lang='lat' dir='ltr'>transigere:</span> <span class='ocrx_word' id='word_1_335' title='bbox 1735 3410 1876 3466; x_wconf 81' lang='lat' dir='ltr'>„Hos‚</span> <span class='ocrx_word' id='word_1_336' title='bbox 1903 3409 2062 3465; x_wconf 77' lang='lat' dir='ltr'>inquit,</span> 
     </span>
     <span class='ocr_line' id='line_1_40' title="bbox 504 3483 1203 3540; baseline -0.003 -12"><span class='ocrx_word' id='word_1_337' title='bbox 504 3483 613 3529; x_wconf 75' lang='lat' dir='ltr'>dicit</span> <span class='ocrx_word' id='word_1_338' title='bbox 638 3484 761 3540; x_wconf 82' lang='lat' dir='ltr'>deos,</span> <span class='ocrx_word' id='word_1_339' title='bbox 791 3496 903 3539; x_wconf 81' lang='lat' dir='ltr'>quos</span> <span class='ocrx_word' id='word_1_340' title='bbox 933 3483 1203 3528; x_wconf 86' lang='lat' dir='ltr'>credimus.&#39;’</span> 
     </span>
    </p>
   </div>
  </div>
 </body>
</html>
