2176 3874
1119 272 1243 331 458

348 424 608 488 Multoque
639 421 691 470 id
724 421 885 471 minus
917 420 1175 470 ferendum
1221 436 1333 469 esse
1366 419 1511 479 ideo,
1558 421 1690 484 quod
1727 423 1867 487 regni
1898 439 2010 474 suc-

349 506 508 554 cessio
540 517 693 566 penes
715 502 899 550 alienos
923 501 1080 565 prium,
1115 517 1258 565 quam
1287 517 1403 550 suos
1421 500 1624 563 liberos,
1657 502 1821 553 futura
1847 512 2010 554 esset:

477 609 540 618 —
638 607 702 618 —-
802 609 864 618 —
963 579 1023 631 τὸ
1058 581 1106 631 δ’
1141 578 1345 646 εὐγενὲς

475 656 676 727 πολλὴν
717 659 937 711 δίδωσιν
969 657 1146 720 ἐλπίδ’,
1178 660 1248 720 ὡς
1280 659 1500 725 ἄρξουσι
1530 661 1642 728 γῆς.

350 742 611 793 Dissuadet
643 742 728 791 Ino
762 744 1064 808 argumentis
1103 742 1403 805 gravissimis
1435 742 1826 806 verissimisque:

478 824 545 873 οὔ
579 833 665 872 σοι
695 823 954 886 παραινῶ,
988 818 1333 888 μηχανωμένῃ
1366 819 1503 872 κακὰ

475 899 727 969 ἐχθροῖσι,
761 907 929 968 σαυτῇ
963 902 1278 968 προςβαλεῖν
1311 901 1575 965 ἀλάστορα
1601 900 1653 967 *)

481 1061 699 1128 κέκτησο
734 1062 782 1114 δ’
817 1062 993 1127 ὀρθῶς
1026 1062 1110 1111 ἃ’ν
1144 1060 1261 1128 ἔχῃς
1294 1063 1424 1113 ἄνευ
1457 1061 1654 1127 ψόγου,

482 1142 574 1196 καὶ
606 1142 802 1209 σμικρὰ
834 1142 1005 1204 σώζου
1037 1146 1103 1208 τῇ
1138 1141 1257 1210 δίκῃ
1290 1143 1506 1205 ξυνοῦσ’
1542 1141 1638 1204 ἀεί,

476 1224 600 1290 μηδ’
634 1223 703 1284 ὥς
737 1221 899 1282 κακὸς
930 1222 1244 1288 ναύκληρος,
1279 1217 1337 1274 εὗ
1371 1222 1569 1290 πράξας
1599 1219 1742 1284 ποτέ,

479 1305 648 1370 ζητῶν
679 1301 744 1354 τὰ
776 1301 993 1362 πλείον’,
1025 1296 1137 1354 εἶτα
1169 1305 1322 1355 πάντ’
1357 1304 1636 1355 ἀπώλεσεν.

475 1449 620 1518 ὁρᾷς,
654 1449 956 1514 τυράννους
989 1448 1077 1501 διὰ
1108 1450 1327 1516 μακρῶν
1357 1447 1687 1515 ηὑξημένους

476 1530 548 1592 ὡς
580 1529 743 1596 μικρὰ
773 1528 839 1582 τὰ
874 1530 1193 1596 σφάλλοντα,
1226 1529 1316 1582 καὶ
1348 1530 1421 1597 μί’
1455 1527 1625 1597 ἡμέρα

475 1612 571 1664 τὸν
603 1609 700 1677 μὲν
730 1614 976 1663 καθεῖλεν
1009 1610 1235 1673 ὑψόθεν,
1270 1609 1366 1663 τὸν
1397 1611 1445 1663 δ’
1480 1607 1567 1677 ἦρ’
1602 1612 1742 1661 ἄνω·

476 1692 774 1757 ὑπόπτερος
807 1692 853 1743 δ’
889 1692 920 1744 ὁ
953 1695 1207 1754 πλοῦτος·
1248 1685 1328 1753 οἷς
1358 1691 1461 1759 γὰρ
1495 1686 1564 1759 ἦν
1596 1706 1739 1752 ποτε,

477 1771 531 1837 ἐξ
564 1771 792 1825 ἐλπίδων
825 1773 1111 1835 πίπτοντας
1143 1772 1367 1834 ὑπτίους
1399 1771 1524 1838 ὁρῶ.
1591 1839 1598 1843 ³

479 1855 682 1920 Optime
713 1857 837 1905 haec
872 1872 1073 1906 monere
1098 1857 1235 1905 Inoni
1252 1855 1589 1914 conveniebat,
1621 1858 1678 1902 ut
1701 1869 1826 1918 qnae
1843 1855 2017 1904 eadem

350 1937 510 1987 omnia
542 1938 591 1986 in
635 1937 735 1985 vita
777 1953 865 1985 sua
908 1941 1112 2000 experta
1157 1942 1307 1986 esset.
1374 1935 1563 1985 Eadem
1597 1950 1743 1999 quum
1775 1934 2020 1984 monendo

348 2017 468 2066 nihil
499 2015 814 2081 profecisset,
848 2016 910 2065 ad
945 2017 1229 2065 struendam
1262 2016 1489 2064 fraudem
1527 2019 1585 2063 ‘se
1619 2015 1870 2074 convertit,
1901 2020 1960 2064 ut
1991 2031 2021 2064 a

350 2097 453 2145 suis
486 2097 549 2145 ad
572 2094 909 2144 Themistonis
944 2095 1126 2143 liberos
1163 2094 1364 2142 caedem
1397 2093 1707 2143 transferret.
1776 2084 2020 2143 Simulans

349 2176 498 2241 igitur
539 2190 596 2224 se
644 2175 863 2238 reginam
909 2175 961 2223 in
996 2174 1325 2238 perpetrando
1359 2171 1578 2234 facinore
1610 2173 1866 2234 adiuvare,
1910 2189 2020 2223 eam

348 2255 494 2305 iussit
525 2255 575 2303 in
610 2254 832 2303 cubiculo
863 2255 1150 2313 liberorum,
1185 2255 1302 2302 dum
1339 2269 1564 2302 somnum
1598 2258 1859 2316 caperent,
1894 2254 2020 2303 deli-

351 2338 565 2384 tescere.
634 2334 742 2395 Qua
775 2336 822 2382 in
858 2350 914 2382 re
949 2350 1045 2397 quo
1070 2333 1265 2382 facilius
1283 2333 1449 2381 ocuios
1470 2331 1704 2392 omnium,
1739 2333 1823 2395 qui
1854 2339 2024 2383 essent

351 2415 404 2463 in
436 2413 666 2473 aedibus,
713 2413 940 2476 fugeret,
986 2414 1250 2462 obstructis
1287 2411 1523 2460 fenestris
1569 2411 1730 2460 lucem
1762 2412 2022 2462 arcendam

353 2509 466 2542 esse
500 2493 708 2541 censuit.
776 2492 854 2541 Ne
887 2499 1051 2541 autem
1084 2493 1134 2542 in
1166 2492 1382 2542 tenebris
1408 2496 1614 2552 erraret,
1648 2507 1704 2540 se
1735 2491 1881 2556 pullis
1916 2494 2024 2556 qui-

353 2575 468 2622 dem
500 2573 718 2621 vestibus
753 2572 916 2621 Inonis
963 2573 1175 2632 liberos,
1222 2571 1438 2621 candidis
1483 2576 1651 2620 autem
1686 2570 2024 2622 Themistonis

355 2657 595 2713 tecturam
642 2668 756 2700 esse
799 2654 1041 2718 promisit.
1109 2653 1291 2702 Probat
1335 2651 1594 2700 consilium
1639 2649 1928 2714 Themisto,
1971 2658 2025 2702 et

353 2733 549 2782 silentio
583 2732 871 2782 fidelissimo
904 2750 1011 2782 rem
1046 2738 1101 2782 ut
1132 2738 1372 2798 perpetuo
1401 2736 1570 2796 tegant
1610 2746 1708 2780 non
1741 2730 1899 2781 solum
1932 2749 2023 2782 nu-

353 2814 528 2863 tricem
564 2813 654 2860 sed
687 2813 894 2862 chorum
929 2828 1125 2877 quoque
1159 2815 1411 2863 obsecrat:

483 2891 612 2942 ἰ’στω
648 2889 705 2942 δὲ
736 2889 916 2956 μηδεὶς
947 2893 1126 2954 ταῦθ’,
1161 2892 1195 2942 ἃ
1228 2893 1477 2957 σιγᾶσθαι
1507 2887 1702 2956 χρεών·

483 2975 679 3037 μικροῦ
712 2970 814 3037 γὰρ
850 2968 907 3024 ἐκ
940 2975 1243 3040 λαμπτῆρος
1267 2967 1462 3022 Ἰδαῖον
1493 2969 1651 3030 λέπας

485 3052 731 3119 πρήσειεν
764 3054 832 3102 ἄν
865 3070 958 3115 τις,
991 3052 1079 3104 καὶ
1112 3053 1244 3116 πρὸς
1279 3052 1432 3118 ἄνδρ’
1467 3047 1626 3101 εἰπὼν
1660 3049 1770 3111 ἕνα,

487 3131 735 3184 πύθοιντ’
770 3130 838 3183 ἂν
870 3132 1020 3184 άστοὶ
1051 3134 1240 3194 πάντες
1274 3122 1351 3185 ὧν
1383 3132 1631 3199 κρύπτειν
1662 3128 1857 3196 χρεών,

495 3321 652 3376 φοίην,
681 3318 760 3365 καὶ
788 3321 995 3379 συγκοπῇ
1022 3322 1107 3366 τοῦ
1134 3328 1181 3378 ῆ.
1237 3324 1483 3367 Videndum
1518 3325 1666 3366 tamen
1681 3350 1693 3372 ,
1734 3333 1790 3362 ne
1827 3317 2025 3363 scriben-

497 3392 605 3434 dum
632 3391 689 3434 sit
717 3392 762 3436 εἰ
785 3389 1000 3449 τρέφοιμι
1027 3393 1120 3437 τῶν
1147 3390 1301 3447 πέλας.

415 3462 468 3518 ἴε)
496 3463 683 3520 Fragm.
711 3462 798 3507 ino.
827 3476 870 3505 n.
899 3459 999 3506 250.
