2144 3854
1149 291 1270 347 226

374 446 536 494 iussus
585 442 688 498 est,
733 435 997 500 indulgeat.
1080 436 1148 486 Et
1201 438 1520 487 vehementer
1567 438 1798 488 irascitur
1841 438 2045 506 hospiti,

375 525 471 588 qui,
506 519 640 569 nulla
672 516 962 565 calamitatis
994 518 1183 567 ratione
1215 519 1412 579 habita,
1456 518 1505 566 in
1551 519 1750 566 domum
1796 519 2048 569 intraverit

372 603 635 659 funestam,
672 613 831 661 neque
863 597 1090 646 modeste
1123 599 1374 663 acceperit
1407 599 1534 646 dona
1569 599 1750 661 oblata,
1783 599 1874 648 sed
1911 600 2046 650 insu·

372 697 463 747 per
492 677 816 744 postulaverit
848 693 1164 741 quaecunque
1198 678 1418 738 luberet,
1463 685 1567 726 tum
1602 694 1741 728 mero
1775 678 2045 738 calescens,

371 775 551 810 corona
585 761 776 822 myrtea
817 757 965 820 capiti
1007 758 1261 822 imposita,
1307 759 1519 806 absurda
1559 746 1846 820 ululaverit,
1897 758 2045 808 domo

370 839 642 907 ploratibus
678 842 954 885 resonante.
1022 838 1166 886 Hunc
1209 838 1370 887 furem
1405 838 1685 903 improbum
1720 845 1771 887 et
1804 839 2043 887 latronem

370 920 602 985 appellat,
634 917 833 982 indigne
883 917 1076 977 ferens,
1125 918 1290 980 quod,
1334 919 1590 981 quominus
1626 918 1854 967 dominae
1885 918 2047 966 funeri

370 999 715 1062 exsequiisque
747 999 961 1058 adesset,
996 1014 1087 1063 per
1119 1014 1232 1046 eum
1267 999 1332 1046 sit
1355 999 1648 1064 prohibitus,
1723 999 1822 1047 lam
1849 998 2045 1047 Hercu·

370 1080 444 1128 les
475 1080 600 1144 ipse,
637 1078 807 1126 habitu
843 1078 1105 1142 epulantis,
1141 1077 1301 1143 capite
1335 1080 1483 1127 sertis
1517 1079 1767 1139 redimito,
1800 1079 1849 1127 in
1882 1078 2044 1143 publi-

370 1176 481 1208 cum
518 1159 698 1224 prodit,
730 1158 1000 1221 vidensque
1034 1157 1202 1205 famuli
1235 1158 1446 1207 frontem
1483 1160 1671 1207 tristem
1707 1166 1854 1222 atque
1878 1163 2044 1207 auste-

368 1255 506 1297 rum,
551 1238 821 1286 exhilarare
868 1253 981 1285 eum
1028 1239 1198 1286 studet
1230 1239 1508 1303 praeceptis
1544 1239 1814 1302 sapientiae
1846 1238 2044 1297 iisdem,

369 1320 544 1383 quibus
579 1317 867 1381 saepissime
902 1317 1157 1376 Horatius,
1193 1320 1254 1366 ad
1290 1319 1704 1383 computationem
1725 1317 1932 1367 invitans
1959 1319 2046 1365 tri·

370 1404 471 1447 stes
506 1413 831 1461 severusque,
883 1398 929 1446 in
965 1399 1258 1448 carminibus
1294 1399 1478 1456 utitur,
1514 1399 1711 1446 brevem
1748 1413 1861 1446 esse
1894 1397 2043 1445 vitam

369 1495 530 1543 neque
575 1478 798 1540 cuiquam
842 1478 1152 1542 exploratum
1198 1494 1340 1540 esse,
1391 1494 1451 1527 an
1497 1479 1545 1526 in
1596 1483 1847 1543 posteram
1882 1477 2044 1527 lucem

368 1559 585 1608 victurus
620 1557 702 1618 sit,
736 1564 842 1607 tum
878 1557 1160 1607 mutabilem
1196 1573 1308 1607 esse
1346 1558 1597 1606 fortunam
1629 1574 1792 1623 neque
1815 1557 1915 1606 ulla
1938 1562 2046 1605 arte

367 1643 453 1689 aut
485 1639 679 1687 ratione
710 1638 834 1701 regi.
901 1637 1116 1686 Proinde
1153 1655 1314 1702 neque
1347 1640 1538 1698 vinum,
1584 1653 1683 1701 quo
1728 1637 1932 1687 tristitia
1964 1652 2045 1686 re-

368 1719 601 1776 solvatur,
635 1734 797 1782 neque
828 1717 1128 1782 voluptatem
1165 1735 1326 1783 neque
1345 1718 1660 1767 dulcissimos
1685 1731 1880 1766 amores
1903 1707 2056 1781 sper-⁵

367 1797 552 1846 nendos
589 1814 717 1858 esse,
754 1802 806 1846 et
840 1798 970 1861 quod
1006 1799 1053 1846 in
1088 1798 1217 1847 diem
1253 1801 1400 1848 detur
1430 1799 1579 1858 vitae,
1629 1798 1680 1846 in
1713 1797 1850 1845 lucro
1885 1796 2047 1860 depu-

366 1878 587 1938 tandum,
621 1882 804 1934 cetera,
827 1884 886 1926 ut
911 1879 959 1926 in
978 1878 1210 1927 fortunae
1233 1880 1437 1928 arbitrio
1459 1878 1638 1942 posita,
1669 1877 1868 1926 minime
1892 1890 2044 1938 quae-

366 1957 521 2006 renda
555 1973 681 2006 esse.
751 1957 869 2005 lnde
902 1974 1014 2005 eum
1049 1959 1111 2005 ad
1146 1960 1469 2004 communiter
1501 1955 1772 2018 potandum
1804 1969 2044 2017 curasque

367 2036 481 2084 vino
514 2036 769 2100 pellendas
802 2036 1004 2093 invitat,
1057 2036 1265 2082 morosis
1288 2041 1353 2085 et
1385 2034 1513 2082 male
1548 2049 1636 2081 sua
1670 2038 1807 2082 sorte
1841 2038 2043 2082 conten-

365 2115 432 2162 tis
467 2114 745 2162 hominibus
781 2115 940 2162 omnia
965 2116 1087 2162 dura
1118 2129 1146 2160 a
1171 2114 1267 2160 diis
1289 2112 1544 2177 proposita
1568 2127 1682 2160 esse
1702 2112 1953 2162 affirmans
1971 2114 2041 2172 ³²²).

369 2193 447 2242 Ad
479 2194 602 2240 haec
635 2209 783 2257 quum
819 2208 988 2241 servus
1038 2193 1382 2256 respondisset
1425 2207 1523 2240 non
1557 2207 1671 2239 esse
1704 2208 1812 2240 eam
1867 2193 2042 2241 domus

371 2271 634 2333 fortunam,
669 2273 747 2320 cui
779 2272 965 2320 laetitia
991 2277 1041 2320 et
1078 2273 1266 2335 potatio
1296 2272 1592 2330 conveniret,
1626 2270 1871 2321 Hercules
1895 2288 2041 2337 quae-

368 2353 522 2400 rendo
557 2353 811 2400 veritatem
847 2353 1110 2414 cognoscit.
1178 2351 1306 2400 Tum
1343 2367 1460 2399 vero
1494 2351 1748 2416 indignans
1784 2368 1840 2400 se
1875 2352 1926 2401 in
1960 2352 2040 2402 fu-

362 2435 509 2480 nesta
555 2436 607 2479 et
655 2431 880 2480 luctuosa
929 2432 1143 2497 hospitis
1178 2431 1325 2480 domo
1371 2432 1686 2480 comissatum
1721 2446 1834 2480 esse
1867 2438 2041 2497 caput-

368 2525 468 2573 que
500 2509 647 2558 sertis
681 2512 971 2573 redimisse,
1019 2516 1070 2560 et
1114 2513 1360 2561 admirans
1393 2512 1774 2575 generositatem
1804 2527 2041 2561 verecun-

369 2588 598 2653 diamque
630 2591 803 2650 amici,
851 2593 932 2656 qui
976 2607 1039 2640 ne
1070 2593 1351 2655 gravissima
1386 2591 1584 2655 quidem
1619 2591 1892 2658 calamitate
1923 2607 2039 2655 per·

369 2668 534 2718 culsus
570 2670 792 2720 officium
826 2671 1029 2736 hospitii
1059 2673 1312 2736 negligere
1360 2672 1596 2729 voluerit,
1643 2671 1751 2720 sine
1794 2685 1931 2719 mora
1978 2669 2039 2718 ad

368 2763 580 2812 pugnam
627 2765 736 2798 cum
784 2751 916 2800 Orco
949 2752 1348 2817 committendam
1382 2751 1864 2815 recuperandamque
1894 2749 2040 2798 Alce-

369 2827 468 2876 stin
501 2829 845 2892 proficiscitur.
916 2831 1098 2896 Sperat
1132 2837 1295 2880 autem
1325 2831 1464 2893 fore,
1511 2835 1566 2878 ut
1608 2844 1765 2894 prope
1796 2829 2040 2879 tumulum

369 2905 582 2955 inveniat
626 2925 688 2957 ex
730 2910 919 2960 inferiis
963 2912 1260 2962 delibantem
1310 2916 1457 2974 atque
1501 2910 1689 2974 impetu
1742 2925 1804 2958 ex
1849 2908 2038 2960 insidii·

369 2983 505 3034 facto
537 2986 715 3036 alatum
750 2992 1006 3056 opprimat.
1074 2993 1157 3042 Sin
1189 2992 1347 3040 minus
1380 2989 1442 3038 ad
1475 2989 1677 3039 inferias
1724 2989 1938 3048 venerit,
1983 3003 2039 3038 se

427 3123 476 3177 ἦ)
505 3125 645 3173 Plane
674 3128 824 3182 inepta
854 3135 920 3173 est
947 3131 1216 3174 scholiastae
1244 3129 1536 3184 vituperatio:
1567 3124 1622 3172 οὗ
1650 3125 1767 3184 λόγῳ
1798 3124 1880 3171 τὸν
1909 3121 2037 3184 ἥρωα

510 3195 714 3251 ἓῖςήγαγε
742 3202 1089 3255 φιλοσοφοῦντα
1118 3199 1164 3244 ἐν
1191 3199 1341 3256 μέθῃ,
1373 3195 1425 3242 ὃν
1455 3197 1545 3242 ἔδει
1574 3197 1651 3242 καὶ
1679 3195 1818 3241 ἄλλου
1850 3200 2036 3252 φιλοσο-

510 3266 712 3319 φοῦντος
747 3269 1019 3323 διαπαίζειν.
1076 3271 1215 3327 Quasi
1251 3272 1336 3312 hoc
1378 3284 1542 3327 genere
1578 3267 1924 3324 philosophandi
1951 3280 2037 3308 non

513 3349 665 3379 omnes
704 3339 853 3382 ubivis
890 3346 1091 3394 utantur,
1127 3342 1395 3397 quicunque,
1438 3353 1574 3396 aegre
1614 3339 1808 3382 ferentes
1847 3337 2037 3381 aliorum

511 3403 734 3450 tristitIam
763 3409 809 3452 in
848 3424 930 3454 sua
968 3413 1195 3457 hilaritate
1209 3444 1219 3464 ,
1260 3412 1316 3454 ad
1352 3409 1610 3454 societatem
1638 3409 1834 3453 laetitiae
1862 3421 1938 3450 eos
1964 3407 2034 3449 in-

515 3474 668 3522 vitant.
