2176 3874
1094 291 1216 348 4⁰2

320 448 639 511 spectatores.
677 439 825 489 Suam
845 437 1135 502 potentiam,
1150 453 1245 501 qua
1263 442 1313 485 et
1332 437 1464 486 inter
1485 436 1625 486 divos
1647 442 1700 487 et
1715 437 1847 488 inter
1857 454 1989 490 mor-

318 525 444 575 tales
477 520 689 585 polleat‚
735 519 794 566 ab
829 517 1100 581 Hippolyto
1133 517 1301 582 sperni
1335 517 1429 565 dea
1462 516 1798 580 conqueritur.
1864 519 1988 569 Nam

321 618 470 667 quum
505 600 569 647 sit
601 598 873 646 innocentis
909 597 1093 646 Pitthei
1128 597 1385 661 disciplina
1417 597 1700 657 institutus,
1752 611 1992 662 respuere

320 697 430 730 eum
466 683 612 741 atque
646 679 859 726 aversari
895 677 1150 727 connubia.
1219 677 1314 738 Qui
1362 675 1494 738 quod
1540 676 1740 726 assidue
1769 678 1817 726 in
1852 678 1991 728 silvis

318 758 515 809 venatui
557 773 732 806 vacans
782 757 983 805 Dianam
1031 756 1242 804 maxime
1296 754 1424 803 colat
1477 757 1680 804 deorum
1736 763 1786 805 et
1840 770 1994 821 supra

320 839 650 889 conditionem
693 839 950 885 humanam
998 836 1092 884 sibi
1135 836 1280 884 huius
1317 836 1565 884 consortio
1609 836 1719 885 tolli
1751 836 1992 897 videatur,

318 920 447 970 haud
483 935 539 968 se
572 918 690 966 dicit
722 917 971 975 invidere3
1007 917 1137 980 quod
1173 923 1335 965 autem
1371 931 1426 964 se
1461 922 1664 979 spernat
1695 922 1749 966 et
1782 916 1992 965 deterri-

319 1015 455 1049 mam
480 999 611 1047 dicat
634 1012 746 1046 esse
772 996 1080 1054 daemonum,
1117 996 1456 1044 vindicandum
1489 1011 1617 1043 esse.
1687 995 1861 1059 Itaque
1887 997 1991 1046 suis

320 1055 536 1129 consiiiis
571 1077 803 1125 effectum
828 1092 958 1135 esse,
993 1083 1049 1124 ut
1077 1074 1315 1136 Phaedra,
1352 1076 1503 1139 patris
1529 1091 1671 1135 uxor,
1710 1077 1994 1142 conspicata

321 1176 432 1208 eum
479 1157 717 1221 quondam
767 1155 827 1203 ad
889 1155 1125 1218 mysteria
1173 1155 1374 1203 visenda
1425 1156 1642 1204 Athenas
1692 1155 1992 1219 profectum,

320 1236 752 1288 vehementissimo
789 1236 894 1283 eius
929 1249 1098 1282 amore
1129 1233 1527 1283 inflammaretur.
1595 1235 1722 1284 Eum
1755 1251 1995 1296 amorem,

320 1333 563 1381 nunquam
596 1314 946 1374 intermissum,
978 1319 1240 1378 postquam
1275 1329 1387 1362 cum
1414 1315 1606 1374 marito,
1637 1320 1845 1379 propter
1878 1330 1992 1364 cae-

320 1399 434 1447 dem
479 1396 722 1460 fugiente,
773 1393 1030 1442 Troezena
1076 1393 1438 1456 commigmrit,
1494 1394 1743 1443 funestum
1790 1395 1838 1443 ei
1881 1394 1995 1443 fieri

321 1477 561 1541 coepisse.
627 1473 798 1521 Perire
831 1473 960 1520 euim
995 1488 1102 1520 eam
1139 1473 1330 1521 occulta
1363 1473 1576 1532 flamma,
1609 1473 1806 1522 nemine
1838 1491 1867 1522 e
1901 1474 1993 1522 do-

319 1555 538 1605 mesticis
585 1552 809 1611 conscio,
859 1557 911 1600 et
955 1552 1078 1600 mori
1121 1551 1471 1600 honestissime
1517 1551 1850 1600 constituisse.
1925 1551 1994 1602 Se

319 1650 438 1684 vero
473 1650 530 1682 ea
564 1648 620 1681 re
652 1631 788 1680 foras
823 1631 950 1679 elata
985 1631 1305 1693 effecturam,
1350 1635 1406 1679 ut
1438 1630 1743 1695 Hippolytus
1779 1647 1992 1696 quoque,

321 1720 373 1764 et
403 1713 680 1762 miserrime
715 1711 930 1775 quidem,
967 1710 1119 1759 hodie
1151 1711 1380 1760 intereat.

450 1792 544 1840 His
579 1791 818 1856 expositis
855 1791 1019 1840 statim
1053 1790 1340 1839 adolescens
1375 1791 1501 1854 ipse,
1538 1789 1620 1854 qui
1653 1789 1804 1838 morti
1837 1789 1993 1839 desti-

320 1877 464 1923 natus
499 1876 594 1928 est,
630 1871 812 1919 floreus
846 1870 1014 1936 vigore
1041 1870 1418 1928 adolescentiae,
1453 1871 1662 1934 stipatus
1678 1870 1824 1918 turba
1843 1869 1995 1918 comi-

320 1960 441 2013 tum,
475 1967 588 2000 cum
622 1954 766 1998 cantu
799 1950 1071 1999 laetissimo
1115 1966 1175 1998 ex
1221 1957 1401 1999 venatu
1433 1950 1632 1999 rediens
1677 1949 1994 2014 conspicitur.

322 2032 442 2093 Quis
474 2045 572 2079 non
615 2032 753 2078 'tanta
800 2044 909 2077 cum
954 2029 1218 2078 securitate
1263 2034 1377 2078 ante
1411 2034 1636 2092 patentes
1671 2028 1790 2076 Orci
1825 2034 1993 2092 portas

322 2111 574 2159 ludentem
609 2107 916 2172 conspiciens
950 2108 1316 2158 adolescentem
1349 2109 1498 2157 animi
1545 2108 1863 2172 corporisque
1894 2109 1993 2157 vir-

321 2189 510 2238 tutibus
542 2187 730 2251 pariter
761 2192 1091 2251 praestantem
1128 2188 1468 2237 misericordia
1502 2189 1794 2236 moveatur?

451 2267 653 2315 Florum
675 2273 808 2315 serta
826 2282 886 2314 ex
905 2267 1092 2335 illibato
1111 2273 1253 2331 prato
1281 2269 1629 2332 decerptarum
1654 2267 1849 2316 Dianae
1866 2268 1992 2317 offe-

322 2362 438 2397 rens
472 2346 690 2394 oratione
725 2346 875 2393 utitur
909 2361 996 2405 ea,
1043 2363 1137 2410 qua
1171 2347 1321 2396 animi
1357 2362 1503 2395 sensa
1536 2347 1794 2396 verissime
1826 2347 1992 2413 expri-

322 2430 532 2475 mantur.
600 2424 837 2472 Silvarum
873 2425 1059 2474 umbris
1085 2426 1366 2492 refrigerari
1398 2430 1448 2474 et
1481 2425 1695 2475 fontium
1728 2427 1995 2491 liquidissi-

320 2521 515 2554 morum
548 2520 798 2552 murmure
831 2503 1069 2553 delectari
1111 2511 1164 2553 et
1195 2498 1450 2570 pratorum
1483 2506 1791 2555 roscidorum
1811 2507 1993 2555 -viridi-

319 2590 425 2634 tate
458 2583 674 2632 recreari
697 2584 841 2631 nobis
869 2583 1109 2646 videmur,
1144 2591 1195 2634 et
1217 2586 1390 2634 relicta
1412 2590 1654 2634 tectorum
1676 2587 1994 2652 vicorumque

321 2663 544 2727 augustia
575 2678 667 2728 per
700 2662 847 2710 silvas
881 2678 1183 2728 camposque
1214 2665 1375 2728 vagari
1409 2667 1653 2729 cupimus,
1689 2666 1838 2717 huius
1872 2667 2004 2715 ado:

320 2743 552 2792 lescentis
601 2742 765 2791 studia
810 2742 1040 2808 vitaeque
1081 2760 1234 2806 genus
1282 2745 1542 2795 intuentes,
1612 2746 1793 2794 Dianae
1825 2750 1991 2795 autem

319 2824 416 2871 vim
447 2838 725 2885 numenque
760 2822 802 2869 si
836 2823 944 2884 quis
979 2827 1119 2871 antea
1152 2823 1405 2889 ignoravit,
1439 2823 1584 2874 huius
1614 2825 1746 2874 dicta
1758 2824 1991 2889 factaque

318 2904 531 2962 intuens,
564 2901 659 2949 nisi
693 2902 835 2966 plane
869 2901 1126 2952 hebetibus
1152 2907 1231 2952 est
1256 2904 1501 2960 sensibus,
1538 2910 1816 2969 cognoscet.
1870 2904 1989 2964 Sed,

319 2996 411 3045 pro
456 2979 624 3028 dolor!
676 2980 806 3030 nulla
860 2997 1074 3044 unquam
1118 2983 1328 3032 humana
1385 2987 1554 3031 natura
1605 2983 1828 3048 perfecta
1875 2999 1990 3032 esse

319 3066 515 3125 potest,
567 3065 618 3108 et
663 3060 767 3108 fato
812 3076 975 3109 rerum
1011 3062 1332 3112 humanarum
1366 3063 1513 3112 etiam
1549 3063 1988 3126 praestantissimis

319 3138 581 3187 virtutibus
615 3139 772 3188 vicina
807 3146 921 3188 sunt
952 3141 1068 3189 vitia
1102 3144 1355 3207 quaedam,
1391 3143 1452 3191 ad
1480 3158 1605 3205 quae
1635 3141 1866 3204 traducti,
1901 3143 1988 3206 qui

319 3218 419 3266 illis
452 3218 726 3278 excellunt,
767 3219 816 3268 in
850 3219 1139 3271 daemonum
1173 3223 1464 3271 infestorum
1498 3222 1698 3270 insidias
1733 3222 1990 3271 incurrunt

320 3303 372 3346 et
406 3297 775 3358 calamitatibuS‚
810 3299 1036 3359 miseriis,
1073 3309 1231 3351 morte
1264 3302 1557 3351 afficiuntur.
1627 3300 1708 3348 Sic
1741 3301 1987 3366 Hippoly-

319 3382 401 3425 tus
451 3392 511 3425 ex
556 3393 748 3427 morum
795 3379 1020 3428 castitate
1068 3381 1291 3445 vitaeque
1343 3380 1618 3430 innocentia
1681 3380 1987 3430 insolentiam

321 3455 498 3505 sumsit
530 3472 654 3518 eam,
687 3462 742 3506 ut
774 3472 829 3507 se
862 3458 1019 3508 solum
1054 3460 1287 3523 glorietur
1308 3460 1556 3526 dignatum
1583 3476 1710 3521 esse,
1746 3461 1830 3524 qui
1863 3459 1986 3510 deae
