2144 3854
1106 272 1230 332 258

332 426 451 478 Vult
482 427 643 474 autem
677 421 807 468 filios
841 418 1164 470 matrimoniis
1211 421 1342 486 iungi
1375 436 1485 472 eam
1517 424 1730 474 maximo
1759 426 1827 475 ob
1857 443 1999 477 caus-

329 522 463 566 sam,
508 518 571 552 ne
603 517 696 566 per
730 501 881 549 otium
914 500 1163 550 amoribus
1196 502 1354 551 dediti
1387 502 1596 554 mollitie
1632 510 1779 570 atque
1812 506 1998 556 desidia

327 586 640 650 languescant
654 596 667 629 ε

458 661 558 713 οὐκ
591 656 649 710 ἐν
680 655 889 724 γυναιξὶ
920 650 1047 719 τοὺς
1076 658 1291 720 νεανίας
1323 661 1491 727 χρεών
1509 665 1579 727 ²²²),

456 740 566 792 ἄλλ’
602 736 660 790 ἐν
692 738 891 806 σιδήρῳ
923 737 1024 791 κᾶν
1054 738 1237 802 ὅπλοις
1264 740 1417 807 τιμὰς
1450 738 1601 810 ἔχειν,

455 899 687 966 λαμπροὶ
721 898 769 950 δ’
805 897 864 951 ἐν
897 899 1105 967 αἰχμαῖς
1132 893 1316 968 ’Ἄρεος
1350 900 1407 953 ἕν
1439 919 1494 953 τε
1527 903 1823 971 συλλόγοις,

455 981 529 1049 μή
561 998 654 1046 μοι
685 979 750 1031 τὰ
781 980 965 1046 κομψὰ
997 981 1227 1034 ποικίλοι
1259 983 1517 1049 γενοίατο,

455 1061 566 1113 ἀλλ’
602 1051 680 1114 ὧν
713 1060 861 1112 πόλει
895 1061 990 1124 δεῖ,
1024 1062 1224 1128 μεγάλα
1257 1065 1606 1130 βουλεύοντες
1640 1059 1717 1120 εὖ.

326 1145 520 1207 Delegit
553 1150 715 1193 autem
751 1143 982 1208 virgines,
1017 1161 1138 1208 quas
1173 1146 1264 1193 filii
1298 1147 1497 1204 ducant,
1532 1147 1681 1196 nobili
1717 1149 1876 1214 stirpe
1897 1149 1997 1197 ori-

323 1225 512 1285 undas,
555 1224 833 1288 parentium
882 1223 1259 1288 opulentorum,
1307 1231 1357 1274 et
1400 1242 1460 1275 ex
1495 1228 1676 1290 quibus
1708 1243 1994 1293 generosam

323 1306 674 1367 robustamque
708 1303 901 1367 prolem
935 1309 1099 1352 natum
1133 1305 1195 1352 iri
1228 1307 1419 1368 sperari
1453 1313 1652 1371 posset:

452 1382 621 1447 ἴδοιμι
654 1380 702 1432 δ’
739 1381 917 1431 αὐτῶν
950 1381 1122 1446 ἒκγον’
1157 1380 1336 1447 ἄρρεν’
1371 1381 1630 1450 ἄρῤένων,

451 1464 666 1528 πρῶτον
697 1459 795 1527 μὲν
829 1455 970 1521 εἶδος
1002 1461 1185 1524 ἀξίους
1216 1463 1566 1530 τυραννίδος·

454 1543 664 1609 πλείστη
697 1541 799 1608 γὰρ
833 1540 989 1609 ἀρετὴ
1023 1546 1178 1594 τοῦθ’
1213 1542 1453 1611 ὑπάρχον
1487 1543 1545 1596 ἐν
1578 1544 1694 1615 βίῳ,

453 1622 552 1692 τὴν
585 1623 801 1687 ἀξίωσιν
833 1625 941 1674 τῶν
973 1625 1152 1675 καλῶν
1180 1623 1240 1675 τὸ
1276 1626 1406 1690 σῶμ’
1442 1623 1592 1692 ἔχειν.

321 1709 540 1772 Quarum
575 1722 720 1770 quam
754 1706 962 1769 quisque
994 1707 1271 1771 acciperet,
1306 1707 1429 1756 sorti
1460 1707 1825 1757 decernendum
1858 1723 1993 1791 com-

321 1789 563 1837 missurus
597 1792 673 1834 est
706 1784 924 1850 (κλῆρος
947 1777 1166 1851 Ἑρμοῦ,
1203 1786 1379 1851 fragm.
1415 1789 1495 1837 27.
1504 1786 1537 1851 ).

450 1867 590 1915 Haec
622 1866 812 1929 singnia
845 1867 1101 1932 impugnat
1133 1873 1187 1915 et
1219 1866 1471 1931 redarguit
1503 1866 1719 1916 filiorum
1758 1869 1996 1918 maximus

321 1953 437 1998 natu
472 1945 748 1994 Macareus.
832 1946 1051 1995 Primum
1086 1947 1215 1995 enim
1249 1962 1412 1994 rerum
1462 1948 1676 1995 omnium
1710 1963 1823 1996 esse
1876 1948 1997 1996 dicit

321 2027 547 2093 ingenia,
581 2041 746 2073 mores
780 2031 926 2088 atque
959 2029 1147 2074 aetates
1181 2026 1439 2087 coniugum
1476 2026 1764 2087 convenire,
1797 2032 1854 2076 ut
1885 2043 1993 2075 mu-

321 2112 407 2155 tuo
441 2120 610 2153 amore
643 2105 832 2169 possint
868 2109 918 2152 et
951 2104 1319 2153 consuetudinis
1354 2104 1614 2154 dulcedine
1648 2107 1925 2156 conciiiari:

451 2182 619 2233 κακὸν
651 2186 882 2248 γυναῖκα
913 2181 1047 2247 πρὸς
1079 2180 1208 2232 νέαν
1243 2180 1414 2244 ζεῦξαι
1446 2182 1572 2233 νέον
1592 2200 1605 2214 ·

449 2261 625 2327 μακρὰ
655 2261 758 2327 γὰρ
794 2256 940 2327 ἰσχὺς
971 2264 1172 2327 μᾶλλον
1205 2260 1447 2326 ἀρσένων
1478 2261 1638 2328 μένει,

451 2344 638 2409 θήλεια
673 2343 720 2394 δ’
754 2341 858 2409 ἥβη
890 2347 1100 2394 θᾶσσον
1135 2341 1355 2393 ἐκλείπει
1389 2341 1550 2408 δέμας

450 2502 564 2554 ἀλλ’
598 2503 633 2571 ἢ
666 2503 726 2554 τὸ
759 2506 925 2571 γῆρας
957 2501 1054 2569 τὴν
1090 2501 1306 2568 Κύπριν
1337 2502 1537 2569 χαίρειν
1567 2501 1643 2570 ἐᾷ,

450 2582 484 2649 ἤ
517 2586 561 2633 τ’
602 2577 887 2650 Ἀφροδίτη
919 2586 1031 2643 τοῖς
1062 2580 1316 2648 γέρουσιν
1348 2585 1577 2649 ἄχθεται.

320 2664 372 2714 ln
404 2680 587 2730 genere
621 2670 768 2728 atque
803 2665 986 2713 divitiis
1021 2666 1288 2729 quidquam
1322 2666 1556 2713 momenti
1589 2678 1704 2712 esse
1734 2670 1907 2730 negat:

449 2741 521 2809 μὴ
552 2745 790 2794 πλοῦτον
822 2742 999 2808 εἴπῃς·
1037 2741 1155 2809 οὐχὶ
1187 2742 1447 2807 θαυμάζω
1481 2741 1631 2801 θεόν,

451 2818 517 2873 ὃν
549 2823 622 2889 χώ
657 2823 902 2883 κάκιστος
937 2822 1134 2889 ῥαδίως
1169 2821 1455 2889 εκτήσατο·

448 2901 547 2969 τὴν
581 2903 630 2954 δ’
665 2903 950 2969 εὐγένειαν,
985 2904 1119 2968 πρὸς
1151 2904 1312 2966 θεῶν
1347 2901 1419 2970 μή
1454 2919 1545 2965 μοι
1577 2897 1720 2965 λέγε·

451 2978 509 3034 ἐν
541 2983 803 3051 χρήμασιν
836 2985 945 3036 τόδ’
982 2982 1114 3035 ἔστι·
1152 2983 1224 3050 μὴ
1257 2985 1487 3050 γαυροῦ,
1520 2981 1710 3044 πάτερ·

448 3062 623 3130 κύκλῳ
655 3064 756 3130 γὰρ
792 3062 963 3130 ερπει·
996 3070 1069 3130 τῷ
1102 3062 1199 3130 μὲν
1233 3063 1363 3125 ἔσθ’,
1398 3062 1428 3114 ὁ
1464 3061 1512 3112 δ’
1548 3061 1647 3112 οὐκ
1681 3054 1806 3125 ἔχει·

449 3146 677 3194 κοινοῖσι
711 3144 758 3195 δ’
795 3146 975 3206 αὐτοῖς
1008 3146 1236 3211 χρώμεθ’
1257 3159 1268 3172 ·
1305 3134 1347 3210 ᾧ
1379 3143 1428 3194 δ’
1463 3141 1531 3193 ἂν
1566 3140 1624 3192 ἐν
1659 3140 1844 3206 δόμοις

447 3223 644 3288 χρόνον
677 3232 904 3292 συνοικῇ
936 3229 1197 3289 πλεῖστον,
1231 3215 1387 3284 οὗτος
1418 3222 1648 3289 εὐγενής.

447 3303 702 3354 Proximas
735 3322 903 3355 amore
936 3307 1170 3356 fratribus
1206 3321 1400 3355 sorores
1435 3321 1567 3362 esse,
1603 3302 1776 3368 quibus
1811 3300 1860 3349 in
1885 3313 1988 3348 ma-

372 3446 427 3500 *J
451 3428 520 3488 cf.
549 3447 721 3492 welch.
756 3462 800 3501 p.
829 3448 927 3492 863.
957 3454 1046 3493 not.
1077 3449 1118 3492 6.
