2144 3854
1101 297 1225 355 32⁰

327 446 510 496 Levem
554 448 607 493 et
651 440 959 492 commodam
1006 443 1131 493 viam
1165 444 1234 494 ait
1266 441 1519 507 Euripidis
1549 441 1707 493 videri
1735 443 1997 509 imperitis,

326 533 381 575 ut
414 542 470 574 se
504 523 660 587 quivis
695 523 825 571 idem
860 538 1008 587 posse
1042 530 1242 589 speret3
1295 524 1382 573 sed
1419 525 1461 572 si
1495 524 1601 587 quis
1635 539 1741 573 eam
1777 525 1999 590 ingredi-

327 611 471 662 atur,
525 603 811 664 difficilem,
861 619 1085 668 asperam
1121 606 1419 668 arduumque
1453 620 1709 669 apparere.
1776 604 1920 667 Quod
1954 603 2017 654 ss

326 685 436 748 quis
471 684 619 732 etiam
656 683 915 731 audaciora
949 685 1186 748 attingere
1221 691 1270 734 et
1305 684 1515 733 Medeae
1549 684 1878 750 praefractam
1911 701 1998 734 na-

323 770 486 813 turam
517 763 794 828 exprimere
820 770 1034 824 conetur,
1054 765 1186 813 hunc
1206 781 1299 813 non
1328 765 1550 829 gloriam,
1579 766 1668 814 sed
1693 770 1996 816 contemtum

324 846 616 894 meriturum
639 858 766 894 esse.

457 924 675 987 Denique
715 923 794 971 his
842 924 1079 973 addamus
1130 941 1255 989 quae
1303 924 1550 991 Longinus
1588 941 1632 976 c.
1667 926 1749 973 40.
1795 926 1859 975 de
1891 923 1996 973 Eu-

324 1004 496 1070 ripidis
547 1004 742 1052 dicendi
787 1020 969 1066 genere
1019 1005 1279 1054 iudicavit:
1335 1006 1615 1070 „imprimis
1664 1005 1831 1054 reddit
1876 1005 1996 1054 sub-

325 1086 492 1134 limem
540 1084 838 1143 orationem,
897 1085 1023 1133 sicut
1070 1101 1307 1150 corpora,
1356 1087 1688 1135 membrorum
1752 1085 1997 1150 composi·-

323 1166 422 1224 tio,
473 1179 679 1227 quorum
714 1163 896 1211 nullum
950 1171 1227 1228 separatum
1264 1182 1291 1213 a
1319 1166 1523 1229 reliquis
1558 1167 1794 1215 honorem
1828 1166 1998 1227 habet,

323 1250 496 1293 cuncta
540 1249 701 1291 autem
754 1244 881 1290 inter
927 1259 982 1291 se
1016 1246 1179 1293 iuncta
1211 1246 1484 1310 perfectam
1519 1246 1739 1310 corporis
1775 1245 1996 1310 speciem

324 1327 675 1373 consummant.
743 1322 828 1370 Sic
873 1325 1077 1387 grandia
1123 1325 1357 1390 dissipata
1406 1332 1551 1389 atque
1601 1327 1806 1374 disiecta
1851 1324 1997 1373 simul

322 1404 672 1453 sublimitatem
703 1419 870 1452 secum
906 1403 1161 1464 auferunt3
1196 1407 1370 1454 eadem
1407 1411 1745 1471 coagmentata
1774 1405 1914 1470 quasi
1946 1405 1996 1454 in

321 1500 470 1532 unum
507 1499 687 1547 corpus
733 1489 879 1547 atque
926 1486 1079 1533 etiam
1126 1485 1470 1534 concinnitatis
1518 1486 1714 1535 vinculo
1761 1485 1994 1534 conclusa

320 1564 429 1629 ipso
465 1564 647 1611 ambitu
683 1579 942 1612 numerosa
977 1565 1132 1625 fiunt3
1176 1582 1232 1614 ac
1279 1566 1388 1614 fere
1430 1566 1776 1616 inverborum
1811 1565 1997 1615 ambitu

321 1642 545 1709 symbola
578 1643 906 1693 multitudinis
940 1646 1186 1710 granditas
1221 1650 1316 1694 est.
1386 1646 1551 1708 Quid‘?
1596 1646 1727 1711 quod
1773 1645 1914 1694 multi
1947 1647 2001 1694 et

320 1731 572 1773 oratorum
624 1728 676 1772 et
727 1731 1008 1788 poetarum,
1055 1726 1138 1789 qui
1188 1741 1349 1789 neque
1396 1727 1633 1776 sublimes
1680 1730 1794 1775 sunt
1826 1732 1999 1775 natura

319 1820 480 1868 neque
513 1803 665 1851 iidem
701 1813 935 1869 expertes
969 1807 1282 1870 granditatis,
1327 1808 1666 1856 communibus
1701 1806 1997 1873 plerumque

320 1888 372 1933 et
416 1883 696 1948 vulgaribus
737 1887 929 1946 verbis,
963 1888 1143 1951 quibus
1191 1887 1310 1936 nihil
1356 1889 1486 1936 inest
1528 1887 1735 1944 insoliti,
1801 1891 1997 1936 utente·

319 1964 425 2014 sola
458 1965 814 2029 compositione
848 1971 900 2014 et
934 1968 1356 2030 coagmentatione
1390 1969 1567 2016 horum
1607 1972 1769 2016 tamen
1802 1966 1997 2031 pondus

319 2049 373 2094 et
416 2045 789 2109 amplitudinem
842 2047 1095 2095 consecuti
1153 2052 1268 2095 sunt
1323 2051 1374 2095 et
1419 2047 1631 2096 vitarunt
1687 2046 1996 2105 tenuitatem,

317 2125 453 2174 velut
487 2125 749 2187 Philistus,
802 2125 1161 2191 Aristophanes
1195 2126 1246 2174 in
1290 2126 1609 2189 quibusdam,
1658 2126 1710 2175 in
1741 2125 1998 2192 plerisque

317 2204 613 2270 Euripides:
650 2206 789 2255 cuius
825 2206 1020 2271 quidem
1055 2205 1301 2256 Hercules
1335 2211 1447 2271 post
1490 2206 1756 2256 liberorum
1788 2205 1996 2256 interfe-

314 2285 526 2334 ctionem
561 2286 656 2335 ait:

446 2361 588 2430 γέμω
625 2365 804 2416 κακῶν
839 2364 922 2432 δή,
956 2363 1159 2418 κούκέτ’
1194 2361 1308 2417 ἔσθ’
1343 2365 1446 2434 ὅπη
1480 2369 1633 2433 τεθῇ.

315 2444 468 2494 Plane
500 2447 698 2510 vulgare
733 2453 811 2497 est
845 2448 1059 2510 dictum,
1105 2449 1195 2497 sed
1238 2449 1297 2498 fit
1344 2450 1553 2499 sublime
1587 2464 1665 2509 e0,
1715 2445 1847 2511 quod
1881 2461 1998 2496 con-

316 2525 459 2574 cinne
509 2528 867 2577 conformatum
923 2535 1013 2579 est.
1108 2529 1252 2591 Quod
1301 2530 1342 2578 si
1387 2530 1531 2578 aliter
1573 2529 1721 2578 verba
1767 2527 1998 2588 colloces,

313 2606 628 2655 manifestum
664 2609 762 2657 erit
795 2610 1164 2674 compositionis
1197 2614 1394 2675 poetam
1423 2609 1710 2674 Euripidem
1739 2623 1851 2657 esse
1893 2622 1998 2657 ma-

313 2686 389 2750 gis
423 2702 568 2751 quam
604 2690 892 2739 sententiae.
961 2690 1035 2739 De
1071 2689 1217 2738 Dirce
1253 2706 1280 2737 a
1314 2696 1454 2739 tauro
1489 2695 1645 2739 tracta
1678 2689 1898 2739 dictum:

1086 2767 1130 2819 εἰ
1163 2767 1221 2819 δέ
1255 2784 1364 2819 που

445 2846 612 2913 τύχοι,
648 2845 797 2914 πέριξ
831 2843 998 2912 ἑλίξας
1032 2842 1152 2917 εἷλχ’
1188 2848 1329 2915 ὁμοῦ
1361 2847 1544 2915 λαβὼν
1602 2910 1609 2914 -

444 2932 694 2993 γυναῖκα,
729 2928 942 2996 πέτραν,
979 2930 1134 2996 δρῦν,
1168 2930 1540 2995 μεταλλάσσων
1573 2925 1671 2990 ἀεί,

312 3011 393 3056 est
440 3010 641 3072 quidem
689 3013 838 3062 etiam
886 3020 1178 3079 argumento
1225 3013 1574 3080 magnificum,
1623 3007 1713 3058 sed
1762 3007 1996 3074 grandius

311 3087 611 3164 uberiusque
645 3091 702 3139 fit
734 3108 823 3150 eo,
876 3094 1007 3159 quod
1043 3109 1278 3143 numerus
1315 3109 1413 3142 non
1447 3097 1524 3141 est
1557 3091 1997 3155 praeceps-neque

311 3169 452 3231 quasi
485 3185 576 3234 per
611 3170 797 3221 declive
832 3173 1135 3234 devolvitur,
1182 3174 1273 3222 sed
1317 3171 1639 3238 impeditione
1686 3168 1893 3234 quadam
1939 3183 1999 3218 ac

310 3263 505 3298 remora
538 3250 686 3299 verba
720 3251 852 3302 inter
885 3269 940 3303 se
975 3254 1205 3303 distincta
1237 3254 1554 3343 retardantur
1587 3255 1641 3300 et
1667 3250 1718 3298 in
1746 3249 1998 3299 Statariam

312 3329 454 3393 quasi
486 3331 771 3393 gravitatem
807 3334 1186 3383 divaricanturss’

443 3409 497 3459 In
543 3412 825 3478 praecipuis
869 3414 1184 3465 sublimitatis
1229 3411 1415 3464 caussis
1464 3409 1780 3475 fontibusque
1815 3412 1892 3460 est
1924 3408 1997 3459 vis
