2144 3854
1128 266 1255 373 ωε

345 466 611 521 Alexandri
657 469 843 514 terram
889 477 1004 514 esse
1035 467 1268 530 putantes
1283 496 1298 520 ,
1344 457 1583 509 ditionem
1615 457 1828 527 Telephi
1861 462 2024 516 incur-
2112 476 2123 483 ²

341 550 558 611 sionibus
602 546 868 595 vastarunt.
935 544 1043 607 Qua
1088 559 1146 594 re
1179 540 1375 606 cognita
1405 537 1663 605 Telephus
1694 542 1844 592 armis
1891 559 2025 595 sum-

342 630 409 680 tis
445 643 559 676 cum
592 625 816 675 exercitu
849 625 1088 686 occurrit,
1137 621 1358 688 trepidos
1401 622 1818 687 perturbatusque
1849 639 2025 691 magna

344 712 513 772 strage
547 706 680 756 edita
711 705 763 755 in
797 721 948 755 naves
984 703 1222 769 compulit
1243 700 1293 767 *)
1311 739 1325 763 ‚
1370 705 1421 751 et
1466 700 1662 751 videtur
1707 701 1770 752 ad
1804 702 2026 754 interne—

343 787 537 837 cionem
584 785 849 835 adacturus
898 783 1084 846 fuisse,
1131 783 1228 834 nisi
1273 780 1519 839 Achilles,
1566 798 1624 831 re
1671 781 2027 847 animadversa,

343 866 675 918 succurrisset
705 881 764 914 ac
797 864 1079 930 Telephum
1114 864 1351 924 saucium,
1402 862 1606 912 sinistro
1637 862 1834 913 femore
1861 863 2026 914 iaculo

341 947 661 1006 transmisso,
718 945 986 1010 repulisset
1013 942 1115 1009 **).
1193 943 1428 994 Ceterum
1475 942 1659 992 Graeci
1699 947 1839 993 tanta.
1884 944 2025 994 clade

341 1027 513 1078 affecti
557 1030 728 1087 erant,
772 1031 828 1075 ut
874 1025 1079 1075 navibus
1113 1022 1399 1075 conscensis
1431 1024 1481 1073 in
1514 1023 1771 1073 Boeotiam
1803 1024 2027 1074 redirent

340 1111 490 1171 atque
522 1107 654 1168 inde,
688 1107 868 1155 omissa
901 1104 1230 1171 expeditione,
1265 1103 1440 1153 domus
1475 1119 1588 1152 suas
1618 1103 1828 1167 quisque
1860 1103 2025 1153 disce-

341 1185 520 1236 derent
544 1184 676 1251 ***).
757 1184 1012 1250 Telephus
1057 1189 1220 1234 autem
1267 1199 1330 1233 ex
1376 1199 1436 1233 eo
1480 1188 1708 1248 tempore
1740 1183 2024 1233 insanabilis

342 1266 559 1316 vulneris
593 1265 844 1316 doloribus
880 1265 1127 1315 cruciatus
1161 1263 1565 1327 miserrimusque
1588 1263 1686 1314 fuit
1701 1260 1857 1327 ****).
1891 1263 2026 1327 Quid

341 1346 471 1397 enim
505 1346 672 1396 iuvant
706 1361 827 1412 opes
843 1383 859 1409 ,
894 1345 1012 1411 quid
1044 1344 1305 1410 imperium
1340 1344 1635 1408 aegrotan
1699 1344 1895 1410 ltaque,
1943 1361 2024 1395 re-

397 1535 449 1591 ὅ)
480 1534 549 1578 ef.
577 1533 737 1591 Dictyn
764 1533 823 1588 11,
845 1532 873 1574 1
899 1546 1022 1588 seqq.
1063 1533 1180 1575 haec
1214 1531 1386 1575 auctius
1426 1532 1711 1577 referentem.
1766 1531 1922 1580 Schol.
1965 1538 2023 1580 ad

479 1603 707 1661 Aristoph.
737 1603 853 1647 Nub.
880 1601 993 1645 919:
1049 1599 1075 1646 ὁ
1123 1600 1332 1658 Τήλεφος
1368 1600 1578 1659 βασιλεὺς
1619 1596 1678 1660 ἦν
1715 1605 1926 1658 Μυσίας,
1969 1602 2024 1651 ὃν

478 1673 828 1732 πλανηθέντων,
856 1670 936 1718 ὅτε
965 1674 1030 1724 εἰς
1063 1673 1238 1731 Τροίαν
1266 1669 1544 1730 ἀπήρχοντο,
1572 1674 1666 1718 τῶν
1692 1671 1918 1730 Ἑλλήνων
1944 1677 2024 1722 καὶ

481 1744 724 1803 δῃούντων
752 1743 838 1801 τὴν
867 1741 1014 1789 αύτοῦ
1043 1744 1128 1800 γῆν
1158 1740 1262 1787 ἀντὶ
1291 1744 1375 1799 τῆς
1398 1745 1568 1802 Τροίας
1586 1739 1801 1800 Ἀχιλλεῦς
1820 1743 2023 1804 ἔτρωσεν.

478 1816 604 1860 Adde
633 1815 778 1873 epigr.
808 1815 990 1858 Anthol.
1021 1815 1198 1860 Iacobs.
1227 1815 1282 1858 Τ.
1311 1815 1369 1857 11.
1398 1829 1442 1870 p.
1471 1813 1569 1858 657.
1600 1816 1679 1869 XI,
1708 1815 1814 1860 11⁰2

585 1880 737 1937 Οὗτος
765 1880 789 1930 ὁ
831 1886 1122 1943 Τευθρανίας
1148 1884 1326 1941 πρόμος
1355 1882 1566 1941 ἄσχετος,
1612 1878 1748 1938 οὗτος
1777 1884 1804 1932 ό
1832 1883 1884 1932 τὸ
1914 1887 2023 1947 πρὶν

711 1956 926 2013 Τήλεφος
956 1953 1154 2010 αἱμάξας
1184 1953 1377 2012 φρικτὸν
1396 1949 1503 2010 Ἀρη
1532 1956 1748 2012 Δαναῶν,

588 2025 757 2071 Μυσὸν
788 2020 863 2070 ὅτε
893 2023 1138 2080 πλήθοντα
1167 2023 1297 2079 φόνῳ
1328 2022 1537 2082 έκέρασσε
1566 2023 1759 2082 Κάϊκον,

701 2090 852 2146 Οὗτος
881 2093 906 2138 ό
937 2096 1178 2151 Πηλιακού
1205 2092 1433 2151 δούρατος
1461 2092 1723 2147 ἀντίπαλος.

380 2165 449 2221 W)
479 2166 636 2224 Dictys
675 2168 708 2210 l.
737 2169 793 2211 Lx
835 2167 976 2210 telum
1012 2159 1235 2210 iaculatus
1275 2165 1424 2208 femur
1465 2165 1692 2209 sinistrum
1730 2166 1832 2225 regi
1873 2171 2020 2213 'tr-ana—

479 2237 513 2279 fi
550 2237 598 2279 it.

338 2308 436 2364 ***)
465 2251 680 2351 Liffianius
716 2307 920 2350 Declam.
949 2304 1029 2349 111.
1057 2320 1101 2361 p.
1131 2304 1230 2349 230.
1260 2307 1327 2348 D:
1386 2303 1448 2356 αἷς
1486 2303 1575 2363 γὰρ
1612 2304 1884 2365 ἀνήχθημεν
1920 2305 2016 2355 ulmi

478 2378 562 2435 τῆς
589 2373 800 2428 Αύλίδος,
843 2374 1010 2436 οἶγνοίᾳ
1047 2376 1141 2421 ταῖν
1178 2374 1337 2421 τόπων
1379 2375 1711 2434 προςπεσόντες
1737 2378 1798 2436 τῇ
1824 2382 2020 2437 Μυσῶν,

477 2447 564 2505 τὴν
593 2445 739 2505 οἷρχήν
766 2444 1046 2502 κατεθέομεν
1077 2446 1305 2504 Τηλέφου,
1332 2444 1418 2503 τὴν
1436 2445 1725 2506 Ἀλεξάνδρου
1743 2450 2019 2506 νομίζοντες.

477 2517 762 2576 Αἰσθόμενος
791 2516 841 2563 δὲ
871 2517 896 2561 o‘
929 2515 1140 2573 Τήλεφος
1170 2514 1312 2569 εὐθὺς
1341 2517 1389 2562 ἐν
1417 2513 1577 2570 ὅπλοις
1602 2513 1662 2576 ἦν
1683 2519 1761 2565 καὶ
1796 2517 1913 2576 μετά
1939 2522 2022 2578 τῆς

479 2587 719 2646 δυνάμεως
748 2587 945 2644 οἷπήντα.
1001 2587 1169 2644 Μάχης
1209 2586 1259 2632 δὲ
1299 2590 1522 2647 καρτερᾶς
1560 2588 1803 2647 γενομένης
1830 2591 2023 2637 καὶτοῦ

476 2658 744 2718 πράγματος
772 2660 1031 2716 προϊόντος,
1061 2657 1087 2703 ὁ
1117 2659 1210 2702 τῶν
1239 2660 1416 2703 Μυσῶν
1438 2657 1691 2716 ἡγούμενος
1715 2660 1795 2705 ὑπ’
1823 2660 1937 2717 ἐμοῦ
1956 2679 2020 2707 τι-

478 2730 743 2789 τρώσκεται.
800 2729 896 2774 Καὶ
925 2728 970 2773 οἱ
997 2728 1080 2785 μὲν
1108 2725 1279 2788 ᾤχοντο
1309 2729 1568 2785 φεύγοντες,
1597 2726 1728 2786 ἡμεῖς
1755 2730 1808 2775 δὲ
1833 2730 2019 2786 γνόντες

476 2799 562 2858 τὴν
590 2799 794 2856 πλάνην,
835 2797 1326 2850 ἀποπλεύσαντες
1369 2792 1546 2850 αὖθις
1583 2793 1721 2856 ἦμεν
1749 2800 1807 2844 ἐν
1834 2804 2017 2846 Βοιω-

477 2873 595 2931 τίᾳ,
625 2870 824 2929 καὶτῷ
852 2868 1250 2927 συμβεβηκότι
1279 2869 1343 2912 τὸ
1373 2867 1705 2925 στράτευμα
1724 2870 2015 2918 διελύετο.

475 2943 561 2986 His
589 2943 704 2985 adde
733 2942 878 2998 epigr.
907 2941 1086 2984 Anthol.
1117 2940 1288 2983 Jacobs.
1318 2939 1372 2983 T.
1400 2939 1459 2981 11.
1489 2954 1533 2995 p.
1562 2939 1676 2983 657:

589 3005 645 3057 οὗ
671 3011 750 3056 καὶ
778 3010 1061 3069 τειρομένοιο
1090 3006 1476 3069 περιπτώσσοντες
1499 3005 1667 3066 Ἀχαιοὶ

700 3079 883 3141 φύρδην
915 3083 1207 3138 Τευθρανίας
1231 3081 1414 3125 νεῦνται
1441 3078 1523 3124 ἄπ’
1550 3078 1722 3136 ήϊόνος.

476 3151 626 3195 Strab.
656 3153 699 3207 1,
728 3153 771 3195 1.
803 3168 846 3208 p.
869 3151 927 3194 10
944 3150 1069 3208 (15)=
1114 3149 1142 3196 ὁ
1178 3150 1335 3208 μέντοι
1371 3146 1694 3207 Ἀγαμέμνονος
1731 3149 1890 3203 στόλος
1927 3150 2014 3208 τὴν

475 3222 681 3275 Μυσίαν,
713 3221 777 3274 ὦς
802 3221 888 3279 τὴν
921 3221 1134 3280 Τρῳάδα,
1161 3222 1355 3280 πορθῶν
1382 3220 1897 3280 ἐπαλινδρόμησεν
1925 3222 2012 3267 αι’-

476 3305 576 3351 σχρ
591 3293 628 3336 αἶ
641 3308 678 3344 ς.
748 3292 862 3336 Dict.
891 3294 948 3346 ΙΙ,
976 3292 1029 3335 72
1058 3292 1104 3336 in
1132 3306 1273 3350 regna
1298 3305 1381 3336 sua.
1410 3291 1660 3337 hiematum
1687 3292 1934 3339 discedunt.

339 3362 457 3419 ****)
485 3363 642 3422 Epigr.
672 3362 851 3406 Anthol.
880 3363 934 3406 Τ.
963 3363 1022 3408 ΙΙ.
1052 3378 1096 3418 p.
1123 3361 1228 3406 657:

587 3434 673 3481 νῦν
701 3429 837 3478 όλοόν
862 3434 994 3492 μηρῷ
1022 3431 1207 3478 κεύθων
1234 3429 1389 3492 βάρος,
1418 3431 1496 3477 οἶα
1524 3430 1776 3486 λιπόπνονς
1819 3457 1822 3459 -

700 3501 899 3561 τήκεται,
927 3501 1117 3562 ἐμψύχῳ
1144 3502 1276 3562 σαρκὶ
1305 3501 1645 3561 συνελκόμενος.
