2176 3874
1131 263 1256 319 426

360 414 521 480 paullo
567 416 681 475 post
732 408 1078 473 praecipitatus
1124 408 1271 458 foret.
1351 407 1514 457 Locus
1560 392 1711 472 igitur
1746 407 1911 458 factus
1947 414 2026 458 est

359 494 495 543 chori
518 488 870 554 interponendi,
889 504 985 552 quo
1005 490 1290 538 memoriam
1303 494 1497 554 septem
1514 487 1713 549 ducum,
1733 488 1818 552 qui
1827 487 2028 539 Thebas

359 572 780 637 oppugnaverant,
826 568 1089 634 repetitam
1124 584 1236 619 esse
1268 571 1364 618 hoc
1399 569 1724 634 fragmentum
1759 568 2028 635 significat:

617 643 699 698 ἐπὶ
730 646 1098 712 χρυσεόνωτον

617 726 814 778 ἀσπίδα
846 725 944 779 τὰν
980 727 1288 789 Καπανέως.

361 810 504 860 Addo
538 809 712 874 fragm.
747 810 840 858 inc.
876 812 996 858 112:

617 887 919 954 ἀμφίπολος
935 881 1121 952 ’Ἄρεος
1151 887 1383 955 ἀνιέρου.

455 969 656 1020 Tertius
675 974 813 1020 actus
835 970 1103 1020 Haemonis
1129 975 1276 1034 atque
1292 970 1567 1034 Antigonae
1587 970 1831 1036 colloquio
1854 969 2032 1020 confici

359 1051 532 1116 potuit.
599 1051 772 1100 Rediit
802 1051 942 1116 virgo
978 1066 1039 1099 ex
1073 1066 1132 1099 eo
1164 1051 1307 1113 loco,
1341 1067 1438 1115 quo
1471 1050 1637 1100 fratris
1672 1066 1852 1116 corpus
1885 1049 2032 1100 inhu-

358 1135 544 1179 matum
578 1131 780 1180 iacebat.
847 1130 1149 1179 Facultatem
1184 1130 1314 1180 iusta
1347 1135 1545 1180 mortuo
1587 1129 1904 1196 persolvendi
1937 1129 2032 1180 sibi

358 1209 539 1258 nullam
573 1225 685 1258 esse
715 1209 978 1267 intellexit,
1015 1209 1252 1260 militibus
1283 1211 1407 1260 adeo
1442 1215 1646 1261 strenue
1670 1206 2033 1277 diligenterque

359 1288 744 1338 custodientibus
764 1326 778 1350 ,
823 1295 878 1339 ut
910 1305 1071 1354 neque
1103 1290 1280 1340 fraude
1311 1290 1411 1340 ulla
1443 1291 1609 1357 decipi
1641 1307 1804 1355 neque
1834 1291 1882 1339 vi
1912 1289 2035 1355 pelli

359 1383 510 1432 posse
555 1368 852 1418 viderentur.
932 1369 1097 1420 Huius
1144 1386 1255 1419 cum
1304 1386 1533 1420 moerore
1578 1370 1847 1420 Haemonis
1891 1369 2035 1420 dolor

359 1448 697 1512 coniungitur:

491 1556 551 1564 —
621 1525 699 1578 ἐπ’
735 1529 907 1594 ἄκραν
937 1526 1138 1596 ’ἥκομεν
1169 1527 1418 1596 γραμμὴν
1449 1527 1644 1581 κακῶν.

360 1607 452 1656 His
497 1609 661 1658 verbis
718 1609 780 1658 ad
833 1617 1104 1660 extremam
1149 1611 1398 1661 miseriam
1444 1609 1938 1675 desperationemque
1979 1622 2036 1658 se

361 1687 590 1737 Creontis
625 1690 914 1741 crudelitate
947 1691 1150 1740 adactos
1186 1707 1300 1740 esse
1325 1691 1610 1752 ostendunt,
1645 1694 1700 1738 ut
1722 1689 1920 1738 minime
1943 1688 2035 1738 mi-

359 1769 563 1817 randum
590 1769 670 1830 sit,
706 1771 837 1833 quod
862 1771 922 1819 ad
948 1776 1172 1820 extrema
1196 1772 1421 1821 audenda
1443 1769 1798 1833 subeundaque
1819 1784 1876 1818 se
1891 1769 2036 1818 ambo

358 1849 626 1914 accingant.
695 1849 861 1899 Facile
895 1856 1062 1901 autem
1097 1851 1193 1901 fuit
1226 1851 1499 1911 Haemoni,
1545 1855 1602 1900 ut
1635 1849 1720 1913 qui
1753 1848 2038 1914 conspirare

359 1944 472 1977 cum
506 1933 648 1993 patre
697 1931 1010 1993 crederetur,
1061 1931 1293 1980 custodes
1338 1931 1416 1980 vel
1461 1931 1580 1980 ficto
1626 1929 1784 1994 patris
1828 1927 2038 1993 imperio

360 2008 439 2056 vel
485 2008 577 2056 alia
620 2008 798 2058 fraude
848 2012 1088 2075 deceptos
1137 2010 1408 2076 paullisper
1436 2011 1707 2068 seducere,
1753 2007 1913 2057 donec
1959 2007 2038 2056 vel

360 2087 649 2137 humaretur
683 2104 864 2153 corpus
897 2089 1144 2153 Polynicis
1192 2090 1273 2138 vel
1318 2090 1368 2138 in
1402 2105 1576 2155 rogum
1621 2087 1752 2136 forte
1784 2087 2038 2136 ardentem

360 2167 666 2229 ingereretur
699 2165 770 2231 *).
838 2167 1095 2218 Praestitit
1125 2170 1274 2233 igitur
1306 2170 1531 2219 Haemon
1555 2167 1728 2232 virgini
1759 2171 1949 2216 amatae
1969 2165 2037 2227 id,

361 2246 492 2311 quod
537 2252 734 2311 praeter
776 2248 938 2312 ipsum
983 2254 1239 2313 praestare
1280 2248 1631 2298 Thebanorum
1673 2261 1820 2296 nemo
1862 2245 2039 2311 potuit,

362 2325 605 2389 simulque
639 2327 814 2390 capitis
847 2328 1121 2392 periculum
1171 2345 1283 2377 cum
1328 2345 1388 2377 ea
1423 2327 1749 2377 communiter
1782 2324 2040 2390 subeundo

362 2405 700 2455 firmissimum
733 2407 915 2455 amoris
950 2407 1302 2458 documentum
1338 2407 1489 2457 dedit.
1556 2406 1731 2471 Neque
1765 2406 1897 2454 enim
1928 2420 2040 2454 ver-

362 2484 438 2534 bis
473 2485 703 2550 virginem
754 2487 965 2549 adiuvit,
1013 2493 1068 2536 ut
1102 2487 1412 2553 Sophocleus
1446 2487 1696 2547 Haemon,
1742 2484 1830 2534 sed
1864 2484 2040 2533 factis:

362 2564 493 2613 unde
537 2566 686 2615 etiam
733 2567 991 2616 iustiorem
1037 2583 1148 2616 cum
1197 2569 1370 2616 eadem
1414 2583 1510 2616 una
1544 2566 1784 2615 moriendi
1817 2579 2040 2613 caussam

363 2645 574 2707 adeptus
611 2651 703 2697 est.
772 2646 867 2695 His
900 2647 1049 2712 igitur
1083 2648 1328 2696 communi
1376 2647 1581 2696 consilio
1617 2644 1934 2710 compositis,
1978 2645 2042 2693 ad

365 2727 730 2790 exsequendam
763 2727 1064 2776 voluntatem
1099 2744 1237 2777 suam
1272 2726 1523 2792 extemplo
1556 2724 1949 2791 proficiscuntur.

495 2805 707 2855 Secutus
743 2811 820 2855 est
855 2807 1035 2857 chorus
1061 2808 1256 2869 tertius,
1292 2822 1389 2871 quo
1422 2807 1604 2855 amoris
1636 2806 1710 2854 vis
1732 2803 1940 2868 exprimi
1972 2802 2041 2851 si-

364 2884 470 2933 mili
504 2886 735 2946 carmine,
769 2891 918 2950 atque
941 2887 1000 2936 fit
1034 2888 1083 2936 in
1109 2887 1367 2953 Hippolyti
1401 2901 1475 2935 vv.
1502 2887 1634 2935 1258
1667 2900 1825 2948 seqq.,
1858 2882 2041 2948 potuit.

495 2964 605 3027 Quo
640 2966 857 3015 carmine
888 2966 1028 3016 finito
1061 2967 1152 3028 illi,
1184 2973 1242 3017 ut
1275 2965 1481 3032 captivi,
1515 2982 1544 3013 a
1577 2964 1816 3013 militibus
1848 2963 1899 3010 in
1932 2977 2041 3010 sce-

437 3170 489 3226 >⁸⁵)
521 3169 591 3213 cf.
620 3170 830 3213 Philostr.
872 3172 953 3214 Im.
984 3172 1053 3224 II,
1082 3171 1151 3214 29.
1185 3188 1229 3228 p.
1257 3171 1355 3215 825.
1395 3172 1527 3214 Faus.
1556 3170 1713 3212 Boeot.
1750 3183 1794 3224 p.
1823 3167 1934 3220 3⁰⁰,
1960 3167 2040 3210 25:

509 3236 572 3291 oie
615 3237 702 3297 γὰρ
743 3237 826 3284 τὸν
868 3242 956 3284 τοῦ
995 3244 1301 3293 Πολυνείκους
1341 3237 1548 3299 ἄρασθαί
1589 3239 1635 3283 οὶ
1678 3239 2042 3295 προθυμουμένῃ

507 3309 671 3369 νεκρὸν
701 3305 895 3366 οὐδεμία
919 3310 1135 3366 ἐφαίνετο
1152 3312 1377 3373 ῥᾳστώνη,
1407 3305 1599 3367 δεύτερα
1627 3307 1871 3365 ἐπενόησεν
1900 3307 2043 3352 ’ἕλκειν

510 3378 679 3434 αὐτόν,
720 3379 766 3432 ἐς
808 3378 835 3426 ὃ
874 3381 1050 3426 εἵλκυσέ
1085 3398 1133 3428 τε
1174 3383 1253 3427 ’καὶ
1290 3381 1499 3439 ἐνέβαλεν
1538 3377 1612 3423 ἐπὶ
1649 3381 1734 3424 τοῦ
1761 3377 2044 3429 Ἐτεοκλέους

510 3450 761 3508 ἐξημμένην
788 3451 874 3508 τὴν
902 3450 1070 3511 πυράν.
