2176 3874
1006 278 1128 335 427

223 448 340 484 nam
373 430 691 480 reducuntur.
733 425 861 476 Rem
887 429 1077 492 gestam
1100 425 1164 482 is,
1191 419 1277 485 qui
1301 419 1590 469 custodibus
1622 417 1905 482 praefectus

226 512 342 573 fuit,
377 509 595 575 exponit.
662 508 739 557 Re
772 509 1060 574 perpetrata
1091 519 1190 552 non
1213 501 1410 566 fugerat
1441 500 1578 563 virgo
1603 514 1764 562 neque
1798 512 1906 546 eam

227 592 521 642 destituerat
553 588 872 647 adolescens3
925 587 1102 656 sponte
1151 598 1208 630 se
1252 582 1333 629 illa
1369 580 1656 629 custodibus
1689 578 1906 627 interve-

229 671 477 720 nientibus
523 668 798 726 obtulerat3
845 656 971 727 hic,'
1005 679 1154 726 quum
1201 662 1397 726 eripere
1446 677 1556 710 eam
1604 675 1666 708 ex
1698 658 1907 706 militum

228 751 457 800 manibus
500 765 598 798 non
642 748 914 814 potuisset,
962 743 1254 808 participem
1303 758 1360 790 se
1403 740 1691 804 sociumque
1739 738 1914 802 culpae

231 846 346 880 esse
377 828 640 896 professus
675 834 768 877 est.
836 825 919 874 Sic
954 824 1017 872 ad
1049 838 1221 887 regem
1251 820 1396 869 ambo
1428 821 1744 870 reducuntur.
1811 819 1913 868 Ex-

232 914 335 960 stat
365 908 700 974 fragmentum
734 905 982 964 orationiS,
1018 919 1114 967 qua
1146 907 1290 967 pater
1322 901 1481 950 filium
1506 900 1803 963 obiurgavit:

362 986 400 1056 ἦ
431 986 535 1055 γὰρ
570 987 783 1052 δόκησις
813 982 1045 1047 πατράσι
1078 980 1272 1041 παῖδας
1304 977 1501 1032 εἰκέναι

363 1068 430 1121 τὰ
462 1068 630 1121 πολλὰ
663 1067 843 1134 φαύλη
876 1065 1112 1133 γίγνεται
1142 1062 1347 1114 τέκνων
1378 1059 1498 1128 πέρι

365 1227 587 1297 ὀνόματι
617 1228 854 1297 μεμπτὸν
884 1225 946 1280 τὸ
979 1227 1171 1290 νόθον,
1203 1224 1240 1294 ἦ
1274 1224 1435 1292 φύσις
1469 1223 1516 1276 δ’
1550 1223 1654 1292 ἴση.

235 1309 412 1376 Neque
443 1313 603 1361 minus
638 1312 943 1362 defensionis
977 1311 1068 1359 filii
1100 1308 1343 1375 particula
1377 1311 1567 1357 servata
1601 1311 1705 1356 est:

365 1392 542 1457 ἤρων·
577 1391 638 1444 τὸ
674 1391 960 1458 μαίνεσθαι
994 1390 1043 1441 δ’
1079 1391 1163 1454 ἄρ’
1197 1381 1266 1454 ἦν
1299 1386 1432 1453 ἔρως
1465 1387 1690 1453 βροτοῖς.

365 1473 706 1523 Audacissima
733 1480 898 1523 autem
932 1472 1158 1522 oratione
1182 1470 1428 1537 Antigone
1454 1475 1628 1519 contra
1658 1474 1921 1535 tyrannum

232 1567 325 1602 usa
358 1558 468 1602 est:

371 1632 639 1684 ἄκουσον·
677 1632 743 1684 οὐ
778 1631 879 1699 γὰρ
917 1630 972 1682 οἱ
1002 1633 1179 1694 κακῶς
1210 1630 1535 1696 πεπραγότες

371 1706 475 1765 σὺν
506 1717 622 1775 ταῖς
653 1714 863 1781 τύχαισι
893 1705 1021 1774 τοὺς
1053 1713 1249 1779 λόγους
1282 1712 1559 1764 ἀπώλεσαν

374 1875 488 1925 οὔτ’
521 1873 660 1936 εἰκὸς
693 1877 873 1942 ἄρχειν
907 1875 1020 1927 οὔτ’
1055 1872 1227 1944 ἐχρῆνῥ
1247 1869 1385 1927 εἶναι
1415 1873 1587 1941 νόμον

369 1955 636 2022 τύραννον
670 1951 808 2009 εἶναι
841 1955 1042 2024 (μωρία
1075 1955 1134 2008 δὲ
1167 1954 1257 2008 καὶ
1290 1955 1508 2024 θέλειν),

371 2031 431 2098 ὃς
463 2037 572 2088 τῶν
603 2037 805 2104 ὁμοίων
839 2038 1086 2104 βούλεται
1116 2041 1330 2105 κρατεῖν
1363 2039 1546 2103 μόνος.
1595 2080 1598 2081 ⁷

241 2118 419 2183 quibus
455 2119 568 2168 addi
602 2126 773 2185 potest
806 2121 980 2185 fragm.
1015 2121 1112 2171 inc.
1148 2123 1238 2170 10:

371 2196 409 2266 ἦ
440 2197 544 2266 γὰρ
577 2199 833 2266 τυραννὶς
865 2199 1076 2262 ἀδικίας
1109 2200 1280 2268 μήτηρ
1320 2197 1426 2267 ἔφυ

371 2307 1431 2320 ———-————

375 2360 458 2412 δεῖ
488 2363 628 2412 τοῖσι
660 2363 877 2422 πολλοῖς
908 2359 1005 2413 τὸν
1037 2361 1308 2429 τύραννον
1342 2359 1612 2414 ἁνδάνειν.

244 2443 323 2493 Ex
353 2443 435 2502 iis,
469 2459 596 2506 quae
631 2448 802 2492 contra
834 2445 963 2493 hanc
980 2444 1142 2493 Creon
1160 2445 1303 2504 dixit,
1338 2445 1464 2493 haec
1499 2450 1613 2494 sunt
1646 2445 1930 2510 depromta:

375 2518 437 2574 τὸ
471 2521 656 2588 μωρὸν
689 2521 826 2588 αὐτῇ
860 2527 959 2574 τοῦ
992 2520 1193 2589 πατρὸς
1223 2522 1413 2590 νόσημ’
1448 2522 1527 2575 ἔνι
1559 2522 1635 2591 *)·
1682 2545 1684 2547 ’

377 2604 524 2670 φιλεῖ
551 2601 654 2669 γὰρ
690 2601 862 2664 οὕτως
897 2600 968 2656 ἐκ
987 2605 1169 2656 κακῶν
1202 2599 1340 2655 εἶναι
1371 2603 1588 2665 κακούς.

376 2686 457 2735 Ad
493 2690 702 2734 mortem
738 2684 854 2734 duci
886 2686 1184 2751 Antigonam
1227 2703 1435 2737 necesse
1468 2687 1594 2747 fuit;
1641 2686 1933 2746 Haemonis,

248 2765 334 2831 qui
367 2766 596 2816 conscius
630 2770 819 2815 tantum
856 2765 1023 2815 delicti
1056 2767 1223 2816 fuerat
1264 2783 1425 2832 neque
1467 2768 1578 2834 ipse
1630 2768 1681 2816 in
1716 2768 1934 2817 curando

248 2845 426 2896 funere
458 2846 700 2912 virginem
734 2847 1017 2906 adiuverat,
1064 2847 1240 2913 capitis
1287 2849 1550 2897 damnandi
1597 2863 1768 2896 caussa
1803 2847 1934 2896 nulia

247 2926 361 2975 fuit.
428 2925 530 2976 Sed
563 2927 784 2984 iuveniS,
834 2928 1050 2991 quamvis
1097 2943 1257 2992 poena
1291 2935 1424 2978 esset
1459 2930 1724 2990 liberatuS,
1771 2933 1934 2977 tamen

252 3006 407 3064 illam,
443 3022 591 3071 quum
627 3007 689 3055 ad
712 3007 1005 3073 suppiicium
1027 3006 1313 3067 duceretur,
1349 3011 1609 3059 comitatus
1645 3016 1740 3070 est,
1775 3025 1936 3072 neque

255 3086 479 3136 obscuris
521 3088 686 3136 verbis
735 3088 995 3137 consilium
1044 3104 1141 3137 una
1185 3090 1430 3140 moriendi
1477 3091 1764 3140 declaravit:
1813 3106 1936 3154 quas

251 3168 408 3216 minas
436 3166 614 3230 Creon,
651 3172 706 3216 ut
739 3184 767 3216 a
800 3168 1061 3234 repentino
1096 3169 1246 3218 animi
1280 3177 1473 3221 tumore
1508 3172 1777 3237 profectaS,
1813 3187 1939 3236 neg-

255 3245 393 3295 lexit.

314 3412 366 3467 *J
397 3413 542 3470 Vulgo
573 3412 698 3475 αὐτῷ
726 3430 807 3472 pro
838 3413 975 3474 αὐτῇ.
1032 3417 1301 3462 Emendavit
1325 3418 1516 3473 Sfivern,
1549 3431 1813 3476 comparans
1832 3431 1937 3461 ver·

396 3495 498 3527 sum
528 3485 583 3527 de
613 3486 852 3543 Sophoclis
880 3487 1103 3544 Antigona
1130 3487 1229 3532 465.
