2176 3874
1158 291 1280 348 362

383 439 527 504 plena
559 435 878 487 iucunditatis
903 451 1017 486 cum
1046 436 1346 487 sublimitate
1373 441 1520 501 atque
1542 439 1806 503 gravitate3
1840 440 2050 505 eundem

380 517 737 582 compositione
769 532 937 566 rerum
973 517 1163 593 optima
1209 524 1259 566 et
1292 518 1685 582 probabilissima
1719 519 1808 567 uti.
1875 500 2049 569 Mores

382 603 547 645 autem
605 612 924 660 personarum
981 598 1338 647 admirabiliter
1395 614 1568 661 graves
1613 604 1770 662 atque
1814 599 2051 662 ingenuos

380 692 522 735 esse,
569 682 619 724 et
651 676 848 740 Ulyssis
882 677 1124 740 ingenium
1160 679 1346 737 multo
1395 695 1539 742 quam
1582 679 1711 744 apud
1749 678 2050 744 Euripidem,

378 756 545 804 mitius
582 762 634 805 et
658 755 943 820 simplicius.
1013 757 1323 808 Carminibus
1343 758 1558 822 denique
1579 775 1673 808 non
1693 759 1870 808 multas
1886 759 2052 808 inesse

376 838 645 885 sententias
678 852 838 898 neque
871 837 933 885 ad
966 838 1196 887 virtutem
1232 839 1658 898 adhortationem„
1696 841 1826 888 sicut
1855 839 2050 903 Euripi-

375 917 483 976 dis,
528 917 616 964 sed
652 916 1004 966 iucunditatem
1054 919 1391 967 admirabilem
1426 925 1478 968 et
1510 919 1951 984 magnificentiam,
1994 923 2050 968 ut

374 998 551 1046 merito
585 997 648 1045 de
682 1012 742 1044 eo
779 997 957 1045 dixerit
992 998 1376 1062 Aristophanes:

504 1074 536 1127 ὁ
571 1075 617 1127 δ’
655 1068 723 1126 αὖ
757 1074 1103 1140 Σοφοκλέους
1134 1081 1234 1127 τοῦ
1270 1075 1432 1141 μέλιτι
1467 1075 1827 1143 κεχρισμένου,

504 1154 673 1220 ὥςπερ
708 1155 982 1218 καδίσκου,
1015 1155 1290 1222 περιέλειχε
1322 1158 1382 1209 τὸ
1417 1157 1602 1222 στόμα.

498 1237 605 1286 Has
637 1238 786 1301 igitur
818 1237 1134 1286 triumvirum
1157 1239 1438 1303 tragoedias
1469 1255 1524 1287 se
1558 1254 1654 1286 uno
1687 1238 1768 1286 die
1802 1238 2048 1303 legentem

371 1318 519 1384 plane
565 1318 635 1367 ait
679 1318 839 1365 visum
900 1318 996 1365 sibi
1044 1333 1158 1366 esse
1203 1319 1393 1366 deliciis
1440 1318 1672 1367 luxuriari
1717 1319 2049 1384 recrearique‚

371 1414 549 1461 neque,
585 1398 779 1446 etiamsi
812 1397 1001 1445 iuratus
1028 1398 1284 1458 iudicaret,
1319 1413 1469 1462 posse
1487 1400 1751 1463 quidquam
1775 1399 2046 1459 nominare,

370 1485 579 1543 propter
612 1477 743 1540 quod
777 1476 970 1526 illorum
1002 1478 1263 1542 quisquam
1285 1478 1539 1527 habendus
1574 1479 1641 1527 sit
1656 1479 1876 1528 inferior.
1913 1479 2050 1530 Satis

369 1558 524 1607 rectis
560 1559 790 1621 sanisque
825 1557 1054 1606 sensibus
1090 1574 1208 1606 usus
1243 1573 1356 1607 esse
1388 1557 1479 1606 Dio
1525 1557 1743 1616 videtur,
1776 1573 1939 1621 neque
1969 1563 2051 1608 est

370 1639 504 1702 quod
539 1638 774 1686 iudicium
812 1638 919 1687 eius
955 1654 1266 1701 spernamus.
1333 1637 1496 1702 Magis
1521 1637 1668 1703 igitur
1693 1638 2051 1702 interpretandi

369 1734 517 1782 quam
553 1718 834 1782 corrigendi
881 1734 1055 1766 caussa
1104 1734 1260 1783 pauca
1307 1718 1562 1766 addamus.
1633 1717 1791 1781 Magis
1841 1719 2050 1782 probum

370 1799 748 1863 simplicemque
782 1798 851 1846 ait
879 1798 1143 1863 Sophoclis
1179 1814 1323 1862 quam
1359 1798 1616 1862 Euripidis
1651 1797 1885 1861 Ulyssem
1921 1813 2051 1859 esse,

371 1879 501 1942 quod
536 1878 846 1926 audientibus
893 1878 1164 1927 verisimile
1210 1894 1307 1927 non
1355 1886 1432 1927 est
1466 1884 1693 1942 quantam
1729 1879 1963 1927 malitiam
1999 1883 2053 1927 et

369 1959 748 2007 fraudulentiam
785 1957 915 2021 apud
944 1958 1236 2022 Euripidem
1272 1975 1518 2023 personae
1550 1959 1682 2007 illius
1717 1958 1926 2006 infuisse
1958 1975 2050 2023 pu-

369 2039 569 2089 tandum
605 2045 756 2098 esset,
790 2038 883 2086 nisi
918 2054 978 2085 ex
1013 2038 1220 2101 prologo
1258 2045 1484 2098 servato,
1520 2053 1615 2101 quo
1648 2039 1810 2085 omnia
1844 2038 2051 2086 consilia

369 2135 458 2167 sua
493 2118 738 2181 animique
783 2133 927 2165 sensa
960 2118 1170 2181 Ulysses
1225 2118 1418 2180 aperit,
1462 2118 1607 2180 plane
1657 2117 1866 2165 eundem
1915 2118 2049 2166 hunc

369 2198 621 2262 Euripidis
656 2213 802 2259 quem
839 2197 1046 2246 Homeri
1081 2197 1317 2261 Ulyssem
1351 2198 1512 2246 fuisse
1547 2197 1824 2260 intelligere
1855 2197 2047 2258 liceret,

367 2280 524 2326 virum
563 2277 867 2326 Graecorum
915 2278 1224 2343 principem,
1270 2278 1378 2341 qui,
1426 2277 1661 2340 quidquid
1709 2280 1909 2340 ageret,
1953 2293 2047 2341 pro

368 2359 556 2424 patriae
590 2359 894 2406 incremento
929 2364 979 2406 et
1014 2359 1089 2405 sui
1122 2358 1330 2405 nominis
1355 2358 1508 2421 gloria
1538 2362 1723 2421 ageret,
1758 2372 1919 2420 neque
1943 2357 2047 2414 ullo

369 2440 570 2504 proprio
607 2438 868 2486 commodo
918 2437 1095 2485 ductus
1144 2453 1236 2502 pro
1279 2437 1536 2501 republica
1569 2437 1797 2485 invidiam
1833 2443 1883 2485 et
1917 2438 2047 2502 peri-

371 2518 480 2566 cula
515 2519 822 2583 susciperet,
857 2523 959 2565 tam
992 2518 1245 2582 praeclara
1277 2524 1417 2566 recte
1451 2518 1695 2566 factorum
1731 2518 2046 2580 conscientia,

368 2604 422 2646 ut
456 2599 603 2646 etiam
628 2598 936 2646 infestissimi
961 2598 1121 2646 hostis
1147 2598 1510 2647 accusationem
1533 2599 1814 2647 sustineret.
1863 2597 2050 2647 Contra

369 2678 632 2742 Sophoclis
689 2678 900 2742 Ulysses
961 2694 1056 2742 quo
1116 2679 1434 2743 progreditur
1480 2672 1836 2742 improbitatis!
1918 2679 2045 2728 Nam

368 2759 484 2824 quid
521 2764 688 2822 potest
721 2774 837 2807 esse
869 2759 1084 2823 ingenuo
1111 2759 1311 2807 homine
1341 2758 1603 2823 indignius,
1638 2774 1785 2822 quam
1807 2758 2045 2823 simpl-icis

367 2839 572 2887 alicuius
609 2846 659 2886 et
693 2839 922 2903 generosi
959 2839 1286 2887 adolescentis
1322 2854 1468 2904 opera
1499 2839 1560 2886 ad
1598 2838 1826 2888 fraudem
1858 2839 2044 2888 facien-

369 2921 481 2968 dam
517 2919 655 2966 abuti
689 2924 739 2966 et
773 2920 1061 2983 praecipere
1096 2921 1142 2967 ei
1175 2920 1312 2979 talia,
1347 2918 1489 2982 quale
1522 2918 1617 2965 hoc
1652 2924 1758 2967 est:

470 3013 474 3016 ·
500 2995 632 3048 ὅταν
663 3015 713 3047 τι
746 2997 876 3065 δρᾷς
914 2995 965 3057 ἐς
996 2997 1199 3064 κέρδος,
1236 2998 1338 3049 οὐκ
1371 2995 1549 3048 ὀκνεῖν
1581 2994 1803 3059 πρέπειῗ

370 3078 481 3129 Non
526 3078 637 3127 dico
682 3079 807 3127 haec
856 3080 1000 3137 ideo,
1051 3081 1191 3144 quasi
1235 3080 1322 3128 ulli
1365 3084 1543 3143 poetae
1588 3079 1702 3125 vitio
1748 3078 2041 3127 vertendum

371 3175 483 3208 esse
517 3159 711 3219 ducam,
747 3160 789 3208 si
825 3159 947 3208 tales
982 3161 1190 3209 heroum
1230 3159 1410 3220 mores,
1444 3158 1728 3223 postulante
1761 3158 1929 3222 operis
1963 3174 2042 3207 ra-

371 3240 524 3299 tione,
557 3239 780 3302 effingat,
815 3239 921 3299 sed,
955 3256 1016 3288 ne
1043 3240 1211 3289 Dionis
1245 3240 1392 3288 verba
1426 3237 1716 3301 quibusdam
1753 3253 1929 3287 caussa
1960 3255 2042 3288 er-

370 3320 501 3369 roris
535 3320 652 3378 sint,
687 3323 929 3368 metuens·
997 3319 1320 3369 Manifestum
1356 3318 1488 3367 enim
1531 3323 1609 3366 est
1643 3317 1875 3381 Ulyssem
1894 3318 2042 3367 Euri-

372 3400 503 3466 pidis
537 3416 633 3449 non
665 3399 1000 3464 improbitate,
1039 3400 1127 3448 sed
1164 3400 1386 3449 acumine
1433 3398 1612 3462 ingenii
1645 3398 1862 3461 reliquos
1893 3413 2041 3461 supe-

371 3495 514 3530 rasse
539 3485 695 3538 tanto,
722 3485 901 3544 quanto
918 3479 1183 3546 Euripides
1203 3481 1313 3546 ipse
1334 3479 1427 3529 hac
1453 3479 1631 3528 mentis
1654 3477 1891 3528 facultate
1912 3493 2041 3543 poe-
