2144 3854
933 265 1050 321 121

284 408 395 461 ἀλλ’
429 406 707 461 ἀθανάτου
739 408 994 472 καθορῶν
1033 408 1244 472 φύσεως

282 490 484 556 κόσμον
517 489 715 557 α’γήρω,
748 490 821 555 πῆ
853 505 910 540 τε
940 486 1164 555 συνέστη

285 570 374 623 καὶ
408 569 510 637 ὅπη
541 568 631 622 καὶ
661 568 819 630 ὅπως.

280 654 392 712 τοῖς
425 650 483 702 δὲ
513 650 776 710 τοιούτοις
808 645 1050 700 οὐδέποτ’
1084 645 1316 714 αἰσχρῶν

279 727 453 796 ἔργων
483 729 737 796 μελέτημα
768 729 1012 795 προςίζει.

150 809 229 861 Ex
260 811 498 861 Ennianis
531 817 695 860 autem
731 809 1020 875 fragmentis
1052 810 1155 859 huc
1187 809 1329 858 traho
1362 823 1412 861 n.
1447 809 1500 857 5:

278 886 589 953 „Lumihe
639 893 737 942 εἰσ
780 891 1068 941 tremulo
1122 895 1314 938 terra
1364 894 1428 938 et
1475 903 1643 938 cava
1690 906 1826 940 coe—

985 971 1135 1022 rula
1169 965 1511 1020 candent.'’

277 1048 448 1102 Rediit
480 1054 659 1104 deinde
691 1052 975 1118 Menalippa
1010 1068 1072 1102 ex
1105 1051 1339 1112 aedibuS,
1387 1064 1504 1099 suos
1551 1049 1736 1100 liberos
1769 1051 1832 1099 ad

148 1145 321 1197 rogum
357 1135 719 1199 compositura,
765 1149 860 1196 qua
891 1133 940 1181 in
972 1149 1030 1182 re
1063 1131 1216 1180 multa
1249 1131 1310 1180 ab
1344 1146 1406 1180 ea
1437 1130 1568 1195 dicta
1603 1129 1834 1195 factaque

147 1227 278 1273 esse,
313 1214 498 1276 quibus.
521 1214 857 1263 misericordia
888 1217 1185 1271 moveretur,
1219 1211 1418 1277 planum
1444 1215 1539 1262 est.
1605 1210 1672 1260 Et
1697 1227 1832 1261 com-

146 1293 336 1357 paravit
372 1293 566 1357 quidem
602 1292 784 1343 liberos
818 1309 930 1343 cum
954 1293 1115 1342 hortis
1139 1292 1378 1342 Adonidis
1406 1290 1587 1358 (κῆποι
1615 1283 1832 1343 'Adcom-

148 1369 285 1437 δος),
310 1388 515 1437 quorum
541 1374 690 1423 flores
713 1375 827 1435 nati,
861 1373 1073 1423 necdum
1103 1371 1276 1430 adulti,
1312 1372 1480 1422 statim
1502 1374 1748 1423 intereant
1763 1370 1830 1440 *).

147 1453 228 1503 Ad
251 1454 471 1503 eiusdem
496 1453 709 1504 lamenta
733 1454 903 1504 refero
936 1455 1112 1503 verba:
1146 1450 1351 1517 ἀγρίοις
1382 1455 1713 1503 κατακαῦσαι
1746 1451 1833 1515 ξύ-

147 1531 370 1597 λοις**>.
434 1533 638 1583 Interim
684 1534 865 1583 Aeolus
915 1534 1021 1582 sive
1051 1534 1344 1596 inquirendo
1379 1534 1484 1582 sive
1517 1534 1681 1597 aliquo
1718 1550 1835 1583 casu

148 1614 214 1663 de
259 1614 394 1662 filiae
441 1619 613 1678 stupro
647 1615 887 1679 cognovit.
956 1613 1063 1661 Nec
1096 1612 1309 1660 alienum
1346 1617 1424 1661 est
1457 1629 1486 1661 a
1518 1611 1835 1679 Menalippae

149 1693 345 1758 ingenio
379 1698 615 1754 statuere,
646 1693 780 1741 illam
798 1729 814 1753 ‚
849 1709 962 1742 cum
998 1708 1133 1740 suam
1167 1692 1376 1740 salutem
1411 1694 1536 1742 vitae
1567 1693 1835 1743 liberorum

149 1778 500 1840 postponeret,
546 1773 623 1822 vel
657 1773 848 1822 veniam
882 1773 1094 1833 delicto,
1141 1771 1273 1835 quod
1308 1772 1456 1821 invita
1490 1774 1835 1836 commisisset,

150 1869 180 1902 a
213 1859 356 1918 patre
389 1853 704 1917 impetratum
737 1854 799 1902 iri
833 1858 1089 1917 speraret,
1125 1852 1286 1916 ipsam
1333 1866 1388 1900 se
1437 1851 1697 1901 infantium
1731 1869 1835 1902 ma-

148 1938 277 1982 trem
311 1949 426 1982 esse
480 1934 750 1998 aperuisse.
848 1933 1004 1994 Quam
1057 1931 1417 1979 confessionem
1469 1948 1619 1996 quum
1651 1933 1835 1984 iureiu-

147 2012 300 2062 rando
333 2013 667 2073 confirmaret,
703 2028 792 2062 usa
825 2016 904 2061 est
935 2011 1128 2060 famosa
1158 2011 1242 2059 illa
1278 2009 1520 2061 formula:

277 2093 478 2158 ὄμνυμι
515 2090 565 2143 δ’
600 2090 744 2156 ἱερὸν
778 2090 970 2156 αἰθέρ’,
1006 2089 1216 2155 οἴκησιν
1246 2090 1395 2150 Διός.

146 2174 248 2226 Sed
280 2178 438 2239 pater,
473 2190 665 2223 morum
699 2174 1013 2223 sanctitatem
1045 2173 1175 2222 tueri
1209 2173 1422 2235 primum
1453 2187 1567 2223 esse
1610 2189 1836 2235 censens,

146 2255 360 2305 infantes
396 2253 594 2318 quidem
629 2270 903 2319 exponere,
949 2254 1107 2302 filiam
1140 2258 1336 2316 autem,
1371 2252 1526 2304 oculis
1560 2255 1732 2318 erutiS‚
1766 2256 1836 2305 vi-

146 2351 257 2385 vam
290 2336 342 2383 in
374 2350 568 2383 murum
600 2335 854 2384 includere
887 2334 1176 2383 constituit:

279 2413 500 2465 τίσασθε
531 2413 717 2480 τήνδε·
751 2411 842 2465 καὶ
873 2411 976 2479 γὰρ
1012 2410 1264 2464 ἐντεῦθεν
1295 2415 1447 2464 νοσεῖ

277 2493 343 2546 τὰ
374 2496 483 2545 τῶν
514 2495 816 2559 γυναικῶν·
852 2493 906 2545 οἱ
937 2492 1034 2560 μὲν
1064 2492 1098 2560 ἢ
1133 2493 1343 2544 παίδων
1374 2493 1496 2560 πέρι

281 2573 315 2642 ἢ
351 2573 656 2640 συγγενείας
689 2573 861 2626 οὕνεκ’
897 2574 997 2626 οὐκ
1029 2574 1322 2635 ἀπώλεσαν,

279 2653 453 2722 κακὴν
482 2655 749 2720 λαβόντες,
785 2650 895 2706 εἶτα
929 2654 978 2706 δ’
1013 2653 1151 2705 οὕτω
1184 2654 1405 2705 τᾶδικον

196 2734 197 2737 ’
278 2738 499 2797 πολλαῖς
532 2734 832 2803 ὑπεῤῥύηκε
862 2733 952 2787 καὶ
985 2737 1145 2802 χωρεῖ
1171 2735 1372 2800 πρόσω,

282 2815 398 2879 ὤςτ’
434 2814 664 2884 ἐξίτηλος
698 2814 855 2884 ἁρετὴ
888 2815 1218 2868 καθίσταται.

221 3030 266 3084 *)
297 3029 449 3087 Schol.
491 3029 607 3073 Plat.
648 3045 692 3085 p.
732 3029 802 3072 68.
843 3029 913 3071 ed.
945 3029 1148 3071 Ruhnk.:
1192 3024 1505 3077 Ἀδώνιδος
1544 3027 1726 3083 κῆποι
1765 3027 1841 3073 ἐπὶ

289 3101 385 3143 τῶν
414 3097 581 3156 ἐώρων
607 3099 683 3143 καὶ
705 3095 1026 3156 ὄλιγοχρονίων
1048 3098 1126 3142 καὶ
1146 3097 1208 3156 μὴ
1227 3098 1548 3158 ε’ῤῥιζωμένων.
1606 3095 1840 3156 Ἐμνήσθη

291 3169 342 3213 δὲ
370 3166 525 3214 αὐτῶν
551 3171 628 3214 καὶ
659 3166 914 3227 Εὐριπίδης
943 3171 1222 3226 Μελανίππῃ
1252 3170 1330 3213 καὶ
1362 3167 1571 3214 ἐνταῦθα
1601 3169 1812 3215 Πλάτων.

204 3241 267 3297 ’*)
296 3242 578 3299 Phrynichus
605 3242 652 3284 in
678 3243 820 3285 Bekk.
850 3242 1013 3284 Anecd.
1045 3255 1113 3298 gr.
1146 3256 1190 3297 p.
1219 3240 1299 3283 10:
1346 3237 1523 3298 ἀγρίοις
1550 3242 1842 3284 κατακαῦσαι

291 3310 466 3366 ξύλοις·
504 3311 565 3357 τὰ
601 3310 836 3371 τερατώδη
874 3310 960 3367 τὴν
1000 3310 1143 3368 φύσιν
1183 3310 1255 3357 ἐπ’
1282 3308 1460 3370 ἀγρίοις
1488 3310 1644 3357 ἔκαιον
1671 3311 1840 3366 ξύλοις.

294 3382 365 3426 Cf.
395 3383 567 3429 Welck.
599 3399 643 3440 p.
669 3382 768 3428 843.
797 3386 888 3427 not.
916 3381 956 3425 4.
