2144 3854
1110 229 1209 299 '26

338 406 599 456 perperam
632 389 870 452 quaedam
903 384 1219 452 intelligendo
1252 388 1439 440 factum
1485 395 1591 452 est,
1636 397 1692 442 ut
1735 395 2004 461 reprehen-

337 469 489 521 dendi
507 467 758 519 materiam
784 466 880 517 sibi
901 465 1095 531 quidam
1121 468 1367 519 invenisse
1391 470 1694 522 viderentur.
1753 473 2005 527 Summam

334 555 498 599 autem
531 553 668 597 recte
699 546 980 598 damnasset
1012 546 1241 607 Beckius,
1275 550 1318 598 si
1342 564 1511 601 verum
1538 556 1676 601 esset
1699 551 1839 616 illud,
1872 557 2006 620 quod

334 630 384 677 in
417 627 572 676 Rhesi
604 642 816 692 persona
847 642 1091 676 summum
1125 644 1289 677 rerum
1323 637 1623 680 momentum
1658 634 1775 698 poni
1808 635 2005 685 statuit:

333 708 394 758 ad
424 707 558 771 quod
590 706 902 756 statuendum
925 723 1021 756 non
1042 707 1235 756 videtur
1254 710 1534 774 tragoediae
1558 713 1715 777 ipsius
1739 719 2002 776 structura,

333 787 423 836 sed
441 787 547 836 solo
571 787 714 835 titulo
739 787 903 851 operis
930 786 1098 852 spurio
1122 794 1285 838 motus
1311 806 1441 842 esse.
1484 793 1552 842 At
1577 808 1675 842 uon
1698 809 1850 858 posse
1866 793 2005 846 Rhe-

333 884 442 917 sum
475 865 946 932 primariae,.quam
981 865 1179 930 dicunt,
1214 885 1457 933 personae
1488 870 1651 922 locum
1686 875 1908 925 obtinere
1941 890 2004 926 ex

330 948 407 998 his
450 948 596 1012 ipsis,
655 961 780 1010 quae
821 945 1100 997 rectissime
1144 948 1226 997 ille
1268 948 1642 1014 animadvertit,
1699 953 2005 1018 intelligitur.

327 1028 489 1090 „Nam
514 1027 744 1089 Graeci,''
777 1027 951 1092 inquit,
983 1026 1073 1088 „ii,
1108 1027 1191 1092 qui
1214 1028 1394 1078 bellum
1415 1036 1670 1094 gesserant
1690 1048 1805 1084 cum
1826 1032 2005 1084 Troia·

326 1109 433 1169 nis,
476 1108 777 1174 putabantur
808 1107 987 1158 horum
1020 1109 1230 1158 maiores
1267 1125 1403 1170 esse,
1451 1111 1625 1175 quibus
1661 1112 1830 1164 fabula
1860 1115 2002 1171 exhi-

326 1188 555 1241 bebatur.
608 1188 781 1252 Itaque
813 1188 865 1237 hi
900 1204 1123 1253 quoque,
1158 1190 1348 1253 posteri
1381 1191 1601 1253 illorum,
1636 1191 1878 1243 Troianos
1908 1194 2002 1246 ha-

325 1266 507 1321 bebant
537 1283 629 1334 pro
661 1268 904 1321 hostibus.
970 1269 1180 1319 Hostem
1214 1274 1409 1331 autem,
1458 1271 1606 1321 etiam
1654 1274 1742 1338 qui
1775 1279 2006 1326 censetur

325 1354 511 1399 tantum
565 1348 724 1398 hostis
780 1365 924 1411 esse,
974 1349 1185 1399 interfici
1243 1348 1304 1399 ab
1365 1351 1512 1401 hoste
1561 1367 1659 1402 non
1703 1369 2005 1419 magnopere

324 1428 656 1479 commovebit
687 1428 913 1478 homines
946 1430 1114 1490 rudes,
1152 1430 1235 1494 qui
1266 1430 1518 1481 hominem
1551 1447 1582 1480 a
1606 1432 1794 1496 milite,
1826 1433 2003 1486 huma-

323 1511 526 1559 nitatem
571 1526 600 1558 a
644 1509 832 1574 proelio
879 1510 1186 1574 distinguere
1229 1510 1350 1559 satis
1395 1527 1492 1560 non
1536 1511 1715 1562 valent.
1791 1513 2004 1564 Accedit

323 1589 491 1638 odium
537 1593 592 1637 et
635 1594 940 1651 contemtuS‚
989 1606 1086 1652 quo
1122 1590 1305 1640 Graeci
1338 1590 1583 1641 Asiaticos
1614 1592 1842 1642 homines
1883 1610 2001 1659 pro-

321 1667 678 1732 sequebantur,
727 1684 851 1733 quos
886 1669 1119 1720 barbaros
1153 1670 1419 1728 vocabant,
1466 1674 1570 1720 tum
1617 1677 1670 1719 et
1701 1671 1825 1733 hoc,
1870 1673 2003 1737 quod

322 1748 419 1797 nisi
461 1750 627 1798 occiso
674 1749 845 1798 Rheso
891 1749 1011 1798 salvi
1045 1765 1158 1798 esse
1192 1750 1375 1799 Graeci
1408 1765 1505 1799 non
1540 1754 1821 1815 potuerant.
1889 1752 2001 1803 Non

319 1828 468 1895 igitur
499 1834 616 1893 apta
648 1828 806 1878 Rhesi
839 1828 1017 1878 caedes
1052 1829 1359 1895 tragoediae:
1414 1845 1575 1892 neque
1618 1829 1749 1879 enim
1793 1833 2000 1882 misera-

320 1909 432 1960 bilis
475 1908 632 1958 videri
678 1908 884 1958 Graecis
929 1914 1151 1974 poterat,
1214 1909 1303 1958 sed
1348 1907 1611 1958 iucunda.”
1686 1909 1827 1960 Haec
1871 1914 1999 1963 bene

318 1989 610 2055 Euripidem
651 1989 955 2038 intellexisse
1001 1990 1336 2053 eundemque,
1383 1995 1436 2038 ut
1470 2005 1557 2050 eo,
1607 2006 1704 2055 quo
1739 1990 1825 2040 ille
1859 1991 2000 2054 dixit,

320 2071 469 2120 modo
513 2067 663 2118 animi
698 2074 1031 2134 spectatorum
1066 2069 1416 2128 afficerentur,
1470 2085 1663 2118 summo
1697 2071 1861 2120 studio
1896 2072 1997 2122 ela-

319 2152 523 2201 borasse
555 2149 802 2199 neminem
835 2149 1011 2214 fugere
1043 2155 1226 2216 potest,
1260 2150 1343 2214 qui
1377 2150 1438 2199 ad
1479 2166 1603 2213 opus
1642 2151 1804 2215 ipsum
1841 2153 1999 2218 magis

320 2246 464 2297 quam
512 2229 574 2278 ad
619 2230 817 2279 titulum
859 2232 1073 2280 animum
1120 2231 1382 2278 advertere
1423 2229 1570 2279 volet.
1653 2230 1784 2292 Quid
1829 2232 1999 2282 enim?

319 2327 479 2361 nonne
513 2326 754 2359 summam
785 2310 1104 2360 barbarorum
1141 2310 1525 2358 contemtionem
1559 2310 1783 2374 cupidius
1821 2328 1997 2377 paene,

321 2407 464 2455 quam
500 2392 646 2440 decet
672 2405 931 2454 personam
960 2395 1154 2453 poetae,
1189 2389 1494 2439 declaravit?
1529 2405 1690 2439 nonne
1711 2393 1995 2453 superbum,

318 2471 538 2519 ferocem
575 2469 966 2534 insolentemque
1000 2469 1223 2518 Rhesum
1250 2485 1347 2517 non
1370 2470 1530 2519 minus
1555 2485 1702 2533 quam
1725 2469 1996 2520 Hectorem

320 2551 552 2600 effinxit?
598 2567 661 2599 an
693 2554 892 2613 praeter
924 2539 1104 2598 virium
1137 2549 1546 2613 magnitudinem,
1591 2549 1784 2612 generis
1817 2550 1994 2600 nobili-

318 2636 502 2692 tatem,
568 2646 819 2680 armorum
879 2629 1194 2694 splendorem
1250 2645 1585 2694 equorumque
1648 2631 1995 2695 praestantiam

318 2712 612 2776 quidquam,
659 2726 758 2774 quo
790 2710 870 2759 vel
904 2710 1089 2776 gratia,
1136 2709 1215 2758 vel
1249 2710 1497 2768 studium,
1545 2709 1625 2758 vel
1658 2726 1796 2758 amor
1830 2710 1994 2759 conci-

318 2793 491 2851 lietur,
537 2789 755 2839 moribus
798 2806 1140 2855 personaeque
1181 2790 1393 2838 hominis
1438 2789 1631 2838 barbari
1660 2788 1831 2838 inest?
1884 2788 1995 2840 Nisi

317 2872 451 2922 forte
480 2871 660 2921 Musae
691 2870 920 2919 lamentis
955 2869 1402 2928 vehementiorem,
1439 2884 1582 2932 quam
1615 2869 1861 2928 Atossae‚
1894 2869 1991 2920 mi-

317 2949 615 3001 serationem
649 2954 829 2999 motam
865 2966 977 2999 esse
1010 2955 1266 3015 putamus,
1300 2948 1646 3014 effectumque,
1681 2954 1735 3000 ut
1767 2949 1990 3000 Graecos

317 3030 552 3080 victoriae
584 3046 702 3079 suae
733 3029 1034 3094 poeniteret.
1099 3030 1227 3092 Quid
1261 3029 1451 3078 multa‘!
1495 3030 1745 3079 victoriam
1787 3029 1852 3079 de
1878 3031 1991 3080 bar-

317 3111 452 3161 baris
494 3115 796 3175 reportatam
819 3109 1090 3175 'Euripidis
1123 3110 1292 3160 Rheso
1336 3109 1544 3175 perinde
1575 3113 1726 3174 atque
1755 3109 1991 3174 Aeschyli

317 3190 485 3241 Persis
532 3190 829 3240 celebratam
873 3206 987 3239 esse
1043 3191 1355 3256 perspicuum
1401 3194 1497 3239 est.
1582 3189 1734 3238 Cuius
1777 3189 1990 3238 laetitiae

321 3286 496 3320 caussa
539 3275 677 3320 tanto
722 3270 919 3336 gravior
963 3277 1095 3330 erat,
1142 3275 1322 3336 quanto
1368 3270 1632 3319 terribilior
1665 3269 1879 3319 hostium
1911 3268 1987 3317 vis

320 3355 599 3416 quantoque
631 3351 784 3400 maior
817 3349 1016 3400 fiducia.
1069 3351 1207 3401 Nihil
1238 3355 1405 3400 autem
1438 3366 1558 3400 curo
1592 3356 1814 3400 errorem
1836 3346 1986 3412 vulgi,

319 3431 518 3480 tristitia
566 3445 732 3481 rerum
778 3431 1059 3497 tragoedias
1107 3430 1355 3481 metientis
1400 3434 1477 3491 et,
1538 3433 1718 3495 quanto
1762 3443 1987 3493 quaeque
