2144 3854
938 281 1059 338 115

159 434 239 480 est
286 427 510 493 (Astron.
562 428 634 489 Il,
678 428 809 493 18.):
873 426 1175 492 „Euripides
1235 433 1399 478 autem
1455 430 1507 478 in
1556 430 1843 499 Menalippa

155 510 316 575 ipsam
350 508 552 575 Hippea
579 507 659 573 ¹¹²),
694 507 920 557 Chironis
954 506 1188 556 Centauri
1231 508 1410 570 filiam,
1458 509 1639 560 Thetin
1697 517 1844 563 antea

155 589 469 655 appellatam,
503 589 653 637 dicit:
689 603 813 651 quae
835 602 945 635 cum
970 587 1184 634 aleretur
1216 587 1264 634 in
1302 595 1469 639 monte
1503 590 1638 640 Pelio
1661 597 1712 642 et
1733 597 1840 643 stu-

156 669 292 719 dium
325 670 374 717 in
409 667 628 718 venando
662 668 927 715 maximum
962 662 1199 725 haberet,
1247 670 1458 730 quodam
1506 674 1735 737 tempore
1779 675 1840 724 ab

153 749 327 810 Aeolo,
362 748 585 797 Hellenis
618 747 747 807 filio,
791 745 919 794 lovis
954 753 1165 810 nepote,
1211 764 1495 812 persuasam
1533 755 1840 818 concepisse,

153 844 364 893 cumque
397 829 490 876 iam
523 832 693 892 partus
728 826 1172 891 appropinquaret,
1222 829 1507 892 profugisse
1554 830 1604 879 in
1650 833 1838 887 silvam,

150 923 214 957 ne
246 908 402 973 patri,
449 923 560 955 cum
596 906 832 971 virginem
867 912 1125 971 speraret,
1163 914 1394 972 nepotem
1439 924 1732 973 procreasse
1765 913 1839 960 vi-

140 984 370 1038 ‘den-etur.
437 986 608 1050 Itaque
654 1002 765 1035 cum
811 1001 989 1050 parens
1036 1002 1144 1034 eam
1189 997 1604 1053 persequeretur,
1658 992 1840 1041 dicitur

149 1068 338 1132 petisse
370 1083 399 1116 a
431 1066 636 1115 deorum
669 1070 949 1131 potestate,
1006 1082 1068 1114 ne
1103 1068 1301 1131 pariens
1335 1084 1364 1115 a
1398 1073 1541 1132 patre
1576 1072 1837 1137 conspice-

147 1153 305 1196 retur.
372 1147 480 1210 Qua
514 1147 720 1195 deorum
741 1145 1008 1206 voluntate,
1042 1153 1302 1211 postquam
1335 1149 1544 1214 peperit,
1579 1150 1629 1199 in
1660 1167 1836 1215 equam

146 1242 381 1276 conversa
425 1228 555 1276 inter
597 1230 731 1275 astra
776 1231 854 1275 est
899 1227 1182 1275 constituta.
1250 1227 1483 1277 Nonnulli
1527 1246 1635 1280 eam
1671 1236 1835 1281 vatem

146 1306 376 1356 dixerunt
416 1308 578 1373 esse?
643 1306 834 1355 Eadem
877 1306 1122 1355 habentur
1154 1307 1205 1356 in
1238 1307 1584 1357 Eratosthenis
1620 1315 1834 1361 cataste-

143 1388 281 1438 rismi
315 1404 357 1438 c.
395 1390 496 1446 18.,
534 1387 673 1436 cuius
707 1389 856 1437 verba
891 1386 1192 1435 Matthiaeus
1227 1387 1397 1452 posuit
1431 1405 1478 1452 p.
1513 1391 1626 1438 214.
1652 1390 1833 1456 fragm.

145 1467 230 1518 IV.
295 1468 366 1518 Et
413 1469 464 1517 in
509 1468 767 1533 prooemio
801 1467 1002 1531 quidem
1038 1467 1330 1531 simpliciter
1365 1466 1648 1535 Menalippa
1683 1488 1738 1520 se
1774 1490 1835 1522 ex

145 1547 380 1597 Centauri
422 1548 525 1596 filia
574 1554 758 1602 natam,
787 1563 900 1595 esse
947 1547 1375 1607 commemoravit3
1433 1548 1646 1613 reliqua,
1707 1568 1834 1615 quae

145 1627 334 1694 Hygini
377 1628 822 1691 Eratosthenisque
870 1627 1135 1675 narrationi
1181 1627 1376 1684 insunt,
1438 1628 1486 1676 in
1532 1630 1728 1696 epilogo
1772 1634 1832 1684 ab

144 1707 311 1772 Hippa
356 1707 492 1772 ipsa,
544 1723 694 1771 quum
731 1707 1080 1755 servandorum
1115 1711 1349 1771 nepotum
1385 1723 1559 1757 caussa
1590 1725 1646 1758 se
1677 1711 1832 1762 inter-

142 1793 381 1853 poneret,
426 1787 649 1851 exposita
693 1802 807 1836 esse
858 1787 1055 1851 planum
1090 1794 1184 1836 est.
1251 1787 1398 1849 Quod
1432 1792 1598 1837 autem
1630 1791 1830 1856 Hippen

142 1882 234 1934 pro
268 1872 380 1916 vate
413 1883 444 1916 a
477 1866 717 1915 nonnullis
750 1867 966 1916 habitam
1001 1882 1113 1915 esse
1146 1867 1270 1916 dicit
1305 1867 1550 1930 Hyginus,
1586 1885 1646 1918 ex
1681 1871 1827 1921 Euri-

139 1948 256 2012 pide
288 1947 398 2012 ipso
430 1947 637 2011 petitum
672 1952 783 2007 est,
835 1952 967 1995 teste
1011 1946 1269 1996 Clemente
1316 1947 1454 1998 Alex.
1493 1948 1672 2000 Strom.
1705 1951 1743 2001 I.
1780 1969 1828 2017 p.

138 2030 253 2078 306.
289 2028 360 2076 B:
386 2018 549 2076 Ἱππὼ
583 2023 669 2087 δέ,
723 2024 759 2093 ἦ
790 2024 1036 2092 θυγάτηρ
1069 2030 1167 2077 τοῦ
1205 2026 1540 2092 Κενταύρου,
1577 2032 1828 2100 συνοική-

138 2116 275 2158 σασα
307 2105 484 2174 Αἰόλῳ
517 2102 789 2169 ἐδιδάξατο
826 2104 992 2158 αὐτὸν
1023 2104 1145 2173 τὴν
1179 2106 1477 2175 φυσικὴν
1509 2111 1825 2177 θεωρίαν,

136 2187 235 2256 τὴν
265 2187 489 2254 πάτριον
521 2185 837 2255 ἐπιστήμην·
872 2191 1134 2254 μαρτυρεῖ
1163 2186 1221 2240 δὲ
1254 2188 1551 2256 Εὐριπίδης
1582 2191 1704 2259 περὶ
1734 2198 1827 2262 τῆς

125 2260 345 2330 Ἱπποῦς
377 2259 480 2320 ὧδέ
512 2281 650 2329 πως·

265 2351 302 2418 ἢ
333 2351 519 2416 πρῶτα
552 2348 649 2416 μὲν
679 2346 746 2400 τὰ
776 2352 902 2400 θεῖα
934 2349 1404 2416 προύμαντεύσατο

265 2435 545 2498 χρησμοῖσι
578 2428 802 2496 σαφέσιν
835 2430 1135 2496 ἀστέρων
1169 2430 1258 2483 ἐπ’
1294 2432 1632 2494 (ἐντολαῖς.

133 2512 189 2562 In
232 2529 399 2562 rerum
434 2515 583 2583 igitur
628 2513 917 2561 naturalium
969 2513 1353 2578 coelestiumque
1388 2515 1665 2579 cognitione
1695 2517 1825 2566 nite-

134 2594 280 2643 batur
325 2592 571 2658 Hipponis
618 2592 878 2652 divinatio,
927 2593 1131 2641 multum
1179 2594 1264 2641 illa
1297 2594 1496 2656 quidem
1532 2595 1726 2645 diversa
1760 2597 1822 2646 ab

132 2687 404 2736 augurum,
437 2673 754 2738 haruspicum
788 2671 1096 2735 aliorumque
1130 2673 1236 2720 eius
1270 2674 1464 2737 generis
1498 2674 1821 2739 interpretum

133 2757 273 2813 arte,
321 2758 376 2802 et
421 2752 646 2802 Thaletis
679 2754 1096 2817 Anaxagoraeque
1129 2752 1396 2800 eruditioni
1430 2753 1651 2804 similior.
1717 2756 1820 2805 Ex-

203 2948 248 3004 *)
276 2948 422 3004 Vulgo
449 2946 864 3003 Menalippen,
894 2946 1103 3001 idemque
1131 2944 1290 2988 vitium
1317 2946 1429 2989 inest
1455 2947 1594 2989 schol.
1626 2947 1820 2992 Germa-

271 3017 360 3076 nici
387 3033 432 3060 v.
473 3017 577 3061 2⁰6:
635 3017 908 3072 „Euripides
948 3016 1054 3058 dicit
1101 3017 1386 3072 Menalippen
1431 3017 1636 3060 Chironis
1673 3019 1819 3063 filiam

273 3103 388 3142 esse,
418 3102 548 3144 quae,
578 3102 859 3143 compressa,
892 3086 1084 3144 gravida
1114 3087 1317 3144 profugit
1345 3087 1389 3129 in
1418 3088 1576 3130 Pelion
1605 3094 1819 3146 montem,

273 3164 343 3213 et,
372 3160 479 3202 dum
506 3172 535 3202 a
561 3163 690 3214 patre
718 3157 1036 3214 comprehendi
1064 3157 1259 3211 timeret,
1297 3159 1482 3201 deorum
1510 3159 1820 3205 misericordia

271 3244 488 3273 conversa
524 3229 570 3272 in
600 3242 788 3284 equam,
828 3230 886 3272 ad
915 3233 1035 3272 astra
1063 3229 1353 3282 conscendit,”
1383 3234 1428 3272 et
1453 3230 1686 3274 Eudociae
1713 3246 1820 3274 ver-

272 3301 345 3344 bis
372 3315 415 3356 p.
449 3299 549 3344 338.
578 3299 701 3343 idem
727 3299 961 3343 narrantis.
1001 3298 1071 3342 Cf.
1101 3299 1272 3342 Welck.
1300 3315 1345 3355 p.
1375 3298 1474 3343 849.
1507 3302 1672 3344 Contra
1699 3303 1818 3357 apud

271 3372 506 3414 Pollucem
531 3370 603 3425 IV,
634 3369 704 3424 19,
732 3369 833 3413 207.
864 3371 935 3414 27.
963 3374 1085 3413 recte
1104 3370 1316 3425 scriptum
1341 3370 1470 3414 estin
1494 3373 1645 3414 codd.:
1674 3369 1814 3428 Ἵππη

236 3448 243 3451 “
269 3438 299 3497 ἢ
327 3442 555 3499 Χείρωνος
581 3438 958 3499 ὑπαλλαττομένη
1000 3441 1064 3492 εἰς
1092 3439 1234 3486 ἵππον
1262 3437 1371 3499 παρ’
1398 3437 1647 3500 Εὐριπίδῃ.
1705 3442 1814 3485 Vide

273 3510 431 3554 Seberi
457 3516 611 3555 notam
637 3525 681 3568 p.
710 3511 780 3555 63.
1466 3573 1498 3616 8
1525 3569 1551 3598 *
