2176 3874
1093 260 1217 316 430

326 417 380 462 ut
427 408 682 475 Sophoclis
744 421 895 471 opere
943 405 1304 455 obscuraretur.
1389 403 1582 455 Maiora
1639 407 1772 458 enim
1828 411 1993 461 studia

326 490 631 555 Sophocleae
663 501 906 551 personae
939 485 1186 535 defunctis
1218 485 1582 549 immorientes,
1616 502 1759 551 quam
1794 487 1994 556 Euripi-

323 572 445 619 deae
480 567 559 615 dei
577 566 815 615 beneficio
840 571 1083 626 servatae,
1110 566 1402 625 excitarunt,
1437 565 1578 615 cuius
1601 566 1677 616 rei
1692 572 1849 617 testes
1878 574 1994 621 sunt

324 649 520 697 Ovidius
555 645 711 696 Trist.
749 645 816 704 ll,
850 647 963 694 402.
998 646 1117 695 ibid.
1153 649 1263 695 563.
1312 652 1361 695 et
1393 646 1684 711 Propertius
1717 647 1790 708 II,
1824 651 1874 708 7,
1911 652 1992 700 83.

323 729 555 777 Ceterum
599 726 830 775 iniuriam
871 724 1242 792 τραγικωτάτῳ
1286 732 1465 791 poetae
1507 726 1619 775 fieri
1663 728 1723 777 ab
1768 728 1859 791 iis,
1907 729 1992 794 qui

321 824 431 857 eum
466 806 788 854 insatiabilem
823 807 1130 856 miseriarum
1162 807 1319 856 fuisse
1354 807 1695 868 criminentur,
1738 823 1834 872 non
1865 808 1993 858 haec

319 888 453 948 sola,
488 885 575 934 sed
609 886 903 950 reliquarum
939 903 1132 950 quoque
1166 886 1528 952 tragoediarum
1562 902 1660 935 non
1693 903 1882 952 paucae
1914 894 1992 938 te-

319 972 523 1016 stantur.
604 965 705 1014 Sed
749 966 924 1014 horum
972 966 1147 1015 iudicia
1209 967 1440 1015 omittere
1503 982 1644 1029 quam
1692 968 1992 1032 redarguere

318 1050 564 1112 praestat:
599 1045 824 1110 plerique
858 1047 985 1095 enim
1019 1047 1350 1111 descriptione
1379 1046 1651 1110 argumenti
1679 1062 1850 1112 parum
1874 1063 1991 1114 per-

319 1133 487 1190 specta
521 1125 615 1172 hoc
650 1125 817 1173 drama
853 1125 1156 1183 damnarunt,
1192 1126 1383 1174 scilicet
1409 1140 1500 1190 pro
1536 1131 1674 1175 certo
1707 1126 1989 1192 explorato-

318 1221 413 1270 que
436 1205 673 1253 habentes
709 1205 886 1254 vitiosa
931 1221 1045 1254 esse
1072 1210 1302 1269 oportere
1325 1220 1646 1270 quaecunque
1672 1222 1700 1256 a
1723 1205 1988 1272 Sophoclis

315 1285 503 1340 ratione
537 1284 892 1348 discreparent.

809 1634 875 1688 D.
972 1631 1484 1710 Cyclops,

447 1768 639 1818 Silenus
674 1768 867 1817 vetulus
901 1774 1113 1818 rastrum
1146 1775 1351 1829 tenenS,
1396 1784 1495 1832 quo
1529 1767 1852 1821 cummaxime
1883 1771 1987 1816 sta·

310 1848 423 1899 bula
449 1849 677 1912 Cyclopis
710 1854 916 1914 purgat,
966 1849 1016 1896 in
1052 1849 1316 1914 speluncae
1345 1848 1547 1897 introitu
1581 1848 1880 1914 conspicitur
1909 1849 2007 1898 in·-

311 1935 486 1992 terque
507 1945 632 1994 opus
660 1937 710 1977 et
737 1929 800 1977 de
836 1929 1099 1978 virtutibus
1135 1929 1237 1976 suis
1273 1933 1325 1977 et
1358 1928 1422 1976 de
1450 1929 1579 1981 vitae
1613 1929 1806 1977 casibus
1819 1929 1983 1978 ‘thea—

311 2013 441 2058 trum
487 2009 677 2056 edocet.
746 2008 814 2056 Et
845 2008 1039 2058 fortiter
1073 2007 1269 2070 quidem
1314 2007 1559 2056 factorum
1594 2008 1983 2058 illustrissimum

310 2095 418 2146 est,
463 2087 592 2151 quod
626 2088 676 2135 in
718 2088 968 2152 gigantum
1003 2087 1193 2152 proelio
1228 2086 1485 2136 Encelado
1511 2103 1540 2135 a
1572 2086 1797 2136 Minerva
1827 2087 1982 2136 inter-

309 2168 446 2216 fecto
482 2166 571 2228 (cf.
607 2166 709 2214 Ion.
744 2182 791 2218 v,
826 2167 963 2231 209.)
998 2182 1129 2215 arma
1165 2166 1401 2226 detraxit,
1448 2181 1575 2230 quae
1620 2166 1777 2231 spolia
1810 2170 1979 2216 osten·

309 2246 470 2296 dendo
513 2247 649 2294 illum
700 2262 788 2294 sua
831 2262 978 2295 manu
1025 2247 1242 2295 occisum
1290 2262 1403 2294 esse
1447 2252 1501 2295 et
1545 2246 1740 2295 Baccho
1784 2251 1836 2297 et
1883 2246 1980 2296 sibi

309 2325 407 2391 ipsi
440 2327 700 2391 persuasit.
765 2325 960 2374 Baccho
995 2344 1022 2375 a
1055 2326 1326 2374 latronibus
1359 2324 1636 2389 Tyrrhenis
1687 2330 1831 2390 capto
1861 2340 1980 2385 veu-

310 2406 535 2469 ditoque,
569 2406 678 2469 ipse
711 2406 1050 2454 dulcissimum
1085 2406 1334 2454 dominum
1368 2406 1677 2469 quaesiturus
1711 2421 1826 2455 eum
1856 2404 1980 2455 libe-

309 2486 378 2533 ris
413 2486 511 2533 suis
544 2501 715 2533 navem
752 2486 1063 2546 conscendit3
1113 2490 1412 2549 tempestate
1457 2491 1627 2534 coorta
1674 2485 1737 2534 ad
1789 2486 1979 2535 Aetnae

308 2581 482 2629 rupem
518 2565 705 2613 delatus
739 2566 791 2614 in
823 2566 1108 2614 servitutem
1143 2566 1365 2628 pervenit
1387 2565 1696 2630 Polyphemi,
1731 2566 1814 2631 qui
1848 2565 1978 2614 mul-

307 2652 413 2694 tum
446 2644 641 2693 Baccho
676 2645 839 2710 dispar
873 2645 1022 2694 duros
1056 2645 1250 2695 labores
1284 2660 1374 2709 pro
1409 2645 1831 2694 comissationibus
1863 2661 1977 2709 per-

307 2728 458 2790 petuo
494 2725 715 2774 omnibus
736 2743 740 2747 ·
764 2726 1000 2790 iniungit:
1050 2725 1204 2788 satyri
1236 2726 1364 2774 enim
1407 2740 1584 2790 greges
1617 2724 1739 2773 foris
1773 2740 1977 2789 pascere

306 2805 553 2863 iubentur,
589 2805 781 2854 Silenus
807 2811 968 2853 autem
1002 2806 1135 2854 domi
1169 2805 1449 2870 speluncam
1482 2820 1683 2853 verrere
1715 2809 1861 2867 atque
1894 2819 1981 2854 re·-

307 2899 510 2933 versuro
534 2884 731 2933 domino
758 2885 930 2950 epulas
956 2901 1221 2950 apponere.
1272 2885 1470 2933 Interim
1494 2885 1647 2947 satyri
1676 2899 1789 2934 cum
1810 2884 1973 2948 gregi-

307 2964 400 3013 bus
434 2964 495 3012 ad
531 2964 776 3013 stabulum
810 2970 1139 3027 revertuntur,
1174 2965 1275 3029 qui,
1311 2964 1426 3013 dum
1460 2965 1510 3013 in
1543 2964 1826 3028 speluncam
1859 2979 1972 3029 gre-

307 3059 396 3108 ges
432 3044 759 3109 compellunt,
794 3060 1038 3093 memores
1072 3045 1380 3110 pristinarum
1414 3059 1578 3093 rerum
1611 3043 1871 3103 laetarum,
1905 3044 1971 3092 si-

309 3123 472 3172 cinnin
517 3123 737 3172 saltando
786 3125 1121 3188 cantandoque
1170 3124 1494 3176 delectantur.
1563 3123 1776 3172 Garmini
1821 3139 1971 3177 venu-

309 3203 527 3252 stissima
559 3203 686 3252 inest
720 3207 771 3251 et
803 3203 1107 3252 stabulorum
1141 3209 1192 3253 et
1225 3220 1457 3268 pecorum
1491 3208 1542 3252 et
1566 3209 1820 3267 pastorum
1854 3218 1971 3252 con-

309 3282 507 3331 ditionis
541 3282 824 3349 descriptio.
891 3283 1058 3347 Imago
1094 3284 1382 3350 exprimitur
1414 3282 1678 3347 speluncae
1710 3283 1820 3347 rupi
1853 3284 1971 3332 sub-

306 3362 481 3426 iectae,
517 3379 544 3411 a
577 3363 734 3413 ventis
768 3367 933 3423 tutae,
967 3365 1105 3413 cuius
1138 3365 1200 3413 ad
1234 3364 1486 3413 introitum
1517 3363 1731 3427 gramina
1763 3362 1970 3420 vireant,

306 3442 471 3492 fontes
504 3442 785 3505 decurrant,
820 3443 942 3493 alvei
974 3448 1147 3508 potum
1179 3443 1438 3509 pecoribus
1471 3443 1754 3507 praebeant,
1787 3442 1969 3499 ovium,
