2144 3854
876 266 949 320 ll

83 429 233 479 quum
270 413 498 464 codicum
529 411 806 463 testimonia
838 411 970 460 inter
1001 424 1057 460 se
1088 410 1197 475 ipsa
1219 426 1318 462 non
1345 417 1628 477 congruant.
1683 412 1751 462 Et

85 493 345 545 manifesto
387 493 505 543 ficta
548 494 662 542 sunt
705 505 831 555 quae
875 490 939 540 de
983 489 1172 554 origine
1216 493 1425 542 nominis
1468 493 1749 554 traduntur,

85 575 270 640 quippe
302 572 631 640 quummulto
651 575 764 619 ante
787 586 1000 636 pugnam
1022 569 1152 634 apud
1177 569 1416 635 Euripum
1442 573 1753 622 commissam

88 655 287 720 qnidam
309 651 680 704 Atheniensium
713 665 810 699 non
841 649 1084 716 ignobiles
1109 648 1359 715 Euripidis
1384 646 1562 702 nomen
1583 667 1752 717 gesse-

87 736 187 785 rint
231 738 285 784 et
316 748 467 796 unus,
514 731 595 795 qui
630 734 736 779 erat
769 729 1019 794 Aeschylo
1053 746 1151 779 non
1185 729 1342 779 multo
1375 731 1560 793 iunior,
1607 733 1754 782 etiam

87 815 219 864 inter
250 813 464 881 tragicos
506 814 679 876 poetas
711 810 937 860 floruerit
947 827 962 873 3
1011 810 1075 859 cf.
1111 809 1314 859 Suidam
1348 825 1386 862 s.
1421 826 1466 860 v.
1501 810 1669 876 Eurip.
1704 816 1758 861 et

90 895 310 946 Bodeum
340 893 458 943 hist.
491 906 630 957 poes.
663 891 819 941 dram.
856 890 888 941 1.
923 908 972 956 p.
1005 892 1118 940 449.
1154 908 1204 940 n.
1239 893 1288 943 5.

215 974 360 1038 Quod
390 976 558 1023 autem
592 970 796 1036 singulis
828 971 1095 1035 tragoediis
1136 970 1432 1037 Euripidem
1464 971 1606 1020 initio
1650 986 1759 1020 cer-

86 1059 221 1104 tasse
263 1058 428 1121 statuo
442 1087 464 1110 ‚A
507 1067 599 1116 pro
644 1052 927 1100 testimonio
970 1055 1084 1100 utor
1119 1051 1302 1101 Suidae
1344 1051 1507 1100 verbis
1553 1051 1619 1100 de
1664 1050 1758 1100 So-

87 1134 267 1199 phocle
297 1133 521 1198 scriptis:
554 1122 679 1197 ἦρξε
705 1134 804 1181 τοῦ
828 1129 1006 1196 δρᾶμα
1031 1131 1166 1196 πρὸς
1185 1130 1362 1197 δρᾶμα
1387 1128 1760 1197 ἀγωνίζεσθαι,

86 1211 218 1264 ἀλλὰ
249 1208 322 1278 μὴ
354 1210 724 1278 τετραλογίαν,
772 1214 950 1277 quibus
985 1213 1278 1279 simpliciter
1311 1213 1406 1262 dici
1440 1213 1655 1262 arbitror
1691 1212 1758 1261 il-

85 1295 187 1344 lum
249 1298 333 1343 aut
378 1294 519 1343 initio
566 1291 650 1342 aut
696 1294 909 1358 primum
959 1293 1162 1358 singulis
1207 1293 1471 1359 tragoediis
1520 1298 1759 1342 certasse.

87 1374 198 1425 Non
230 1375 360 1423 enim
394 1372 582 1423 morem
618 1373 890 1440 tetralogiis
939 1374 1185 1434 certandi,
1237 1373 1369 1437 quod
1402 1372 1628 1439 plerique
1661 1376 1761 1421 sta-

90 1459 248 1513 tuunt,
284 1455 596 1511 immutatum
622 1470 752 1516 esse,
788 1454 950 1503 omnia
979 1454 1209 1512 clamant,
1245 1452 1502 1518 nequead
1524 1453 1763 1502 rationem

91 1535 478 1600 societatemque
491 1534 766 1584 dramatum
780 1534 964 1585 Suidae
978 1534 1130 1584 verba
1153 1535 1406 1599 pertinere
1426 1549 1593 1599 posse,
1616 1531 1765 1583 facile

92 1620 174 1665 est
201 1615 453 1665 intellectu
484 1611 554 1677 *).

339 1859 408 1913 A.
494 1859 775 1915 Rhesus
829 1860 976 1914 sive
1018 1858 1512 1932 Nyctegresia.

223 1986 385 2049 Quum
430 1973 687 2053 prologus*
709 1988 760 2036 in
807 1987 1090 2047 codicibuS‚
1143 2000 1267 2049 quos
1316 1976 1468 2034 hodie
1510 1983 1767 2045 habemus,

93 2065 252 2115 nullus
302 2071 546 2139 eigstaret‚
592 2068 714 2118 duos
762 2073 925 2117 autem
958 2066 1191 2131 prologos
1227 2064 1444 2129 scriptor
1475 2064 1656 2114 veteris
1688 2080 1768 2114 ar-

93 2147 316 2208 gumenti
355 2147 408 2196 in
449 2147 586 2196 libris
633 2148 737 2198 suis
769 2148 1064 2208 invenisset,
1114 2161 1322 2210 quorum
1355 2145 1567 2194 alterum
1601 2148 1770 2211 aptum

93 2223 304 2274 dramati
335 2231 386 2275 et
417 2228 682 2292 genuinum
717 2245 829 2277 esse
858 2229 981 2277 dixit
1010 2224 1245 2291 (δικαίαν
1267 2223 1490 2298 ἐκτιθεὶς
1512 2220 1612 2290 τὴν
1638 2222 1769 2275 ὑπό-

91 2305 244 2355 θεσιν
262 2297 501 2373 Ῥήσου),
536 2308 743 2358 alterum
773 2309 918 2373 plane
939 2308 1225 2373 pedestrem
1250 2323 1412 2371 neque
1438 2308 1637 2370 dignum
1663 2305 1767 2355 Eu-

94 2386 258 2452 ripide
281 2393 333 2437 et
355 2405 390 2449 *a
414 2389 623 2439 scenicis
655 2388 918 2438 manifesto
944 2380 1281 2454 compositum¹
1309 2382 1485 2449 (πεζὸς
1511 2383 1656 2437 πάνυ
1680 2382 1772 2437 καὶ

97 2464 164 2515 οὐ
197 2464 410 2530 πρέπων
443 2467 734 2536 Εὐριπίδῃ·
770 2466 861 2520 καὶ
893 2467 1025 2534 τάχα
1057 2469 1126 2519 ἄν
1158 2483 1295 2528 τινες
1325 2468 1435 2519 τῶν
1466 2465 1772 2533 ὑποκριτῶν

97 2543 485 2608 διεσκευακότες
517 2543 622 2600 εἶεν
656 2548 861 2614 αὐτόν),
895 2551 1229 2600 recentiorum
1263 2550 1546 2598 criticorum
1581 2549 1664 2597 alii
1686 2563 1771 2597 ve-

99 2643 207 2691 rum
233 2644 347 2678 esse
371 2634 669 2679 censuerunt
696 2630 892 2678 initium
921 2630 1129 2694 prologi,
1154 2646 1302 2693 quem
1322 2629 1586 2692 genuinum
1612 2627 1772 2677 fuisse

96 2709 445 2770 grammaticus
479 2709 716 2771 affirmat,
748 2710 828 2758 alii
860 2710 1079 2774 spurium
1112 2715 1374 2772 utrumque
1402 2709 1579 2766 fuisse,
1613 2722 1775 2770 neque

98 2788 201 2838 ullo
232 2789 351 2838 huic
384 2789 583 2840 fabulae
623 2790 828 2855 prologo
874 2805 999 2854 opus
1051 2787 1209 2838 fuisse
1254 2788 1520 2839 ostendere
1565 2786 1771 2837 studue-

101 2873 228 2919 runt.
294 2869 485 2919 Horum
532 2869 582 2919 in
629 2886 833 2919 numero
879 2875 956 2919 est
1002 2867 1245 2932 VateruS‚
1294 2869 1407 2932 qui,
1452 2883 1604 2932 quum
1636 2866 1771 2917 leves

98 2950 367 3014 inanesque
400 2966 513 3000 esse
547 2966 763 3019 caussas,
800 2951 976 3015 quibus
1011 2949 1131 2998 moti
1163 2950 1356 3014 priores
1391 2948 1552 2998 critici
1576 2946 1775 3014 genuini

156 3119 199 3174 *)
226 3119 353 3162 Idem
380 3132 519 3174 nuper
544 3119 936 3162 Fcldmannus
966 3119 1012 3160 in
1043 3111 1378 3175 programmate
1408 3119 1627 3174 quodam,
1656 3116 1774 3172 quod

235 3189 349 3231 mihi
386 3188 531 3244 ipsum
571 3189 727 3232 videre
766 3203 852 3232 non
881 3188 1032 3242 licuit,
1075 3189 1200 3232 hisce
1236 3190 1388 3232 verbis
1428 3187 1606 3231 docuit:
1645 3186 1774 3239 „Non

238 3258 350 3301 illud
390 3260 592 3314 profecto
631 3259 730 3302 inde
768 3259 1078 3314 consequitur,
1130 3264 1306 3303 veteres
1353 3264 1456 3303 ante
1497 3257 1772 3312 Sophoclem

238 3328 435 3386 tragicos
461 3330 654 3387 trilogiis
682 3344 859 3386 semper
888 3331 1140 3386 argumenti
1167 3331 1385 3374 affinitate
1408 3319 1653 3372 coniunctis
1675 3339 1773 3368 cer-

239 3403 371 3453 tasse,
400 3401 494 3453 sed,
523 3402 640 3456 qnod
667 3402 768 3443 lucc
796 3401 983 3455 clarius,
1014 3401 1274 3458 teti-alogias
1301 3402 1564 3456 plerumque
1590 3396 1773 3439 minime

241 3469 351 3511 hnic
377 3470 471 3527 legi
500 3471 714 3514 obnoxias
742 3472 971 3522 docuisse,
1014 3471 1286 3526 Sophoclem
1326 3485 1435 3514 vero
1463 3469 1658 3525 primum
1684 3465 1774 3509 sin-

243 3541 374 3594 gulas
401 3540 445 3582 in
475 3546 700 3585 certamen
730 3556 915 3584 vocasse
946 3541 1243 3597 tragoedias.'⁷
