2176 3874
985 295 1108 352 429

207 453 320 498 tur:
365 443 572 495 retinuit
617 444 747 494 enim
790 441 1058 507 Euripides
1102 457 1421 507 quaecunque
1466 445 1603 492 recta
1642 446 1693 491 et
1737 439 1881 490 laude

208 528 357 594 digna
388 543 418 575 a
451 524 700 590 Sophocle
734 520 901 573 effict'a
935 527 1102 583 erant,
1150 524 1356 572 mutavit
1398 538 1523 587 quae
1570 523 1729 571 minus
1769 536 1885 587 pro-

207 608 480 657 babantur..
529 603 751 653 Primum
783 603 947 666 igitur,
982 618 1132 664 quum
1167 603 1432 666 Antigones
1468 603 1777 667 Sophocleae
1809 603 1886 652 in-

207 685 405 750 genium
440 702 469 734 a
500 684 626 733 virili
657 688 828 732 natura
872 697 1032 745 neque
1067 682 1213 731 dictis
1249 698 1410 746 neque
1440 683 1587 732 factis
1622 683 1888 747 quidquam

207 765 452 825 differret,
486 765 569 812 ille
605 774 862 829 personam
895 762 1091 826 virginis
1126 762 1200 810 sic
1234 762 1443 824 effinxit,
1477 770 1547 826 ut,
1583 779 1732 827 quum
1766 763 1888 813 nihil

208 861 372 909 neque
404 845 674 894 constantia
706 838 867 906 neque
898 840 1187 890 fortitudine
1214 841 1523 904 Sophocleae
1559 843 1780 903 cederet,
1814 850 1889 892 ta·-

207 941 324 974 men
355 925 485 974 intra
516 923 768 973 muliebris
801 926 1007 970 naturae
1034 921 1160 970 fines
1184 921 1494 971 consisteret.
1563 922 1723 982 Dolet,
1760 924 1890 988 quod

211 1005 409 1055 choreis
443 1005 670 1068 ludisque
701 1001 975 1066 aequalium
997 1038 1010 1062 ,
1048 1001 1223 1064 quibus
1258 1005 1402 1050 antea
1436 1003 1600 1067 gavisa
1634 1003 1727 1063 sit,
1761 1019 1890 1052 nunc

210 1086 306 1134 sibi
339 1085 405 1134 sit
437 1084 734 1143 carendum3
767 1087 1047 1146 respectum
1075 1082 1228 1131 habet
1261 1083 1432 1146 sponsi
1474 1087 1526 1130 et
1558 1083 1622 1130 ad
1655 1083 1891 1133 auxilium

210 1165 318 1215 eius
354 1163 598 1230 confugit3
631 1162 863 1228 precibus
883 1169 996 1211 ante
1016 1168 1276 1226 tyrannum
1304 1162 1497 1211 mollire
1523 1162 1709 1224 studet,
1743 1179 1890 1227 quam

209 1245 470 1310 imperium
504 1248 809 1302 contemnat3
858 1258 1021 1305 neque
1055 1249 1135 1291 est
1166 1249 1271 1292 tam
1305 1243 1557 1291 temerarii
1586 1243 1800 1307 ingenii,
1836 1249 1892 1292 ut

210 1325 423 1374 militnm
455 1314 602 1373 armis
637 1323 742 1372 sola
778 1323 966 1371 obviam
1006 1322 1082 1372 ire
1117 1322 1312 1372 audeat.
1382 1323 1648 1372 Haemonis
1695 1340 1892 1388 quoque

206 1421 376 1456 mores
410 1404 567 1454 multo
602 1404 915 1452 decentiores
950 1401 1011 1450 ab
1039 1403 1280 1468 Euripide
1314 1419 1457 1467 quam
1484 1403 1778 1468 aSophocle
1803 1421 1890 1454 ex-

208 1486 374 1551 pressi
406 1489 545 1534 sunt:
590 1499 687 1533 non
720 1483 852 1531 enim
886 1482 1108 1531 oratione
1139 1483 1302 1531 inutili
1346 1499 1555 1548 seroque
1586 1485 1892 1550 interposita,

210 1566 302 1615 sed
333 1581 391 1615 re
426 1564 667 1628 factisque
699 1563 872 1628 virgini
905 1562 1199 1628 opitulatur,
1241 1579 1404 1627 neque
1448 1564 1552 1612 sola
1584 1565 1767 1614 doloris
1800 1567 1892 1614 im-

211 1645 446 1711 patientia
478 1646 540 1694 ad
574 1650 784 1693 mortem
818 1644 1054 1707 adigitur,
1102 1643 1232 1707 quod
1266 1649 1412 1708 turpe
1448 1650 1550 1702 est,
1592 1645 1681 1694 sed
1715 1645 1892 1695 mortis

212 1741 268 1775 se
302 1725 494 1774 socium
527 1741 658 1783 esse,
695 1740 806 1773 cum
842 1720 1004 1772 socius
1038 1724 1188 1773 fuerit
1221 1724 1486 1783 facinoris,
1533 1741 1743 1790 aequum
1779 1742 1893 1775 esse

213 1810 403 1856 censet.
456 1805 620 1867 ,Quod
664 1804 707 1853 si
753 1804 1061 1869 Sophocleus
1108 1805 1332 1854 Haemon
1379 1804 1586 1853 fecisset
1631 1805 1713 1863 id,
1762 1806 1892 1870 quod

216 1885 481 1954 amantium
517 1890 612 1946 est,
646 1889 703 1934 ut
736 1883 991 1933 familiaris
1028 1891 1164 1954 ess-et
1198 1900 1412 1950 sponsae
1444 1888 1595 1949 atque
1625 1886 1893 1949 aegritudi-

211 1982 334 2021 nem
363 1967 472 2015 eius
505 1966 916 2014 animadverteret
950 1970 1078 2025 ante,
1115 1981 1257 2029 quam
1290 1965 1483 2014 facinus
1515 1966 1892 2014 audacissimum

213 2047 320 2116 sola
353 2039 599 2113 patraret,
647 2044 893 2093 calamitas
937 2045 1183 2109 potuisset
1217 2045 1470 2105 declinari3
1519 2045 1607 2093 sed
1639 2046 1895 2096 immolare

210 2126 439 2177 homines
462 2124 892 2185 innocentissimos
926 2129 1092 2189 poeta,
1121 2141 1265 2188 quam
1288 2132 1512 2174 naturam
1538 2126 1675 2188 sequi
1699 2125 1892 2187 ducem,

213 2206 401 2257 maluit.
467 2205 592 2255 Nam
616 2205 866 2270 Eurydice
889 2221 1086 2268 quoque
1110 2207 1264 2269 magis
1287 2204 1504 2254 lubidine
1524 2210 1721 2270 poetae,
1749 2222 1893 2269 quam

213 2288 312 2336 ulla
343 2287 641 2345 necessitate
674 2290 910 2347 cogente,
959 2285 1022 2333 de
1068 2286 1167 2333 vita
1210 2285 1421 2334 decedit.
1489 2285 1649 2334 Huius
1681 2301 1894 2350 persona

216 2360 303 2429 auj:
332 2367 481 2433 plane
511 2364 784 2414 omittenda
817 2370 901 2412 aut
934 2364 1119 2428 aliquid
1169 2366 1216 2413 ei
1259 2365 1476 2413 muneris
1512 2365 1660 2413 etiam
1705 2365 1758 2414 in
1792 2365 1893 2414 dis-

215 2435 469 2496 suadenda
521 2444 814 2493 crudelitate
861 2443 1174 2492 tribuendum
1236 2443 1345 2493 fuit.
1438 2444 1613 2507 Neque
1659 2446 1816 2493 minus
1864 2462 1893 2492 a

216 2526 382 2575 fabula
415 2527 591 2574 abesse
625 2523 846 2572 [smenae
877 2539 1091 2586 persona
1125 2524 1322 2574 debuit:
1379 2525 1518 2573 cuius
1565 2523 1732 2572 officia
1768 2525 1810 2572 si
1841 2524 1894 2573 in

219 2606 525 2655 Haemonem
559 2603 799 2652 translata
833 2608 1027 2659 essent,
1075 2603 1307 2651 effectum
1344 2609 1505 2664 esset,
1549 2609 1604 2652 ut
1635 2603 1892 2652 inutilibus

217 2686 442 2752 personis
478 2685 647 2733 drama
679 2684 837 2732 minus
871 2683 1158 2733 abundaret.
1227 2683 1327 2732 Pro
1362 2687 1475 2732 vate
1514 2684 1660 2732 deum
1693 2682 1893 2748 Euripi-

219 2768 309 2817 des
351 2766 452 2815 'non
498 2764 809 2813 incommode
853 2763 1102 2811 adhibuit:
1150 2778 1310 2826 neque
1354 2763 1482 2811 enim
1529 2764 1626 2812 hoc
1667 2763 1893 2812 adiutore

219 2849 282 2897 ad
317 2845 607 2895 solvendum
641 2843 839 2901 nodum,
873 2842 962 2890 sed
996 2846 1186 2890 tantum
1210 2843 1271 2891 ad
1296 2841 1551 2908 dirigenda
1574 2858 1647 2903 ea,
1683 2857 1808 2905 quae
1840 2841 1892 2890 in

216 2928 447 2977 fortunae
478 2924 683 2974 arbitrio
718 2923 878 2988 posita
911 2926 1053 2984 sunt,
1090 2937 1206 2970 usus
1242 2927 1334 2972 est.
1403 2922 1587 2973 Mentis
1621 2921 1893 2971 mutatione

220 3006 352 3056 facta
387 3006 548 3055 Creon
582 3004 714 3070 apud
747 3011 1009 3066 utrumque
1042 3009 1242 3066 poetam
1275 3003 1430 3051 filium
1465 3007 1673 3052 emorte
1699 3002 1892 3066 eripere

221 3086 418 3145 studet;
452 3085 549 3134 hoc
585 3085 850 3138 differunt,
897 3083 1027 3146 quod
1063 3082 1329 3132 Creontem
1363 3082 1615 3148 Euripidis
1650 3083 1719 3131 dii
1752 3082 1891 3132 adiu-

218 3170 350 3228 vant,
387 3165 648 3229 Sophoclis
682 3163 1017 3230 pessumdant.

353 3245 464 3295 Non
497 3245 758 3308 ignobilem
792 3245 918 3292 hanc
952 3242 1254 3307 tragoediam
1300 3242 1455 3292 fuisse
1490 3258 1550 3291 ex
1597 3243 1890 3308 scriptorum

221 3325 763 3374 commemorationibus
795 3324 1072 3386 intelligere
1102 3322 1234 3373 licet.
1302 3323 1402 3373 Sed
1426 3339 1574 3388 quum
1591 3337 1750 3385 neque
1777 3336 1890 3371 sen-

219 3404 487 3454 tentiarum
522 3405 763 3470 gravitate
795 3404 1107 3467 novitateque
1139 3403 1342 3469 insignis
1378 3408 1514 3453 esset
1547 3417 1706 3466 neque
1739 3400 1891 3450 infor-

220 3484 343 3535 tunii
375 3484 707 3548 magnitudine
740 3484 928 3534 animos
945 3483 1285 3534 vehementius
1310 3487 1547 3547 moveret,
1582 3481 1770 3532 factum
1795 3485 1889 3542 est,
