2176 3874
1027 336 1153 392 47⁰

375 483 476 535 οὐκ
509 484 578 533 ἄν
609 483 708 532 τιν’
741 482 909 544 ἄλλην
940 480 1092 547 τῆςδε
1127 479 1312 548 βελτίω
1345 481 1556 548 λάβοιμ’
1576 483 1650 549 *),

374 556 410 630 ’ᾗ
446 563 631 628 πρῶτα
665 559 762 627 μὲν
795 560 925 621 λεὼς
960 562 1060 614 οὐκ
1093 560 1317 623 ἐπακτὸς
1350 565 1600 626 ἄλλοθεν,

376 643 702 710 αὐτόχθονες
734 641 783 694 δ’
818 641 1050 709 ἔφυμεν·
1086 642 1145 694 αἱ
1177 643 1224 695 δ’
1260 646 1411 696 ἄλλαι
1445 646 1643 709 πόλεις,

376 726 585 776 πεσσῶν
617 723 813 791 ὁμοίως
848 723 1265 791 διαφορηθεῖσαι
1300 726 1500 791 βολαῖς,
1561 762 1565 767 -

376 807 529 857 ἄλλαι
561 806 686 870 παρ’
722 807 900 856 ἄλλων
934 805 1066 858 εἰσὶν
1099 806 1450 873 εἰςαγῶγιμοι.

378 884 515 947 ὅςτις
550 885 598 938 δ’
634 885 722 937 ἀπ’
758 889 919 953 ἄλλης
951 888 1139 948 πόλεος
1175 887 1354 953 οἰκίζει
1387 888 1559 949 πόλιν,

373 965 543 1032 ἁρμὸς
573 968 810 1034 πονηρὸς
844 965 1013 1034 ὥςπερ
1049 965 1107 1020 ἐν
1139 968 1277 1035 ξύλῳ
1311 970 1510 1035 παγείς,

368 1049 510 1116 λόγῳ
544 1047 761 1114 πολίτης
796 1047 928 1109 ἐστί,
965 1053 1076 1109 τοῖς
1111 1049 1159 1100 δ’
1193 1046 1430 1115 ἔργοισιν
1466 1052 1547 1102 οὔ.

376 1128 554 1180 ἔπειτα
587 1129 746 1181 τέκνα
780 1130 929 1180 τοῦδ’
964 1129 1110 1180 ἕκατι
1143 1128 1403 1195 τίκτομεν,

373 1209 446 1271 ὥς
482 1211 626 1261 θεῶν
660 1227 714 1262 τε
749 1203 968 1276 βωμοὺς
1000 1210 1229 1275 πατρίδα
1261 1228 1318 1261 τε
1351 1209 1608 1277 ῥυώμεθα
1631 1230 1644 1244 ·

373 1290 573 1351 πόλεως
609 1291 658 1342 δ’
693 1290 900 1358 ἁπάσης
934 1292 1150 1358 τοῦνομ’
1185 1287 1269 1353 ἕν,
1304 1291 1493 1343 πολλοὶ
1526 1293 1583 1345 δέ
1615 1312 1706 1348 νιν

365 1372 614 1424 ναίουσι·
649 1373 876 1433 τούτους
909 1374 1023 1433 πῶς
1057 1372 1370 1438 διαφθεῖραί
1403 1389 1466 1440 με
1499 1373 1617 1441 χρή,

368 1449 489 1515 ἐξὸν
522 1451 627 1518 πρὸ
661 1453 880 1505 πάντων
913 1454 1043 1517 μίαν
1076 1453 1406 1519 ὑπερδοῦναι
1439 1457 1658 1516 θανεῖνς

366 1533 513 1599 ε’ίπερ
546 1534 649 1601 γὰρ
683 1534 921 1600 άριθμὸν
955 1531 1079 1587 οἶδα
1111 1534 1202 1587 καὶ
1236 1534 1598 1597 τούλάσσονος

364 1612 425 1667 τὸ
459 1617 666 1681 μεῖζον,
703 1615 869 1683 οὑμὸς
903 1611 1051 1678 οἶκος
1087 1617 1154 1669 οὐ
1186 1619 1372 1669 πλεῖον
1405 1615 1585 1668 σθένει

360 1696 582 1757 πταίσας
616 1696 822 1765 ἁπάσης
855 1698 1071 1760 πόλεος,
1109 1698 1226 1750 οὐδ’
1261 1697 1384 1749 ἰ’σον
1418 1696 1584 1763 φέρει.

372 1776 419 1828 εί
452 1777 498 1828 δ’
533 1771 603 1844 ἧν
637 1775 696 1830 ἐν
731 1780 900 1840 οἴκοις
933 1779 1051 1831 άντὶ
1083 1775 1298 1847 θηλέων
1334 1779 1529 1846 στάχυς

362 1859 563 1926 ἄρσην,
597 1859 754 1912 πόλιν
789 1858 846 1912 δὲ
879 1860 1103 1926 πολεμία
1141 1865 1342 1928 κατεῖχε
1377 1860 1527 1927 φλόξ,

365 1939 467 1991 οὐκ
501 1942 570 1992 ἄν
603 1959 694 1992 νιν
729 1939 1019 2008 ἐξέπεμπον
1054 1942 1127 2002 εἰς
1160 1943 1334 2009 μάχην
1369 1942 1549 2005 δορός,

362 2021 607 2072 θάνατον
640 2023 1036 2088 προταρβοῦσ’;
1074 2023 1184 2073 ἀλλ’
1220 2020 1386 2088 ἔμοιγ’
1423 2022 1503 2087 εἴη
1538 2020 1711 2088 τέκνα,

360 2100 397 2151 ἃ
430 2100 520 2152 καὶ
554 2103 774 2168 μάχοιτο
802 2101 892 2155 καὶ
925 2104 1034 2168 μετ’
1070 2102 1332 2167 ἀνδράσιν
1365 2100 1575 2165 πρέποι,

360 2178 433 2247 μὴ
469 2182 685 2248 σχήματ’
723 2185 895 2243 ἄλλως
930 2180 988 2234 ἐν
1021 2183 1170 2235 πόλει
1203 2183 1497 2248 πεφυκότα.

359 2259 426 2312 τὰ
460 2262 703 2329 μητέρων
737 2261 795 2314 δὲ
831 2263 1054 2328 δάκρυ’,
1091 2263 1221 2315 ὅταν
1253 2261 1432 2330 πέμπῃ
1464 2262 1641 2328 τέκνα,

359 2336 594 2403 πολλοὺς
625 2340 842 2410 ἐθήλυν’
878 2344 951 2405 εἰς
984 2344 1158 2411 μάχην
1192 2342 1561 2408 ὁρμωμένους.

361 2424 499 2487 μισῶ
534 2427 812 2489 γυναῖκας,
849 2424 1043 2486 αἵτινες
1076 2424 1182 2489 πρὸ
1215 2429 1316 2476 τοῦ
1350 2426 1524 2476 καλοῦ

361 2504 459 2571 ζῆν
491 2504 685 2565 παῖδας
719 2497 867 2557 εἷλον
899 2504 990 2557 καὶ
1022 2507 1334 2573 παρῄνεσαν
1367 2504 1520 2557 κακά.

361 2582 452 2634 καὶ
485 2583 594 2651 μὴν
626 2586 890 2647 θανόντες
921 2585 972 2652 γ’
1007 2584 1065 2637 ἓν
1095 2586 1233 2654 μάχῃ
1267 2588 1482 2638 πολλῶν
1514 2585 1643 2653 μέτα

357 2664 567 2731 τύμβον
600 2683 654 2717 τε
687 2666 875 2719 κοινὸν
909 2666 1098 2734 ἔλαχον
1131 2667 1372 2718 εὔκλειάν
1403 2667 1450 2718 τ’
1484 2666 1636 2735 ἴσην·

356 2751 422 2811 τῇ
451 2743 543 2814 ’μῇ
580 2745 638 2798 δὲ
670 2746 824 2800 παιδὶ
856 2747 1120 2814 στέφανος
1154 2741 1226 2809 εἷς
1260 2751 1356 2815 μιᾷ
1391 2747 1530 2816 μόνῃ

353 2826 555 2888 πόλεως
588 2829 838 2896 θανούσῃ
871 2828 1015 2897 τῆςδ’
1050 2826 1183 2892 ὕπερ
1221 2827 1527 2897 δοθήσεται,

355 2905 447 2958 καὶ
478 2906 577 2975 τὴν
608 2914 874 2962 τεκοῦσαν
905 2908 995 2963 καὶ
1029 2906 1085 2960 σὲ
1120 2909 1221 2961 δύο
1253 2912 1311 2961 θ’
1347 2908 1636 2975 ὁμοσπόρω

356 2987 539 3039 σώσει·
575 2988 626 3040 τί
657 2990 867 3042 τούτων
903 2990 1020 3057 οὐχὶ
1055 2989 1308 3053 δέξασθαι
1340 2990 1534 3049 καλόν,-

356 3066 465 3136 τὴν
491 3069 592 3121 οὐκ
625 3067 787 3138 ἐμήν,
821 3072 962 3139 πλὴν
995 3071 1028 3138 ἢ
1065 3072 1254 3138 φύσει,
1290 3071 1444 3123 δώσω
1477 3070 1647 3136 κόρην
1667 3071 1751 3138 **)

354 3152 525 3201 θῦσαι
555 3149 662 3216 πρὸ
696 3150 881 3216 γαίας·
919 3151 964 3203 εἰ
996 3151 1100 3218 γὰρ
1137 3152 1475 3220 αἷρεθήσεται

354 3231 534 3294 πόλις,
567 3231 618 3283 τί
650 3232 862 3285 παίδων
893 3234 1002 3284 τῶν
1036 3231 1180 3298 ἐμῶν
1214 3232 1416 3299 μέτεστί
1447 3249 1568 3297 μοις

353 3314 559 3365 οὔκουν
592 3310 803 3365 ἅπαντα
835 3313 968 3366 τούν
1001 3312 1121 3379 ἐμοὶ
1155 3314 1472 3381 σωθήσεται,

277 3455 328 3510 *)
358 3456 506 3512 Vulgo
534 3458 704 3515 λαβεῖν.

246 3525 325 3580 ²²⁹⁵)
354 3526 501 3583 Vulgo
531 3525 619 3583 τὴν
647 3523 731 3572 οὔκ
762 3525 878 3584 ἐμήν
907 3542 958 3583 γε
986 3524 1109 3583 πλὴν
1137 3525 1289 3582 φύσει.
