2176 3874
987 244 1111 306 359

342 396 585 460 σμικραῖς
616 389 987 459 ἐπιτρέπουσιν
1018 386 1217 454 αὖτοὺς
1249 389 1452 446 ἐλπίσιν
1463 393 1513 462 *)

341 554 599 621 μακάριος
632 553 770 617 ὅςτις
802 554 1040 621 εὐτυχῶν
1074 553 1214 606 οἴκοι
1247 553 1414 619 μένει·

338 634 400 688 ἐν
431 643 502 704 γῇ
539 637 586 688 δ’
622 636 654 689 ὁ
687 636 912 703 φόρτος,
947 631 1037 686 καὶ
1070 635 1231 686 πάλιν
1262 636 1592 687 ναυτίλλεται
1609 634 1708 702 **).

208 717 401 767 Deinde
447 720 611 768 subito
645 725 781 768 tanta
816 718 1043 766 alacritas
1090 723 1142 766 et
1175 719 1425 781 pugnandi
1461 719 1703 784 cupiditas
1737 720 1891 768 menti

206 798 317 846 eius
349 799 643 860 innascitur,
679 804 736 848 ut
769 814 934 847 arcum
969 802 1162 863 poscat,
1217 805 1510 863 experturus
1545 800 1675 849 vires
1709 805 1761 850 et
1792 801 1892 850 tela

204 878 448 944 dirigendi
482 879 795 929 facultatem:

339 986 402 996 —
535 987 602 998 --
731 957 777 1009 εἰ
809 956 995 1023 πέμπω
1027 956 1188 1008 πάλιν
1219 957 1547 1024 φιλόσκοπος
1560 958 1695 1026 ”*).

205 1036 433 1101 Chorus,
482 1055 770 1089 conversam
804 1039 948 1088 simul
1001 1040 1328 1090 conditionem
1378 1046 1429 1090 et
1463 1047 1682 1091 mentem
1720 1040 1890 1090 Philo-

202 1124 368 1169 ctetae
416 1119 589 1169 videns
631 1121 858 1170 abeuntis
907 1136 998 1181 eo,
1059 1122 1141 1170 ubi
1191 1122 1493 1170 sanationem
1541 1122 1759 1170 vulneris
1806 1137 1890 1170 na·

203 1203 373 1249 cturus
407 1205 511 1260 est,
548 1199 725 1250 felices
760 1201 1015 1266 praedicat
1050 1201 1330 1265 quicunque
1367 1201 1459 1249 diis
1494 1203 1772 1251 confidant:

331 1282 455 1344 φεῦ,
490 1279 683 1347 μήποτ’
720 1279 835 1348 εἴην
867 1282 996 1332 ἄλλο
1028 1279 1168 1347 πλὴν
1201 1284 1350 1342 θεοῖς
1383 1281 1557 1346 φίλος,

329 1359 401 1420 ὡς
431 1359 587 1412 πάντ’
624 1357 805 1428 ἔχουσι
823 1402 838 1425 ,
872 1361 976 1414 κᾶν
1005 1362 1349 1429 βραδύνωσιν
1381 1363 1556 1430 χρόνῳ
1569 1362 1648 1427 †).

199 1441 315 1506 lpse
348 1447 514 1492 autem
548 1443 881 1506 PhilocteteS,
917 1445 1034 1494 dum
1068 1447 1132 1495 ad
1166 1462 1338 1496 navem
1373 1447 1660 1506 abducitur,
1703 1445 1892 1494 haecce

200 1520 353 1570 dicit:

330 1602 583 1668 „Agite
630 1621 734 1667 ac,
777 1608 1027 1655 vulnus
1073 1622 1153 1655 ne
1193 1611 1554 1656 succusset
1599 1621 1888 1671 gres-sua,

1042 1691 1245 1736 caute
1279 1684 1776 1750 ingredimini.’'

198 1762 453 1828 EuripidIs
486 1763 636 1812 verba
670 1765 717 1812 in
752 1764 832 1813 his
859 1764 1064 1814 Luciani
1099 1781 1371 1830 agnoscere
1403 1765 1527 1814 mihi
1560 1766 1758 1815 videor:

330 1840 479 1907 ἴχνος
509 1859 565 1893 τε
598 1843 757 1908 βαιὸν
790 1842 861 1904 ὡς
895 1843 1156 1912 ἐπιστήσω
1188 1844 1331 1911 πέδῳ

324 2001 487 2054 λείπω
522 2003 581 2055 δὲ
615 2004 902 2070 μελάθρων
933 2005 1082 2072 τήνδ’
1117 2004 1419 2071 ὑπώροφον
1452 2004 1659 2071 στέγην,

326 2074 394 2135 οὗ
428 2083 652 2136 δέκατον
686 2086 790 2152 ἤδη
823 2090 985 2138 τοῦτο
1117 2115 1184 2123 —
1317 2116 1384 2124 -

325 2165 506 2227 εὐναῖς
539 2164 598 2218 ἐν
632 2166 947 2233 ἀστρώτοισι
979 2167 1219 2234 τείρομαι
1253 2165 1431 2231 δέμας.

324 2247 516 2297 Ser-iem
546 2256 598 2298 et
623 2267 940 2314 progressum
956 2267 1122 2300 rerum
1147 2267 1262 2299 eum
1287 2248 1673 2314 designavimus,
1692 2248 1887 2311 qualem

194 2333 249 2376 et
280 2327 559 2393 fragmenta
586 2335 637 2378 et
664 2329 832 2379 Dionis
853 2331 1037 2379 indicia
1073 2334 1125 2378 et
1160 2331 1327 2395 operis
1361 2330 1490 2377 ratio
1517 2327 1784 2377 ostendere
1818 2329 1886 2376 vi-

193 2407 452 2457 debantur.
522 2409 718 2458 Primus
753 2415 892 2458 actor
926 2410 1263 2468 Philoctetae,
1299 2409 1426 2458 alter
1450 2409 1678 2472 Ulyssis‚
1715 2409 1889 2457 tertius

194 2490 397 2536 mutatis
433 2489 656 2537 vestibus
692 2489 914 2550 Paridis,
949 2491 1151 2539 Actoris
1187 2496 1238 2538 et
1272 2489 1523 2538 Diomedis
1573 2492 1742 2552 partes
1776 2504 1886 2535 sus—

193 2568 399 2617 tinebat.
486 2568 596 2617 Non
641 2570 961 2634 desperasset
991 2571 1285 2619 Welckerus
1321 2570 1386 2618 de
1419 2569 1704 2618 oeconomia
1739 2569 1887 2616 huius

194 2647 431 2696 dramatis
477 2650 799 2714 reperienda,
854 2651 979 2712 nisi,
1025 2651 1295 2700 Hermanni
1345 2651 1525 2698 ductus
1573 2649 1886 2701 auctoritates

192 2728 519 2779 imitationem
555 2730 681 2778 Attii
729 2730 1061 2794 neglexisset,
1110 2746 1255 2795 quam
1305 2731 1370 2778 de
1417 2729 1671 2793 Euripidis
1718 2728 1887 2778 fabula

194 2825 482 2873 expressam
534 2811 693 2860 fuisse
745 2811 1061 2876 apertissime
1109 2812 1291 2860 docent
1332 2811 1444 2871 illa,
1491 2826 1618 2873 quae
1653 2809 1823 2857 Paridi
1858 2825 1885 2857 a

191 2889 473 2939 Philocteta
507 2891 640 2940 dicta
676 2907 790 2940 esse
822 2898 1031 2941 testatur
1065 2891 1424 2954 Quinctilianus
1459 2889 1548 2951 (V,
1585 2892 1666 2950 10,
1699 2891 1819 2950 84)=

259 3101 309 3155 *)
337 3100 521 3158 Fragm.
552 3102 637 3144 inc.
666 3101 765 3147 175.
798 3107 842 3146 et
870 3101 967 3145 176.
1006 3103 1168 3146 Matth.
1200 3118 1244 3158 p.
1275 3100 1362 3145 409
1389 3115 1483 3158 seq.
1549 3102 1635 3145 Dio
1666 3107 1779 3147 orat.
1809 3100 1881 3145 64.

368 3202 378 3212 .
410 3171 508 3214 594.
541 3174 590 3215 C.

232 3242 309 3296 ⁹⁶⁹⁶)
334 3187 411 3284 ¹2:1².
443 3244 602 3285 Horat.
634 3243 717 3286 Od.
748 3242 966 3297 1‚1,17:
1001 3258 1136 3297 „mox
1163 3244 1310 3287 reficit
1339 3249 1459 3287 rates
1489 3245 1701 3299 quassas''
1729 3248 1812 3287 etc.

202 3312 309 3365 ***)
340 3311 535 3355 Himerii
564 3319 674 3357 orat
707 3315 820 3366 XIV,
851 3313 892 3354 1.
936 3313 1003 3355 Cf.
1036 3315 1207 3357 Welck.
1240 3331 1283 3371 Ρ.
1313 3314 1399 3357 520
1428 3330 1521 3370 seq.

250 3382 305 3437 †)
336 3382 618 3427 Schneidew.
657 3385 854 3428 Coniect.
900 3384 1014 3426 critt.
1058 3399 1101 3439 p.
1141 3382 1214 3428 47.
1255 3390 1300 3430 et
1327 3385 1398 3430 55
1465 3385 1618 3443 Ulyssi
1659 3386 1775 3466 haec
1800 3384 1880 3428 tri-

335 3453 513 3497 buenda
541 3469 640 3498 esse
671 3460 820 3499 censet
850 3456 1022 3500 Welck.
1055 3471 1099 3511 Ρ.
1128 3455 1255 3500 1586.
1332 3486 1334 3488 -
