2144 3854
1110 246 1228 303 114

325 393 534 446 παίδων
578 389 776 458 ἔγκυον
833 387 1089 456 ἐποίησεν.
1176 384 1250 441 Ἡ
1292 389 1351 441 δὲ
1393 388 1482 442 διὰ
1527 389 1627 458 τὴν
1669 395 1768 444 τοῦ
1809 393 2007 459 πατρὸς

327 471 651 539 προςδοκίαν
699 463 827 532 τοὺς
869 470 1221 537 γεννηθέντας
1268 470 1341 531 εἰς
1399 470 1689 536 βούστασιν
1738 470 1899 524 ἔδωκε
1939 479 2007 540 τῇ

325 557 510 619 τροφῷ
568 554 746 603 θεῖναι
797 549 931 603 κατὰ
985 550 1084 619 τὴν
1142 550 1359 618 ἐντολὴν
1403 557 1503 604 τοῦ
1551 552 2007 617 κατασπείραντος.

332 628 467 684 Ὑπὸ
504 630 562 684 δὲ
595 629 694 700 τὴν
726 631 969 684 κάθοδον
1002 636 1100 684 τοῦ
1135 633 1403 684 δυνάστου
1436 632 1501 684 τὰ
1535 631 1704 700 βρέφη
1736 631 1872 694 τινὲς
1899 634 2009 684 τῶν

325 713 635 778 βουκόλων,
685 713 1055 779 φυλαττόμενα
1098 712 1195 779 μὲν
1238 713 1343 764 ὑπὸ
1387 718 1486 766 τοῦ
1535 714 1739 781 ταύρου
1783 714 2007 780 θηλαζό-

323 812 456 858 μενα
490 792 547 845 δὲ
579 791 686 845 ὑπὸ
719 799 839 860 μιᾶς
872 795 980 845 τῶν
1014 795 1162 860 βοῶν
1196 794 1411 855 ἰδόντες,
1448 795 1518 855 ὡς
1546 795 1778 862 βουγενῆ
1817 793 2008 861 τέρατα

323 881 396 941 τῷ
430 875 636 941 βασιλεῖ
665 875 1041 941 προςήνεγκον.
1116 868 1184 926 ‘O
1217 874 1302 935 δέ,
1353 882 1418 942 τῇ
1463 880 1562 927 τοῦ
1595 875 1794 941 πατρὸς
1822 870 2006 940 ’Ἐλλη-

322 973 419 1016 νος
452 956 634 1023 γνώμῃ
669 956 926 1015 πεισθείς,
962 955 1293 1007 ὁλοκαυτοῦν
1325 955 1388 1007 τὰ
1424 956 1596 1023 βρέφη
1630 956 1840 1021 κρίνας,
1893 958 2006 1008 Με-

321 1036 552 1103 λανίππῃ
586 1041 651 1102 τῇ
690 1033 920 1101 θυγατρὶ
953 1035 1262 1100 προςέταξεν
1322 1028 1589 1102 ἐνταφίοις
1623 1035 1756 1089 αὐτὰ
1810 1039 2006 1104 κοσμῆ-

322 1128 423 1169 σαι.
482 1110 559 1167 Ἡ
599 1114 656 1168 δὲ
705 1115 795 1168 καὶ
840 1115 937 1167 τὸν
969 1118 1171 1182 κόσμον
1206 1118 1386 1178 αὐτοῖς
1420 1117 1640 1185 ἐπέθηκε
1674 1117 1763 1170 καὶ
1793 1117 1890 1170 τὸν
1919 1116 2006 1168 ‚16⁸-

319 1216 420 1264 γον
463 1196 536 1257 εἰς
586 1197 902 1263 παραίτησιν
949 1192 1159 1265 ἐξέθηκε
1192 1200 1487 1264 φιλότιμον.
1555 1201 1784 1250 Latinum
1815 1200 2008 1249 fecerat

320 1280 453 1329 idem
480 1279 864 1339 dramaEnnius‚
889 1279 1151 1338 liberioris,
1178 1287 1318 1346 puto,
1341 1281 1685 1346 philosophiae
1704 1279 2005 1346 praeceptis,

322 1361 498 1424 quibus
533 1365 638 1408 erat
669 1360 873 1423 insigne,
907 1361 1148 1410 invitatus,

452 1439 762 1487 Prooemium
796 1455 823 1486 a
856 1438 1139 1505 Menalippa
1170 1442 1277 1504 ipsa
1331 1440 1516 1489 dictum
1559 1455 1673 1489 esse
1730 1438 2005 1506 Gregorius

320 1524 559 1576 testatur,
605 1518 834 1580 idemque
874 1518 1067 1567 initium
1112 1520 1476 1583 transscripsit:
1520 1516 1578 1569 ἐν
1623 1517 1682 1571 δὲ
1727 1524 1793 1586 τῇ
1827 1519 2004 1570 Μελα-

321 1597 487 1665 νίππῃ
518 1594 815 1662 παρειςοὶγει
848 1596 1046 1663 ταύτην
1078 1595 1583 1664 προοιμιαζομένην·

458 1676 606 1738 Ζεύς,
644 1674 716 1736 ὡς
749 1674 979 1728 λέλεκται.
1013 1681 1106 1747 τῆς
1140 1678 1390 1745 ἀληθείας
1422 1677 1544 1740 ὕπο,

450 1753 660 1822 ’Έλλην’
696 1755 872 1808 ἔτικτε.

322 1840 489 1907 δεουε.
513 1839 751 1902 scriptum
786 1839 959 1898 fuisse,
995 1856 1105 1888 cum
1140 1839 1304 1889 sabula
1335 1841 1544 1906 primum
1581 1840 1871 1900 doceretur,
1903 1835 2006 1888 Lu?-

323 1921 486 1970 cianus
521 1919 571 1967 in
603 1917 720 1966 Iove
754 1924 878 1984 trag.
915 1936 956 1967 c.
991 1922 1105 1981 41.‚
1150 1919 1443 1969 Plutarchus
1488 1920 1550 1972 T.
1600 1919 1659 1967 ΙΙ.
1709 1936 1758 1985 p.
1801 1920 1912 1968 756.
1948 1918 2003 1967 Β.

323 1993 410 2060 C..
463 1998 706 2062 Athenag.
741 2016 789 2063 p.
822 2001 935 2058 23„
980 1998 1149 2048 lustin.
1195 1998 1269 2047 M.
1303 2017 1352 2065 p.
1387 2002 1467 2049 41.
1502 2000 1562 2049 Ε.
1597 2003 1855 2048 testantur.
1922 1997 2006 2047 Sic

323 2080 452 2129 enim
487 2094 542 2127 se
574 2078 721 2127 verba
754 2079 983 2142 primitus
1018 2070 1278 2128 habuisse:

458 2156 609 2219 Ζεύς,
644 2155 780 2218 ὄςτις
812 2155 842 2208 ὁ
875 2157 1035 2217 Ζεύς·
1072 2157 1139 2208 οὐ
1172 2155 1275 2223 γὰρ
1310 2152 1451 2217 οἶδα,
1485 2155 1623 2225 πλὴν
1654 2156 1794 2224 λόγῳ

451 2237 630 2289 κλύων
661 2267 728 2275 -

324 2319 441 2381 sed,
485 2319 784 2368 reclamante
837 2319 1061 2379 theatro,
1110 2318 1423 2384 postmodum
1470 2319 1529 2366 ab
1569 2322 1772 2367 auctore
1818 2323 2004 2368 mutata

323 2415 438 2449 esse
471 2395 568 2463 (ὥς
600 2394 931 2462 ἐθορυβήθη,
965 2397 1149 2462 ἤλλαξε
1182 2397 1275 2448 τὸν
1308 2395 1516 2462 στίχον,
1567 2396 1639 2457 ὡς
1670 2401 1775 2449 νῦν
1816 2395 2003 2464 γέγρα-

321 2478 486 2542 πται).
553 2477 879 2542 opinionibus
923 2477 1199 2542 fabulisque
1231 2479 1320 2528 niti
1353 2495 1670 2542 quaecunque
1705 2479 1768 2527 de
1801 2479 2005 2528 deorum

322 2564 491 2608 natura
524 2558 807 2615 tradantur,
841 2572 938 2606 non
974 2557 1130 2606 solum
1164 2559 1261 2607 hoc
1296 2559 1532 2623 prooemii
1566 2559 1706 2608 initio
1739 2558 2004 2623 Euripides

324 2636 595 2700 significat,
629 2637 720 2686 sed
754 2638 900 2686 etiam
934 2638 1231 2701 gravissimis
1265 2638 1564 2702 argumentis
1599 2643 1651 2687 et
1684 2637 2003 2688 subtilissima

324 2716 656 2781 disputatione
711 2715 1030 2782 Menalippae
1083 2717 1363 2766 confirmari
1421 2717 1588 2768 voluit.
1674 2716 1824 2765 Idem'
1865 2717 2003 2780 quasi

323 2811 498 2845 secure
531 2795 797 2845 referendo
829 2797 957 2845 Iovis
993 2801 1223 2861 nepotem
1256 2812 1368 2844 esse
1400 2796 1622 2858 Aeolum,
1677 2811 1706 2844 a
1739 2811 1835 2860 quo
1869 2812 2003 2846 com-

322 2891 546 2941 pressam
582 2874 767 2924 Thetin
802 2877 905 2924 sive
937 2876 1219 2942 Hipponem
1254 2891 1366 2924 esse
1399 2880 1452 2924 et
1474 2882 1621 2939 partu
1644 2874 1861 2925 edidisse
1890 2875 2003 2926 Me-

323 2954 600 3018 nalippum,
648 2954 776 3004 hanc
823 2956 1031 3020 denique
1065 2972 1093 3004 a
1123 2954 1351 3021 Neptuno
1386 2959 1655 3019 stupratam
1690 2954 1754 3005 de
1785 2957 2003 3021 gemino-

323 3049 434 3082 rum
466 3033 732 3082 liberorum
769 3040 912 3097 partu
943 3036 1040 3084 iam
1074 3036 1334 3084 sollicitam
1369 3050 1510 3095 esse,
1556 3034 1681 3084 haec
1713 3040 1860 3101 atque
1891 3035 2002 3096 alia,

324 3112 501 3176 quibus
519 3112 723 3162 deorum
745 3129 951 3179 corpora
974 3121 1236 3179 certaeque
1259 3114 1451 3162 formae
1463 3130 1575 3163 esse
1595 3121 1855 3180 ponuntur,
1883 3115 2003 3164 sim-

323 3191 523 3258 pliciter
555 3192 779 3242 docendo
811 3208 909 3244 non
945 3210 1112 3244 secum
1132 3197 1246 3261 ipse,
1266 3209 1497 3259 pugnare,
1532 3195 1622 3244 sed
1666 3194 1834 3254 dedita
1853 3210 2003 3259 opera

325 3271 732 3337 philosophorum
767 3275 1033 3324 sententias
1064 3275 1294 3341 vulgique
1326 3274 1599 3339 opiniones,
1631 3274 1762 3324 inter
1794 3289 1851 3324 se
1884 3289 2002 3323 con-

326 3352 516 3413 trarias,
552 3353 836 3402 consociare
869 3353 1081 3404 videtur.
1148 3353 1290 3404 Talia
1322 3356 1453 3404 euim
1485 3355 1741 3420 prooemio
1778 3353 2003 3421 exposita

327 3430 482 3480 fuisse
512 3435 564 3480 et
594 3431 871 3498 fragmenta
905 3439 957 3482 et
990 3433 1175 3499 Hygini
1205 3434 1420 3484 narratio
1442 3434 1671 3497 ostendit,
1725 3449 1850 3499 quae
1879 3433 2003 3484 haec
