<?xml version="1.0" encoding="UTF-8"?>
<!DOCTYPE html PUBLIC "-//W3C//DTD XHTML 1.0 Transitional//EN"
    "http://www.w3.org/TR/xhtml1/DTD/xhtml1-transitional.dtd">
<html xmlns="http://www.w3.org/1999/xhtml" xml:lang="en" lang="en">
 <head>
  <title>
</title>
<meta http-equiv="Content-Type" content="text/html;charset=utf-8" />
  <meta name='ocr-system' content='tesseract 3.04.00' />
  <meta name='ocr-capabilities' content='ocr_page ocr_carea ocr_par ocr_line ocrx_word'/>
</head>
<body>
  <div class='ocr_page' id='page_1' title='image "./euripidesrestitu01hartuoft_0083.png"; bbox 0 0 2144 3854; ppageno 0'>
   <div class='ocr_carea' id='block_1_1' title="bbox 906 306 987 365">
    <p class='ocr_par' dir='ltr' id='par_1_1' title="bbox 906 306 987 365">
     <span class='ocr_line' id='line_1_1' title="bbox 906 306 987 365; baseline -0.012 0"><span class='ocrx_word' id='word_1_1' title='bbox 906 306 987 365; x_wconf 80' lang='lat'><strong>65</strong></span> 
     </span>
    </p>
   </div>
   <div class='ocr_carea' id='block_1_2' title="bbox 103 453 1791 2924">
    <p class='ocr_par' dir='ltr' id='par_1_2' title="bbox 109 453 1790 1146">
     <span class='ocr_line' id='line_1_2' title="bbox 113 453 1788 525; baseline -0.002 -15"><span class='ocrx_word' id='word_1_2' title='bbox 113 459 260 510; x_wconf 83' lang='lat' dir='ltr'><strong>terim</strong></span> <span class='ocrx_word' id='word_1_3' title='bbox 291 473 470 525; x_wconf 86' lang='lat' dir='ltr'><strong>corpus</strong></span> <span class='ocrx_word' id='word_1_4' title='bbox 505 456 660 507; x_wconf 88' lang='lat' dir='ltr'><strong>senile</strong></span> <span class='ocrx_word' id='word_1_5' title='bbox 692 454 849 521; x_wconf 80' lang='lat' dir='ltr'><strong>quieti</strong></span> <span class='ocrx_word' id='word_1_6' title='bbox 881 453 1105 512; x_wconf 87' lang='lat' dir='ltr'><strong>dederat,</strong></span> <span class='ocrx_word' id='word_1_7' title='bbox 1139 453 1202 504; x_wconf 88' lang='lat' dir='ltr'><strong>ad</strong></span> <span class='ocrx_word' id='word_1_8' title='bbox 1236 453 1547 521; x_wconf 84' lang='lat' dir='ltr'><strong>exsequenda</strong></span> <span class='ocrx_word' id='word_1_9' title='bbox 1576 453 1788 507; x_wconf 81' lang='lat' dir='ltr'><strong>Medeae</strong></span> 
     </span>
     <span class='ocr_line' id='line_1_3' title="bbox 115 523 1788 598; baseline -0.002 -8"><span class='ocrx_word' id='word_1_10' title='bbox 115 540 343 590; x_wconf 83' lang='lat' dir='ltr'><strong>mandata</strong></span> <span class='ocrx_word' id='word_1_11' title='bbox 375 539 427 588; x_wconf 90' lang='lat' dir='ltr'><strong>in</strong></span> <span class='ocrx_word' id='word_1_12' title='bbox 459 553 655 587; x_wconf 78' lang='lat' dir='ltr'><strong>scenam</strong></span> <span class='ocrx_word' id='word_1_13' title='bbox 687 523 868 585; x_wconf 75' lang='lat' dir='ltr'><strong>redire.</strong></span> <span class='ocrx_word' id='word_1_14' title='bbox 936 534 1155 592; x_wconf 82' lang='lat' dir='ltr'><strong>Eorum,</strong></span> <span class='ocrx_word' id='word_1_15' title='bbox 1190 549 1317 598; x_wconf 83' lang='lat' dir='ltr'><strong>quae</strong></span> <span class='ocrx_word' id='word_1_16' title='bbox 1352 552 1462 584; x_wconf 90' lang='lat' dir='ltr'><strong>cum</strong></span> <span class='ocrx_word' id='word_1_17' title='bbox 1495 536 1572 585; x_wconf 82' lang='lat' dir='ltr'><strong>his</strong></span> <span class='ocrx_word' id='word_1_18' title='bbox 1606 535 1788 587; x_wconf 80' lang='lat' dir='ltr'><strong>Medea</strong></span> 
     </span>
     <span class='ocr_line' id='line_1_4' title="bbox 115 613 1790 683; baseline -0.001 -15"><span class='ocrx_word' id='word_1_19' title='bbox 115 618 359 669; x_wconf 82' lang='lat' dir='ltr'><strong>collocuta</strong></span> <span class='ocrx_word' id='word_1_20' title='bbox 391 622 486 678; x_wconf 80' lang='lat' dir='ltr'><strong>est,</strong></span> <span class='ocrx_word' id='word_1_21' title='bbox 519 621 707 683; x_wconf 84' lang='lat' dir='ltr'><strong>partem</strong></span> <span class='ocrx_word' id='word_1_22' title='bbox 741 614 959 681; x_wconf 83' lang='lat' dir='ltr'><strong>priorem</strong></span> <span class='ocrx_word' id='word_1_23' title='bbox 994 630 1055 663; x_wconf 88' lang='lat' dir='ltr'><strong>ex</strong></span> <span class='ocrx_word' id='word_1_24' title='bbox 1087 613 1236 662; x_wconf 85' lang='lat' dir='ltr'><strong>Mose</strong></span> <span class='ocrx_word' id='word_1_25' title='bbox 1272 617 1630 679; x_wconf 65' lang='lat' dir='ltr'><strong>cognoscimm,</strong></span> <span class='ocrx_word' id='word_1_26' title='bbox 1663 617 1790 667; x_wconf 86' lang='lat' dir='ltr'><strong>haec</strong></span> 
     </span>
     <span class='ocr_line' id='line_1_5' title="bbox 114 693 1789 760; baseline -0.001 -12"><span class='ocrx_word' id='word_1_27' title='bbox 114 699 388 748; x_wconf 71' lang='lat' dir='ltr'><strong>referentez</strong></span> <span class='ocrx_word' id='word_1_28' title='bbox 422 697 643 759; x_wconf 84' lang='lat' dir='ltr'><strong>„Idcirco</strong></span> <span class='ocrx_word' id='word_1_29' title='bbox 677 695 806 760; x_wconf 91' lang='lat' dir='ltr'><strong>apud</strong></span> <span class='ocrx_word' id='word_1_30' title='bbox 841 694 1063 744; x_wconf 87' lang='lat' dir='ltr'><strong>eiusdem</strong></span> <span class='ocrx_word' id='word_1_31' title='bbox 1100 693 1247 756; x_wconf 71' lang='lat' dir='ltr'><strong>filias,</strong></span> <span class='ocrx_word' id='word_1_32' title='bbox 1280 696 1678 746; x_wconf 86' lang='lat' dir='ltr'><strong>commemoratis</strong></span> <span class='ocrx_word' id='word_1_33' title='bbox 1701 698 1789 748; x_wconf 88' lang='lat' dir='ltr'><strong>diu</strong></span> 
     </span>
     <span class='ocr_line' id='line_1_6' title="bbox 113 773 1789 844; baseline 0.001 -17"><span class='ocrx_word' id='word_1_34' title='bbox 113 779 267 844; x_wconf 87' lang='lat' dir='ltr'><strong>patris</strong></span> <span class='ocrx_word' id='word_1_35' title='bbox 304 778 488 827; x_wconf 86' lang='lat' dir='ltr'><strong>devexa</strong></span> <span class='ocrx_word' id='word_1_36' title='bbox 534 778 786 824; x_wconf 84' lang='lat' dir='ltr'><strong>senectute</strong></span> <span class='ocrx_word' id='word_1_37' title='bbox 821 773 1164 838; x_wconf 89' lang='lat' dir='ltr'><strong>masculaeque</strong></span> <span class='ocrx_word' id='word_1_38' title='bbox 1210 773 1364 840; x_wconf 86' lang='lat' dir='ltr'><strong>prolis</strong></span> <span class='ocrx_word' id='word_1_39' title='bbox 1399 775 1627 838; x_wconf 85' lang='lat' dir='ltr'><strong>defectu,</strong></span> <span class='ocrx_word' id='word_1_40' title='bbox 1663 792 1789 840; x_wconf 85' lang='lat' dir='ltr'><strong>quae</strong></span> 
     </span>
     <span class='ocr_line' id='line_1_7' title="bbox 110 854 1788 922; baseline 0 -16"><span class='ocrx_word' id='word_1_41' title='bbox 110 858 163 907; x_wconf 88' lang='lat' dir='ltr'><strong>in</strong></span> <span class='ocrx_word' id='word_1_42' title='bbox 196 863 448 922; x_wconf 88' lang='lat' dir='ltr'><strong>paternum</strong></span> <span class='ocrx_word' id='word_1_43' title='bbox 483 871 684 919; x_wconf 82' lang='lat' dir='ltr'><strong>regnum</strong></span> <span class='ocrx_word' id='word_1_44' title='bbox 718 854 1040 912; x_wconf 88' lang='lat' dir='ltr'><strong>succederet,</strong></span> <span class='ocrx_word' id='word_1_45' title='bbox 1094 855 1221 903; x_wconf 87' lang='lat' dir='ltr'><strong>ultro</strong></span> <span class='ocrx_word' id='word_1_46' title='bbox 1268 870 1413 920; x_wconf 91' lang='lat' dir='ltr'><strong>opem</strong></span> <span class='ocrx_word' id='word_1_47' title='bbox 1460 871 1597 904; x_wconf 86' lang='lat' dir='ltr'><strong>suam</strong></span> <span class='ocrx_word' id='word_1_48' title='bbox 1645 856 1788 906; x_wconf 87' lang='lat' dir='ltr'><strong>obtu-</strong></span> 
     </span>
     <span class='ocr_line' id='line_1_8' title="bbox 112 933 1790 1000; baseline 0.001 -16"><span class='ocrx_word' id='word_1_49' title='bbox 112 936 248 998; x_wconf 72' lang='lat' dir='ltr'><strong>iisse,</strong></span> <span class='ocrx_word' id='word_1_50' title='bbox 283 953 379 1000; x_wconf 83' lang='lat' dir='ltr'><strong>qua</strong></span> <span class='ocrx_word' id='word_1_51' title='bbox 410 935 541 983; x_wconf 91' lang='lat' dir='ltr'><strong>illum</strong></span> <span class='ocrx_word' id='word_1_52' title='bbox 562 969 577 991; x_wconf 92' lang='lat'>‚</span> <span class='ocrx_word' id='word_1_53' title='bbox 627 934 867 998; x_wconf 88' lang='lat' dir='ltr'><strong>siquidem</strong></span> <span class='ocrx_word' id='word_1_54' title='bbox 901 935 1040 1000; x_wconf 86' lang='lat' dir='ltr'><strong>ipsae</strong></span> <span class='ocrx_word' id='word_1_55' title='bbox 1072 933 1288 992; x_wconf 89' lang='lat' dir='ltr'><strong>vellent,</strong></span> <span class='ocrx_word' id='word_1_56' title='bbox 1324 933 1376 983; x_wconf 89' lang='lat' dir='ltr'><strong>in</strong></span> <span class='ocrx_word' id='word_1_57' title='bbox 1408 935 1667 985; x_wconf 80' lang='lat' dir='ltr'><strong>iuvenilem</strong></span> <span class='ocrx_word' id='word_1_58' title='bbox 1703 953 1790 986; x_wconf 86' lang='lat' dir='ltr'><strong>ae-</strong></span> 
     </span>
     <span class='ocr_line' id='line_1_9' title="bbox 111 1014 1788 1082; baseline 0 -16"><span class='ocrx_word' id='word_1_59' title='bbox 111 1021 262 1066; x_wconf 81' lang='lat' dir='ltr'><strong>tatem</strong></span> <span class='ocrx_word' id='word_1_60' title='bbox 296 1015 454 1064; x_wconf 88' lang='lat' dir='ltr'><strong>denuo</strong></span> <span class='ocrx_word' id='word_1_61' title='bbox 490 1014 820 1064; x_wconf 87' lang='lat' dir='ltr'><strong>restitueret.&#39;’</strong></span> <span class='ocrx_word' id='word_1_62' title='bbox 886 1014 1113 1081; x_wconf 79' lang='lat' dir='ltr'><strong>Regnum</strong></span> <span class='ocrx_word' id='word_1_63' title='bbox 1148 1014 1547 1080; x_wconf 82' lang='lat' dir='ltr'><strong>opulentiamque</strong></span> <span class='ocrx_word' id='word_1_64' title='bbox 1586 1016 1788 1082; x_wconf 85' lang='lat' dir='ltr'><strong>plurimi</strong></span> 
     </span>
     <span class='ocr_line' id='line_1_10' title="bbox 109 1093 1127 1146; baseline -0.003 -1"><span class='ocrx_word' id='word_1_65' title='bbox 109 1094 332 1146; x_wconf 84' lang='lat' dir='ltr'><strong>facienda</strong></span> <span class='ocrx_word' id='word_1_66' title='bbox 365 1110 477 1143; x_wconf 87' lang='lat' dir='ltr'><strong>esse</strong></span> <span class='ocrx_word' id='word_1_67' title='bbox 510 1093 722 1143; x_wconf 86' lang='lat' dir='ltr'><strong>ostendit</strong></span> <span class='ocrx_word' id='word_1_68' title='bbox 752 1095 894 1144; x_wconf 91' lang='lat' dir='ltr'><strong>hicce</strong></span> <span class='ocrx_word' id='word_1_69' title='bbox 927 1110 1127 1143; x_wconf 76' lang='lat' dir='ltr'><strong>versus:</strong></span> 
     </span>
    </p>

    <p class='ocr_par' dir='ltr' id='par_1_3' title="bbox 105 1171 1789 1479">
     <span class='ocr_line' id='line_1_11' title="bbox 243 1171 1334 1240; baseline -0.002 -14"><span class='ocrx_word' id='word_1_70' title='bbox 243 1173 406 1240; x_wconf 81' lang='grc' dir='ltr'><strong><em>ὁρῶσι</em></strong></span> <span class='ocrx_word' id='word_1_71' title='bbox 439 1171 487 1223; x_wconf 81' lang='grc' dir='ltr'><strong>δ’</strong></span> <span class='ocrx_word' id='word_1_72' title='bbox 524 1171 578 1224; x_wconf 81' lang='grc' dir='ltr'><strong>οἱ</strong></span> <span class='ocrx_word' id='word_1_73' title='bbox 610 1171 845 1234; x_wconf 81' lang='grc' dir='ltr'><strong><em>διδόντες</em></strong></span> <span class='ocrx_word' id='word_1_74' title='bbox 879 1171 950 1233; x_wconf 84' lang='grc' dir='ltr'><strong>εἰς</strong></span> <span class='ocrx_word' id='word_1_75' title='bbox 982 1171 1047 1224; x_wconf 81' lang='grc' dir='ltr'><strong>τὰ</strong></span> <span class='ocrx_word' id='word_1_76' title='bbox 1078 1171 1334 1240; x_wconf 85' lang='grc' dir='ltr'><strong><em>χρήματα.</em></strong></span> 
     </span>
     <span class='ocr_line' id='line_1_12' title="bbox 109 1253 1788 1319; baseline 0.004 -17"><span class='ocrx_word' id='word_1_77' title='bbox 109 1254 387 1317; x_wconf 76' lang='lat' dir='ltr'><strong>Quaerente</strong></span> <span class='ocrx_word' id='word_1_78' title='bbox 420 1254 600 1303; x_wconf 89' lang='lat' dir='ltr'><strong>deinde</strong></span> <span class='ocrx_word' id='word_1_79' title='bbox 634 1255 905 1316; x_wconf 88' lang='lat' dir='ltr'><strong>Alcestide‚</strong></span> <span class='ocrx_word' id='word_1_80' title='bbox 943 1271 1084 1319; x_wconf 88' lang='lat' dir='ltr'><strong>quae,</strong></span> <span class='ocrx_word' id='word_1_81' title='bbox 1120 1270 1232 1303; x_wconf 90' lang='lat' dir='ltr'><strong>cum</strong></span> <span class='ocrx_word' id='word_1_82' title='bbox 1258 1258 1395 1304; x_wconf 86' lang='lat' dir='ltr'><strong>esset</strong></span> <span class='ocrx_word' id='word_1_83' title='bbox 1419 1253 1628 1305; x_wconf 81' lang='lat' dir='ltr'><strong>maxima</strong></span> <span class='ocrx_word' id='word_1_84' title='bbox 1653 1263 1788 1319; x_wconf 85' lang='lat' dir='ltr'><strong>natu,</strong></span> 
     </span>
     <span class='ocr_line' id='line_1_13' title="bbox 105 1330 1789 1399; baseline 0.004 -16"><span class='ocrx_word' id='word_1_85' title='bbox 105 1334 214 1383; x_wconf 84' lang='lat' dir='ltr'><strong>vice</strong></span> <span class='ocrx_word' id='word_1_86' title='bbox 244 1334 542 1398; x_wconf 87' lang='lat' dir='ltr'><strong>reliquarum</strong></span> <span class='ocrx_word' id='word_1_87' title='bbox 575 1335 724 1384; x_wconf 81' lang='lat' dir='ltr'><strong>verba</strong></span> <span class='ocrx_word' id='word_1_88' title='bbox 756 1334 972 1383; x_wconf 87' lang='lat' dir='ltr'><strong>faciebat</strong></span> <span class='ocrx_word' id='word_1_89' title='bbox 990 1330 1070 1399; x_wconf 83' lang='lat'><strong>*),</strong></span> <span class='ocrx_word' id='word_1_90' title='bbox 1107 1334 1223 1399; x_wconf 89' lang='lat' dir='ltr'><strong>quid</strong></span> <span class='ocrx_word' id='word_1_91' title='bbox 1255 1334 1368 1383; x_wconf 90' lang='lat' dir='ltr'><strong>fieri</strong></span> <span class='ocrx_word' id='word_1_92' title='bbox 1398 1333 1583 1386; x_wconf 85' lang='lat' dir='ltr'><strong>Medea</strong></span> <span class='ocrx_word' id='word_1_93' title='bbox 1614 1337 1677 1388; x_wconf 88' lang='lat' dir='ltr'><strong>ad</strong></span> <span class='ocrx_word' id='word_1_94' title='bbox 1711 1338 1789 1389; x_wconf 86' lang='lat' dir='ltr'><strong>ef-</strong></span> 
     </span>
     <span class='ocr_line' id='line_1_14' title="bbox 106 1413 1299 1479; baseline 0 -16"><span class='ocrx_word' id='word_1_95' title='bbox 106 1413 315 1464; x_wconf 87' lang='lat' dir='ltr'><strong>ficienda</strong></span> <span class='ocrx_word' id='word_1_96' title='bbox 349 1429 432 1475; x_wconf 79' lang='lat' dir='ltr'><strong>ea,</strong></span> <span class='ocrx_word' id='word_1_97' title='bbox 478 1431 603 1479; x_wconf 87' lang='lat' dir='ltr'><strong>quae</strong></span> <span class='ocrx_word' id='word_1_98' title='bbox 636 1414 970 1479; x_wconf 82' lang='lat' dir='ltr'><strong>polliceretur,</strong></span> <span class='ocrx_word' id='word_1_99' title='bbox 1003 1413 1199 1463; x_wconf 90' lang='lat' dir='ltr'><strong>iuberet</strong></span> <span class='ocrx_word' id='word_1_100' title='bbox 1232 1440 1299 1450; x_wconf 92' lang='lat'><strong>—-</strong></span> 
     </span>
    </p>

    <p class='ocr_par' dir='ltr' id='par_1_4' title="bbox 106 1490 1791 1941">
     <span class='ocr_line' id='line_1_15' title="bbox 236 1490 1646 1559; baseline 0.001 -16"><span class='ocrx_word' id='word_1_101' title='bbox 236 1491 286 1543; x_wconf 83' lang='grc' dir='ltr'><strong>τί</strong></span> <span class='ocrx_word' id='word_1_102' title='bbox 319 1494 491 1559; x_wconf 78' lang='grc' dir='ltr'><strong><em>χρῆμα</em></strong></span> <span class='ocrx_word' id='word_1_103' title='bbox 525 1492 761 1558; x_wconf 80' lang='grc' dir='ltr'><strong><em>δρώσας,·</em></strong></span> <span class='ocrx_word' id='word_1_104' title='bbox 795 1492 960 1557; x_wconf 79' lang='grc' dir='ltr'><strong><em>φράζε</em></strong></span> <span class='ocrx_word' id='word_1_105' title='bbox 992 1510 1084 1558; x_wconf 87' lang='grc' dir='ltr'><strong>μοι</strong></span> <span class='ocrx_word' id='word_1_106' title='bbox 1118 1490 1443 1559; x_wconf 82' lang='grc' dir='ltr'><strong><em>σαφέστερον</em></strong></span> <span class='ocrx_word' id='word_1_107' title='bbox 1463 1492 1545 1553; x_wconf 86' lang='grc'><strong>**)</strong></span> <span class='ocrx_word' id='word_1_108' title='bbox 1577 1522 1646 1532; x_wconf 89' lang='lat'>—</span> 
     </span>
     <span class='ocr_line' id='line_1_16' title="bbox 106 1572 1791 1643; baseline 0.002 -19"><span class='ocrx_word' id='word_1_109' title='bbox 106 1577 159 1624; x_wconf 80' lang='lat' dir='ltr'><strong>et</strong></span> <span class='ocrx_word' id='word_1_110' title='bbox 207 1572 390 1624; x_wconf 85' lang='lat' dir='ltr'><strong>Medea</strong></span> <span class='ocrx_word' id='word_1_111' title='bbox 434 1579 607 1639; x_wconf 88' lang='lat' dir='ltr'><strong>aperte</strong></span> <span class='ocrx_word' id='word_1_112' title='bbox 670 1573 962 1624; x_wconf 88' lang='lat' dir='ltr'><strong>ostendente</strong></span> <span class='ocrx_word' id='word_1_113' title='bbox 1027 1574 1372 1623; x_wconf 87' lang='lat' dir='ltr'><strong>dissecandum</strong></span> <span class='ocrx_word' id='word_1_114' title='bbox 1416 1574 1791 1643; x_wconf 88' lang='lat' dir='ltr'><strong>laniandumque</strong></span> 
     </span>
     <span class='ocr_line' id='line_1_17' title="bbox 108 1651 1788 1720; baseline 0.004 -18"><span class='ocrx_word' id='word_1_115' title='bbox 108 1654 262 1719; x_wconf 82' lang='lat' dir='ltr'><strong>patris</strong></span> <span class='ocrx_word' id='word_1_116' title='bbox 297 1668 474 1717; x_wconf 86' lang='lat' dir='ltr'><strong>corpus</strong></span> <span class='ocrx_word' id='word_1_117' title='bbox 509 1669 622 1702; x_wconf 90' lang='lat' dir='ltr'><strong>esse</strong></span> <span class='ocrx_word' id='word_1_118' title='bbox 659 1651 938 1718; x_wconf 79' lang='grc' dir='ltr'><strong><em>(ἄρταμεῖν</em></strong></span> <span class='ocrx_word' id='word_1_119' title='bbox 967 1653 1144 1719; x_wconf 84' lang='lat' dir='ltr'><strong>fragm.</strong></span> <span class='ocrx_word' id='word_1_120' title='bbox 1176 1651 1304 1720; x_wconf 84' lang='grc' dir='ltr'>ΧΠ.)</span> <span class='ocrx_word' id='word_1_121' title='bbox 1340 1657 1393 1702; x_wconf 86' lang='lat' dir='ltr'><strong>et</strong></span> <span class='ocrx_word' id='word_1_122' title='bbox 1423 1654 1474 1703; x_wconf 92' lang='lat' dir='ltr'><strong>in</strong></span> <span class='ocrx_word' id='word_1_123' title='bbox 1507 1654 1673 1706; x_wconf 89' lang='lat' dir='ltr'><strong>lebete</strong></span> <span class='ocrx_word' id='word_1_124' title='bbox 1702 1674 1788 1709; x_wconf 91' lang='lat' dir='ltr'><strong>co·-</strong></span> 
     </span>
     <span class='ocr_line' id='line_1_18' title="bbox 110 1732 1789 1798; baseline 0.004 -16"><span class='ocrx_word' id='word_1_125' title='bbox 110 1733 374 1797; x_wconf 89' lang='lat' dir='ltr'><strong>quendum‚</strong></span> <span class='ocrx_word' id='word_1_126' title='bbox 407 1732 619 1796; x_wconf 84' lang='lat' dir='ltr'><strong>virgines</strong></span> <span class='ocrx_word' id='word_1_127' title='bbox 654 1734 899 1782; x_wconf 86' lang='lat' dir='ltr'><strong>diritatem</strong></span> <span class='ocrx_word' id='word_1_128' title='bbox 933 1733 1164 1782; x_wconf 81' lang='lat' dir='ltr'><strong>facinoris</strong></span> <span class='ocrx_word' id='word_1_129' title='bbox 1197 1732 1466 1783; x_wconf 89' lang='lat' dir='ltr'><strong>horrebant</strong></span> <span class='ocrx_word' id='word_1_130' title='bbox 1507 1739 1656 1798; x_wconf 88' lang='lat' dir='ltr'><strong>atque</strong></span> <span class='ocrx_word' id='word_1_131' title='bbox 1701 1739 1789 1788; x_wconf 87' lang='lat' dir='ltr'><strong>ab·</strong></span> 
     </span>
     <span class='ocr_line' id='line_1_19' title="bbox 109 1808 1786 1878; baseline 0.004 -16"><span class='ocrx_word' id='word_1_132' title='bbox 109 1812 444 1862; x_wconf 84' lang='lat' dir='ltr'><strong>ominabantur</strong></span> <span class='ocrx_word' id='word_1_133' title='bbox 465 1808 588 1875; x_wconf 85' lang='lat'><strong><em>***).</em></strong></span> <span class='ocrx_word' id='word_1_134' title='bbox 655 1813 788 1875; x_wconf 78' lang='lat' dir='ltr'><strong>Quas</strong></span> <span class='ocrx_word' id='word_1_135' title='bbox 822 1813 982 1878; x_wconf 89' lang='lat' dir='ltr'><strong>primo</strong></span> <span class='ocrx_word' id='word_1_136' title='bbox 1017 1812 1356 1878; x_wconf 81' lang='lat' dir='ltr'><strong>obiurgatione</strong></span> <span class='ocrx_word' id='word_1_137' title='bbox 1389 1812 1452 1861; x_wconf 90' lang='lat' dir='ltr'><strong>ad</strong></span> <span class='ocrx_word' id='word_1_138' title='bbox 1485 1814 1786 1868; x_wconf 88' lang='lat' dir='ltr'><strong>voluntatem</strong></span> 
     </span>
     <span class='ocr_line' id='line_1_20' title="bbox 109 1891 792 1941; baseline 0 0"><span class='ocrx_word' id='word_1_139' title='bbox 109 1907 243 1941; x_wconf 82' lang='lat' dir='ltr'><strong>suam</strong></span> <span class='ocrx_word' id='word_1_140' title='bbox 277 1891 538 1940; x_wconf 88' lang='lat' dir='ltr'><strong>traducere</strong></span> <span class='ocrx_word' id='word_1_141' title='bbox 571 1891 792 1941; x_wconf 81' lang='lat' dir='ltr'><strong>studuit:</strong></span> 
     </span>
    </p>

    <p class='ocr_par' dir='ltr' id='par_1_5' title="bbox 237 1962 1462 2036">
     <span class='ocr_line' id='line_1_21' title="bbox 237 1962 1462 2036; baseline 0 -16"><span class='ocrx_word' id='word_1_142' title='bbox 237 1968 397 2021; x_wconf 81' lang='grc' dir='ltr'><strong><em>αἰνῶ·</em></strong></span> <span class='ocrx_word' id='word_1_143' title='bbox 434 1968 640 2032; x_wconf 75' lang='grc' dir='ltr'><em>διδάξαι</em></span> <span class='ocrx_word' id='word_1_144' title='bbox 673 1969 739 2034; x_wconf 79' lang='grc' dir='ltr'><strong>δ’,</strong></span> <span class='ocrx_word' id='word_1_145' title='bbox 775 1962 817 2021; x_wconf 80' lang='grc' dir='ltr'><em>ὦ</em></span> <span class='ocrx_word' id='word_1_146' title='bbox 849 1967 1055 2030; x_wconf 86' lang='grc' dir='ltr'><strong><em>τέκνον,</em></strong></span> <span class='ocrx_word' id='word_1_147' title='bbox 1092 1967 1149 2020; x_wconf 81' lang='grc' dir='ltr'><strong>σὲ</strong></span> <span class='ocrx_word' id='word_1_148' title='bbox 1182 1968 1462 2036; x_wconf 83' lang='grc' dir='ltr'><strong><em>βούλομαι,</em></strong></span> 
     </span>
    </p>

    <p class='ocr_par' dir='ltr' id='par_1_6' title="bbox 235 2045 1565 2119">
     <span class='ocr_line' id='line_1_22' title="bbox 235 2045 1565 2119; baseline 0.002 -18"><span class='ocrx_word' id='word_1_149' title='bbox 235 2047 365 2102; x_wconf 83' lang='grc' dir='ltr'><strong><em>ὅταν</em></strong></span> <span class='ocrx_word' id='word_1_150' title='bbox 398 2046 496 2116; x_wconf 78' lang='grc' dir='ltr'><strong><em>μὲν</em></strong></span> <span class='ocrx_word' id='word_1_151' title='bbox 527 2045 593 2116; x_wconf 75' lang='grc' dir='ltr'><strong>ᾗς</strong></span> <span class='ocrx_word' id='word_1_152' title='bbox 624 2054 765 2112; x_wconf 85' lang='grc' dir='ltr'><strong><em>παῖς,</em></strong></span> <span class='ocrx_word' id='word_1_153' title='bbox 800 2050 872 2119; x_wconf 82' lang='grc' dir='ltr'><strong>μὴ</strong></span> <span class='ocrx_word' id='word_1_154' title='bbox 907 2049 1070 2102; x_wconf 83' lang='grc' dir='ltr'><strong><em>πλέον</em></strong></span> <span class='ocrx_word' id='word_1_155' title='bbox 1101 2049 1292 2110; x_wconf 84' lang='grc' dir='ltr'><strong><em>παιδὸς</em></strong></span> <span class='ocrx_word' id='word_1_156' title='bbox 1324 2053 1565 2115; x_wconf 81' lang='grc' dir='ltr'><strong><em>φρονεῖν,</em></strong></span> 
     </span>
    </p>

    <p class='ocr_par' dir='ltr' id='par_1_7' title="bbox 234 2127 1470 2200">
     <span class='ocr_line' id='line_1_23' title="bbox 234 2127 1470 2200; baseline 0 -18"><span class='ocrx_word' id='word_1_157' title='bbox 234 2127 294 2182; x_wconf 77' lang='grc' dir='ltr'><strong><em>ἐν</em></strong></span> <span class='ocrx_word' id='word_1_158' title='bbox 324 2128 615 2196; x_wconf 80' lang='grc' dir='ltr'><strong><em>παρθένοις</em></strong></span> <span class='ocrx_word' id='word_1_159' title='bbox 648 2130 705 2183; x_wconf 82' lang='grc' dir='ltr'><strong>δὲ</strong></span> <span class='ocrx_word' id='word_1_160' title='bbox 737 2132 1014 2200; x_wconf 78' lang='grc' dir='ltr'><strong><em>παρθένου</em></strong></span> <span class='ocrx_word' id='word_1_161' title='bbox 1046 2131 1282 2198; x_wconf 81' lang='grc' dir='ltr'><strong><em>τρόπους</em></strong></span> <span class='ocrx_word' id='word_1_162' title='bbox 1314 2130 1470 2199; x_wconf 74' lang='grc' dir='ltr'><strong><em>ἔχειν,</em></strong></span> 
     </span>
    </p>

    <p class='ocr_par' dir='ltr' id='par_1_8' title="bbox 234 2210 1545 2282">
     <span class='ocr_line' id='line_1_24' title="bbox 234 2210 1545 2282; baseline 0.001 -19"><span class='ocrx_word' id='word_1_163' title='bbox 234 2210 364 2264; x_wconf 80' lang='grc' dir='ltr'><strong><em>ὅταν</em></strong></span> <span class='ocrx_word' id='word_1_164' title='bbox 396 2211 444 2263; x_wconf 83' lang='grc' dir='ltr'><strong>δ’</strong></span> <span class='ocrx_word' id='word_1_165' title='bbox 477 2211 566 2264; x_wconf 80' lang='grc' dir='ltr'><strong>ὑπ’</strong></span> <span class='ocrx_word' id='word_1_166' title='bbox 603 2212 797 2279; x_wconf 75' lang='grc' dir='ltr'><strong><em>ἀνδρὸς</em></strong></span> <span class='ocrx_word' id='word_1_167' title='bbox 829 2217 1051 2282; x_wconf 84' lang='grc' dir='ltr'><strong><em>χλαῖναν</em></strong></span> <span class='ocrx_word' id='word_1_168' title='bbox 1084 2212 1335 2280; x_wconf 78' lang='grc' dir='ltr'><strong><em>εὐγενοῦς</em></strong></span> <span class='ocrx_word' id='word_1_169' title='bbox 1366 2210 1545 2281; x_wconf 80' lang='grc' dir='ltr'><strong><em>πέσῃς,</em></strong></span> 
     </span>
    </p>

    <p class='ocr_par' dir='ltr' id='par_1_9' title="bbox 233 2371 1449 2443">
     <span class='ocr_line' id='line_1_25' title="bbox 233 2371 1449 2443; baseline -0.001 -19"><span class='ocrx_word' id='word_1_170' title='bbox 233 2371 300 2425; x_wconf 82' lang='grc' dir='ltr'><strong>τὰ</strong></span> <span class='ocrx_word' id='word_1_171' title='bbox 332 2371 380 2425; x_wconf 87' lang='grc' dir='ltr'><strong>δ’</strong></span> <span class='ocrx_word' id='word_1_172' title='bbox 413 2375 525 2426; x_wconf 81' lang='grc' dir='ltr'><em>ἄλλ’</em></span> <span class='ocrx_word' id='word_1_173' title='bbox 560 2373 774 2442; x_wconf 76' lang='grc' dir='ltr'><strong><em>ἀφεῖναι</em></strong></span> <span class='ocrx_word' id='word_1_174' title='bbox 807 2373 1136 2443; x_wconf 80' lang='grc' dir='ltr'><strong><em>μηχανήματ’</em></strong></span> <span class='ocrx_word' id='word_1_175' title='bbox 1172 2371 1449 2440; x_wconf 72' lang='grc' dir='ltr'><strong><em>ἀνδράσιν.</em></strong></span> 
     </span>
    </p>

    <p class='ocr_par' dir='ltr' id='par_1_10' title="bbox 103 2532 1788 2924">
     <span class='ocr_line' id='line_1_26' title="bbox 233 2532 1508 2604; baseline -0.002 -18"><span class='ocrx_word' id='word_1_176' title='bbox 233 2532 367 2601; x_wconf 85' lang='grc' dir='ltr'><strong><em>πρὸς</em></strong></span> <span class='ocrx_word' id='word_1_177' title='bbox 398 2533 587 2603; x_wconf 82' lang='grc' dir='ltr'><strong><em>κέντρα</em></strong></span> <span class='ocrx_word' id='word_1_178' title='bbox 605 2535 692 2604; x_wconf 82' lang='grc' dir='ltr'><strong>’μὴ</strong></span> <span class='ocrx_word' id='word_1_179' title='bbox 726 2535 924 2600; x_wconf 78' lang='grc' dir='ltr'><strong><em>λάκτιζε</em></strong></span> <span class='ocrx_word' id='word_1_180' title='bbox 954 2538 1067 2596; x_wconf 88' lang='grc' dir='ltr'><strong><em>τοῖς</em></strong></span> <span class='ocrx_word' id='word_1_181' title='bbox 1097 2532 1358 2600; x_wconf 81' lang='grc' dir='ltr'><strong><em>κρατοῦσί</em></strong></span> <span class='ocrx_word' id='word_1_182' title='bbox 1390 2543 1508 2586; x_wconf 87' lang='grc' dir='ltr'><strong><em>σου.</em></strong></span> 
     </span>
     <span class='ocr_line' id='line_1_27' title="bbox 106 2611 1787 2682; baseline -0.001 -17"><span class='ocrx_word' id='word_1_183' title='bbox 106 2614 435 2666; x_wconf 85' lang='lat' dir='ltr'><strong>Confirmatur</strong></span> <span class='ocrx_word' id='word_1_184' title='bbox 468 2617 547 2666; x_wconf 84' lang='lat' dir='ltr'><strong>his</strong></span> <span class='ocrx_word' id='word_1_185' title='bbox 580 2619 744 2667; x_wconf 77' lang='lat' dir='ltr'><strong>verbis</strong></span> <span class='ocrx_word' id='word_1_186' title='bbox 779 2617 910 2682; x_wconf 89' lang='lat' dir='ltr'><strong>quod</strong></span> <span class='ocrx_word' id='word_1_187' title='bbox 945 2616 1095 2667; x_wconf 87' lang='lat' dir='ltr'><strong>tradit</strong></span> <span class='ocrx_word' id='word_1_188' title='bbox 1128 2616 1405 2675; x_wconf 85' lang='lat' dir='ltr'><strong>Diodorus,</strong></span> <span class='ocrx_word' id='word_1_189' title='bbox 1450 2611 1584 2663; x_wconf 85' lang='lat' dir='ltr'><strong>senis</strong></span> <span class='ocrx_word' id='word_1_190' title='bbox 1619 2614 1787 2678; x_wconf 88' lang='lat' dir='ltr'><strong>specie</strong></span> 
     </span>
     <span class='ocr_line' id='line_1_28' title="bbox 104 2692 1787 2748; baseline -0.002 -3"><span class='ocrx_word' id='word_1_191' title='bbox 104 2702 264 2746; x_wconf 87' lang='lat' dir='ltr'><strong>sumta</strong></span> <span class='ocrx_word' id='word_1_192' title='bbox 296 2695 529 2746; x_wconf 89' lang='lat' dir='ltr'><strong>Medeam</strong></span> <span class='ocrx_word' id='word_1_193' title='bbox 575 2696 744 2748; x_wconf 83' lang='lat' dir='ltr'><strong>Peliae</strong></span> <span class='ocrx_word' id='word_1_194' title='bbox 779 2713 836 2746; x_wconf 91' lang='lat' dir='ltr'><strong>ac</strong></span> <span class='ocrx_word' id='word_1_195' title='bbox 869 2696 1151 2746; x_wconf 89' lang='lat' dir='ltr'><strong>Peliadibus</strong></span> <span class='ocrx_word' id='word_1_196' title='bbox 1186 2710 1242 2744; x_wconf 87' lang='lat' dir='ltr'><strong>se</strong></span> <span class='ocrx_word' id='word_1_197' title='bbox 1276 2695 1526 2744; x_wconf 85' lang='lat' dir='ltr'><strong>obtulisse.</strong></span> <span class='ocrx_word' id='word_1_198' title='bbox 1613 2692 1787 2743; x_wconf 86' lang='lat' dir='ltr'><strong>Obsti-</strong></span> 
     </span>
     <span class='ocr_line' id='line_1_29' title="bbox 103 2771 1788 2844; baseline -0.002 -20"><span class='ocrx_word' id='word_1_199' title='bbox 103 2779 218 2825; x_wconf 88' lang='lat' dir='ltr'><strong>nate</strong></span> <span class='ocrx_word' id='word_1_200' title='bbox 251 2780 416 2825; x_wconf 90' lang='lat' dir='ltr'><strong>autem</strong></span> <span class='ocrx_word' id='word_1_201' title='bbox 447 2778 789 2828; x_wconf 88' lang='lat' dir='ltr'><strong>recusantibus</strong></span> <span class='ocrx_word' id='word_1_202' title='bbox 822 2776 1091 2844; x_wconf 74' lang='lat' dir='ltr'><strong>virginibus</strong></span> <span class='ocrx_word' id='word_1_203' title='bbox 1100 2810 1116 2836; x_wconf 94' lang='lat'>,</span> <span class='ocrx_word' id='word_1_204' title='bbox 1162 2774 1349 2824; x_wconf 86' lang='lat' dir='ltr'><strong>maiore</strong></span> <span class='ocrx_word' id='word_1_205' title='bbox 1381 2772 1618 2822; x_wconf 88' lang='lat' dir='ltr'><strong>miraculo</strong></span> <span class='ocrx_word' id='word_1_206' title='bbox 1653 2771 1788 2821; x_wconf 88' lang='lat' dir='ltr'><strong>edito</strong></span> 
     </span>
     <span class='ocr_line' id='line_1_30' title="bbox 104 2851 1786 2924; baseline -0.003 -19"><span class='ocrx_word' id='word_1_207' title='bbox 104 2855 391 2921; x_wconf 84' lang='lat' dir='ltr'><strong>scrupulum</strong></span> <span class='ocrx_word' id='word_1_208' title='bbox 439 2857 610 2908; x_wconf 85' lang='lat' dir='ltr'><strong>eximit</strong></span> <span class='ocrx_word' id='word_1_209' title='bbox 656 2857 1076 2924; x_wconf 84' lang='lat' dir='ltr'><strong>pertinaciamque</strong></span> <span class='ocrx_word' id='word_1_210' title='bbox 1136 2857 1395 2921; x_wconf 81' lang='lat' dir='ltr'><strong>expugnat.</strong></span> <span class='ocrx_word' id='word_1_211' title='bbox 1478 2851 1612 2902; x_wconf 85' lang='lat' dir='ltr'><strong>Dicit</strong></span> <span class='ocrx_word' id='word_1_212' title='bbox 1657 2851 1786 2902; x_wconf 88' lang='lat' dir='ltr'><strong>enim</strong></span> 
     </span>
    </p>
   </div>
   <div class='ocr_carea' id='block_1_3' title="bbox 117 3052 1789 3533">
    <p class='ocr_par' dir='ltr' id='par_1_11' title="bbox 145 3052 1764 3251">
     <span class='ocr_line' id='line_1_31' title="bbox 159 3052 572 3110; baseline -0.005 -14"><span class='ocrx_word' id='word_1_213' title='bbox 159 3053 203 3109; x_wconf 80' lang='lat'><strong>*)</strong></span> <span class='ocrx_word' id='word_1_214' title='bbox 243 3052 510 3110; x_wconf 80' lang='lat' dir='ltr'><strong>Hyginusl.</strong></span> <span class='ocrx_word' id='word_1_215' title='bbox 540 3054 572 3095; x_wconf 90' lang='lat' dir='ltr'><strong>l.</strong></span> 
     </span>
     <span class='ocr_line' id='line_1_32' title="bbox 145 3116 1788 3181; baseline -0.005 -14"><span class='ocrx_word' id='word_1_216' title='bbox 145 3125 204 3179; x_wconf 72' lang='lat'><strong>⁸)</strong></span> <span class='ocrx_word' id='word_1_217' title='bbox 247 3125 393 3181; x_wconf 83' lang='lat' dir='ltr'><strong>Vulgo</strong></span> <span class='ocrx_word' id='word_1_218' title='bbox 423 3121 611 3180; x_wconf 74' lang='grc' dir='ltr'><strong><em>δράσας,</em></strong></span> <span class='ocrx_word' id='word_1_219' title='bbox 642 3135 794 3164; x_wconf 85' lang='lat' dir='ltr'><strong>errore</strong></span> <span class='ocrx_word' id='word_1_220' title='bbox 825 3135 880 3165; x_wconf 82' lang='lat' dir='ltr'><strong>ex</strong></span> <span class='ocrx_word' id='word_1_221' title='bbox 909 3120 1100 3163; x_wconf 83' lang='lat' dir='ltr'><strong>Medeae</strong></span> <span class='ocrx_word' id='word_1_222' title='bbox 1129 3119 1314 3175; x_wconf 78' lang='lat' dir='ltr'><strong>fabula,</strong></span> <span class='ocrx_word' id='word_1_223' title='bbox 1341 3119 1389 3162; x_wconf 89' lang='lat' dir='ltr'><strong>iu</strong></span> <span class='ocrx_word' id='word_1_224' title='bbox 1417 3131 1507 3174; x_wconf 78' lang='lat' dir='ltr'><strong>qua</strong></span> <span class='ocrx_word' id='word_1_225' title='bbox 1536 3116 1694 3168; x_wconf 71' lang='lat' dir='ltr'><strong>eadem</strong></span> <span class='ocrx_word' id='word_1_226' title='bbox 1721 3117 1788 3160; x_wconf 90' lang='lat' dir='ltr'><strong>le-</strong></span> 
     </span>
     <span class='ocr_line' id='line_1_33' title="bbox 243 3192 816 3251; baseline -0.005 -14"><span class='ocrx_word' id='word_1_227' title='bbox 243 3197 405 3251; x_wconf 85' lang='lat' dir='ltr'><strong>guntur</strong></span> <span class='ocrx_word' id='word_1_228' title='bbox 436 3195 502 3249; x_wconf 80' lang='lat' dir='ltr'><strong>(v.</strong></span> <span class='ocrx_word' id='word_1_229' title='bbox 533 3192 670 3248; x_wconf 82' lang='lat'><strong>688.,)</strong></span> <span class='ocrx_word' id='word_1_230' title='bbox 700 3197 816 3235; x_wconf 88' lang='lat' dir='ltr'><strong>nato.</strong></span> 
     </span>
    </p>

    <p class='ocr_par' dir='ltr' id='par_1_12' title="bbox 117 3258 1789 3533">
     <span class='ocr_line' id='line_1_34' title="bbox 117 3258 1789 3321; baseline -0.006 -13"><span class='ocrx_word' id='word_1_231' title='bbox 117 3265 207 3321; x_wconf 79' lang='lat'><strong>***)</strong></span> <span class='ocrx_word' id='word_1_232' title='bbox 247 3264 379 3319; x_wconf 80' lang='lat' dir='ltr'><strong>Apud</strong></span> <span class='ocrx_word' id='word_1_233' title='bbox 407 3265 656 3307; x_wconf 88' lang='lat' dir='ltr'><strong>Diodorum</strong></span> <span class='ocrx_word' id='word_1_234' title='bbox 683 3259 870 3318; x_wconf 79' lang='grc' dir='ltr'><strong><em>οἷπηναῖς</em></strong></span> <span class='ocrx_word' id='word_1_235' title='bbox 898 3274 979 3317; x_wconf 88' lang='lat' dir='ltr'><strong>pro</strong></span> <span class='ocrx_word' id='word_1_236' title='bbox 1007 3259 1243 3318; x_wconf 76' lang='grc' dir='ltr'><strong><em>προςηνῶς</em></strong></span> <span class='ocrx_word' id='word_1_237' title='bbox 1265 3258 1570 3315; x_wconf 81' lang='lat' dir='ltr'><strong>reponendum</strong></span> <span class='ocrx_word' id='word_1_238' title='bbox 1595 3270 1691 3300; x_wconf 80' lang='lat' dir='ltr'><strong>esse</strong></span> <span class='ocrx_word' id='word_1_239' title='bbox 1714 3270 1789 3299; x_wconf 85' lang='lat' dir='ltr'><strong>res</strong></span> 
     </span>
     <span class='ocr_line' id='line_1_35' title="bbox 236 3325 1788 3390; baseline -0.004 -13"><span class='ocrx_word' id='word_1_240' title='bbox 236 3334 336 3390; x_wconf 80' lang='lat' dir='ltr'><strong>ipsa</strong></span> <span class='ocrx_word' id='word_1_241' title='bbox 365 3335 517 3379; x_wconf 84' lang='lat' dir='ltr'><strong>docet:</strong></span> <span class='ocrx_word' id='word_1_242' title='bbox 550 3334 739 3390; x_wconf 75' lang='grc' dir='ltr'><strong><em>ἀπηνῶς</em></strong></span> <span class='ocrx_word' id='word_1_243' title='bbox 767 3331 818 3378; x_wconf 73' lang='grc' dir='ltr'><strong>δὲ</strong></span> <span class='ocrx_word' id='word_1_244' title='bbox 846 3334 939 3378; x_wconf 75' lang='grc' dir='ltr'><strong><em>τῶν</em></strong></span> <span class='ocrx_word' id='word_1_245' title='bbox 967 3330 1214 3389; x_wconf 77' lang='grc' dir='ltr'><strong><em>παρθένων</em></strong></span> <span class='ocrx_word' id='word_1_246' title='bbox 1241 3327 1499 3387; x_wconf 79' lang='grc' dir='ltr'><strong><em>δεξαμένων</em></strong></span> <span class='ocrx_word' id='word_1_247' title='bbox 1528 3327 1611 3373; x_wconf 78' lang='grc' dir='ltr'><strong><em>τὸν</em></strong></span> <span class='ocrx_word' id='word_1_248' title='bbox 1637 3325 1788 3383; x_wconf 77' lang='grc' dir='ltr'><strong><em>λόγον,</em></strong></span> 
     </span>
     <span class='ocr_line' id='line_1_36' title="bbox 239 3396 1787 3463; baseline -0.004 -15"><span class='ocrx_word' id='word_1_249' title='bbox 239 3402 400 3463; x_wconf 77' lang='grc' dir='ltr'><strong><em>ἑτέραν</em></strong></span> <span class='ocrx_word' id='word_1_250' title='bbox 440 3401 587 3460; x_wconf 73' lang='grc' dir='ltr'><strong><em>αὐτὴν</em></strong></span> <span class='ocrx_word' id='word_1_251' title='bbox 625 3403 866 3462; x_wconf 79' lang='grc' dir='ltr'><strong><em>ἐπινοῆσαι</em></strong></span> <span class='ocrx_word' id='word_1_252' title='bbox 903 3404 1055 3448; x_wconf 83' lang='grc' dir='ltr'><strong><em>πίστιν</em></strong></span> <span class='ocrx_word' id='word_1_253' title='bbox 1095 3402 1188 3446; x_wconf 73' lang='grc' dir='ltr'><strong><em>τῶν</em></strong></span> <span class='ocrx_word' id='word_1_254' title='bbox 1224 3398 1307 3445; x_wconf 68' lang='grc' dir='ltr'><strong>’ὑπ’</strong></span> <span class='ocrx_word' id='word_1_255' title='bbox 1346 3396 1495 3457; x_wconf 67' lang='grc' dir='ltr'><strong><em>αὐτῆς</em></strong></span> <span class='ocrx_word' id='word_1_256' title='bbox 1522 3396 1787 3456; x_wconf 72' lang='grc' dir='ltr'><strong><em>λεγομένων.</em></strong></span> 
     </span>
     <span class='ocr_line' id='line_1_37' title="bbox 244 3475 692 3533; baseline 0.002 -17"><span class='ocrx_word' id='word_1_257' title='bbox 244 3475 313 3519; x_wconf 85' lang='lat' dir='ltr'><strong>cf.</strong></span> <span class='ocrx_word' id='word_1_258' title='bbox 342 3476 574 3533; x_wconf 72' lang='lat' dir='ltr'><strong>Hyginum</strong></span> <span class='ocrx_word' id='word_1_259' title='bbox 600 3477 631 3517; x_wconf 88' lang='lat' dir='ltr'><strong>l.</strong></span> <span class='ocrx_word' id='word_1_260' title='bbox 663 3477 692 3518; x_wconf 90' lang='lat' dir='ltr'><strong>l.</strong></span> 
     </span>
    </p>
   </div>
  </div>
 </body>
</html>
