2176 3874
0 121 60 366 J
683 296 715 333 ,,

187 418 459 483 scriptores
508 413 860 482 (Archilochus
903 417 954 463 et
986 410 1273 479 Hipponax)
1308 409 1526 469 faciunt,
1571 407 1657 474 qui
1701 410 1868 457 certos

187 500 416 550 homines
449 497 746 548 carminibus
779 494 1130 561 perstringunt.
1182 492 1238 541 In
1273 490 1524 555 tragoedia
1556 494 1720 538 autem
1751 504 1870 554 pro-

187 580 299 646 pria
351 578 634 638 hominum,
691 577 775 640 qui
835 574 1066 632 fuerunt,
1129 572 1324 620 nomina
1370 571 1675 620 retinentur:
1729 568 1870 618 cuius

191 660 344 710 moris
379 674 554 708 caussa
586 657 712 705 haec
745 661 847 717 est,
882 653 1014 718 quod
1048 651 1242 700 facilius
1275 651 1426 699 fidem
1463 652 1714 699 inveniunt
1746 665 1874 714 quae

190 740 302 789 fieri
334 744 560 804 possunt,
596 743 647 787 et
680 736 789 785 fieri
821 749 972 799 posse
1007 748 1133 796 quae
1167 732 1382 780 nondum
1424 731 1558 779 facta
1593 736 1708 779 suut
1740 730 1873 778 diffi-

191 819 363 877 cilius,
412 834 556 882 quam
591 833 718 882 quae
751 816 847 863 iam
881 813 1017 862 facta
1049 817 1189 873 sunt,
1225 810 1502 860 credimus:
1549 826 1711 874 neque
1743 811 1874 860 enim

190 899 327 948 facta
360 904 545 955 essent,
580 898 674 947 nisi
707 896 817 945 fieri
851 892 1110 959 possent.'’

322 979 433 1028 Alio
468 980 579 1027 loco
614 977 776 1038 (Poet.
812 993 853 1025 c.
892 973 965 1038 2.)
1002 974 1152 1023 docet
1185 977 1272 1023 aut
1305 988 1538 1039 graves
1588 977 1674 1021 aut
1706 972 1876 1022 viles

191 1074 356 1108 mores
416 1058 662 1124 (wiirdige
714 1057 836 1106 oder
887 1055 1188 1104 liicherliche
1233 1053 1560 1117 Charaktere)
1619 1051 1880 1101 imitationi

189 1139 474 1204 propositos
520 1154 660 1197 esse3
703 1137 814 1186 illos
861 1137 1211 1196 melioreS,
1255 1150 1399 1198 quam
1435 1134 1578 1198 vulgo
1614 1132 1739 1195 sint,
1784 1133 1878 1181 hos

189 1220 457 1285 peiores
505 1218 745 1283 appellat,
793 1218 1028 1280 additque
1071 1215 1275 1266 tertium
1319 1230 1504 1278 genuS,
1558 1228 1620 1263 ex
1664 1219 1880 1276 utroque

189 1299 415 1357 mixtum,
440 1314 633 1347 morum
669 1298 1030 1364 vulgarium
1066 1298 1144 1346 vel
1179 1291 1879 1360 aequalium(xati†'ofssw‘ig,

192 1376 438 1443 ὁμοίους)
460 1377 540 1444 '‘):
590 1379 778 1439 „velut,
813 1378 986 1443 inquit,
1022 1377 1271 1426 Homerus
1306 1376 1537 1424 meliores
1572 1391 1736 1425 mores
1769 1376 1881 1425 imi-

189 1465 324 1510 tatus
358 1464 465 1520 est,
511 1458 770 1524 Cleophon
805 1459 1053 1523 aequales,
1089 1457 1350 1523 Hegemon
1384 1456 1627 1517 Thasius,
1665 1457 1746 1522 qui
1778 1458 1876 1521 pri·

191 1557 304 1590 mus
339 1539 542 1603 scripsit
575 1540 833 1604 parodias,
869 1543 921 1587 et
954 1538 1277 1596 NJcochares,
1316 1536 1533 1586 Deliadis
1569 1543 1757 1599 auctor,
1791 1554 1882 1601 pe-

192 1621 328 1670 iores
366 1620 472 1668 sive
505 1620 798 1668 vitiosiores.
867 1618 1058 1667 Eadem
1090 1617 1377 1667 imitationis
1413 1618 1698 1666 diversitate
1731 1618 1884 1667 etiam

192 1699 447 1766 tragoedia
501 1716 530 1747 a
589 1700 845 1748 comoedia
892 1698 1168 1764 discrepat:
1228 1699 1353 1747 haec
1404 1699 1535 1746 enim
1582 1697 1883 1762 vitiosioreS,

194 1780 282 1829 illa
315 1781 700 1844 praestantiores
737 1780 921 1828 imitari
954 1779 1087 1840 vult,
1123 1795 1269 1843 quam
1306 1779 1389 1843 qui
1424 1794 1551 1827 nunc
1587 1778 1755 1830 'sunt-'³

330 1862 441 1911 Hoc
473 1862 584 1910 loco
619 1877 789 1909 rursus
823 1859 1095 1909 cavendum
1130 1863 1235 1920 est,
1283 1876 1345 1908 ne
1378 1861 1684 1925 vulgares
1720 1875 1885 1909 mores

195 1942 400 1992 eosdem
434 1945 582 2004 atque
628 1957 816 1990 veros
850 1941 909 1988 ab
931 1938 1215 2009 x>Aristotele
1261 1939 1360 1988 dici
1395 1945 1556 2004 putes.
1626 1939 1888 2005 Duplicem

196 2023 330 2072 enim
363 2021 624 2086 proposuit
659 2021 1062 2086 descriptionem,
1099 2035 1303 2084 quarum
1329 2019 1483 2068 altera
1516 2019 1578 2069 ad
1604 2021 1885 2082 veritatem,

195 2102 353 2152 altera
399 2101 463 2150 ad
506 2101 819 2151 honestatem
863 2101 1094 2166 pertinet.
1171 2100 1239 2148 Et
1270 2100 1491 2148 veritatis
1527 2101 1728 2163 quidem
1760 2101 1886 2150 haec

197 2189 307 2233 est=

330 2262 384 2328 1)
418 2280 534 2313 vera
568 2262 911 2327 (Natiirliches
946 2262 1068 2312 oder
1100 2248 1530 2325 Menschliches);

332 2343 389 2407 2)
423 2344 691 2408 opinabilia
726 2342 1116 2405 (Wunderbares
1150 2344 1274 2391 oder
1309 2341 1649 2406 Giittliehes);

330 2423 386 2487 3)
420 2422 583 2487 qualia
617 2439 732 2472 esse
766 2422 950 2471 debent
983 2417 1331 2487 (gesteigertes
1365 2421 1734 2471 Menschliches
1767 2423 1890 2472 oder

431 2501 760 2565 Heroisches)
770 2537 782 2550 .

202 2582 478 2635 Veritatem
511 2583 768 2632 imitantur
802 2581 886 2645 qui
920 2581 1193 2643 hominum,
1245 2582 1527 2646 opinionem
1564 2582 1648 2646 qui
1682 2581 1889 2632 deorum

202 2679 441 2730 personas
498 2663 761 2722 inducunt,
821 2662 1027 2711 tertium
1082 2677 1235 2726 genus
1301 2663 1364 2711 ad
1422 2662 1602 2711 heroes
1658 2662 1891 2725 pertinet,

204 2745 383 2809 quibus
418 2743 633 2809 optimus
667 2743 875 2808 quisque
910 2758 966 2790 se
1001 2742 1211 2791 similem
1247 2757 1361 2791 esse
1395 2743 1547 2807 cupit.
1617 2741 1768 2806 Atqui
1802 2757 1891 2790 ne-

205 2840 303 2890 que
349 2824 470 2874 deos
517 2839 678 2887 neque
722 2823 902 2872 heroas
947 2821 1075 2871 vitiis
1125 2821 1349 2872 humanis
1396 2837 1565 2872 carere
1613 2826 1807 2870 constat
1839 2826 1891 2870 et

267 2977 316 3032 ⁹⁵)
345 2972 523 3032 ἀνάγκη
552 2974 750 3027 τούτους
777 2971 807 3032 ἢ
840 2975 1206 3028 σπουδαίους
1247 2971 1279 3032 ἢ
1309 2973 1575 3032 φὰῦλους
1604 2972 1747 3031 εἶναι,
1783 2972 1892 3034 ἤτοι

343 3047 657 3106 βελτίονας
698 3042 724 3102 ἢ
763 3043 893 3090 καθ’
931 3044 1080 3103 ἡμᾶς
1117 3044 1148 3103 ἢ
1184 3047 1464 3104 χείρονας
1492 3048 1714 3101 τούτους,
1743 3044 1892 3106 ὥςπερ

344 3117 423 3162 καὶ
462 3116 507 3162 οἳ
548 3120 739 3175 γραφεῖς
778 3115 1101 3173 (Πολύγνωτος
1139 3116 1222 3175 μὲν
1248 3117 1335 3176 γὰρ
1372 3134 1438 3176 κρ
1454 3119 1711 3174 είττους,
1757 3117 1893 3164 Παύ-

348 3202 441 3232 σων
488 3188 539 3232 δὲ
591 3188 853 3246 χείρους,
906 3186 1152 3240 Διονύσιος
1198 3187 1248 3234 δὲ
1297 3185 1546 3246 ὁμοίους
1588 3190 1760 3246 εἴκαζε)
1797 3192 1892 3235 κτλ.

348 3258 570 3304 scribitur
598 3263 751 3302 autem
776 3261 917 3316 vulgo
948 3264 1154 3316 corrupte
1196 3257 1228 3316 ἢ
1255 3261 1433 3318 χείρους
1459 3255 1491 3317 ἢ
1521 3260 1621 3305 καὶ
1648 3257 1894 3312 τοιούτους

349 3325 497 3387 ὥςπερ
538 3329 585 3374 οἱ
621 3334 812 3388 γραφεῖς
850 3336 968 3384 urz„
1007 3335 1056 3374 ut
1083 3334 1287 3386 quattuor
1316 3346 1483 3390 genera
1512 3331 1616 3388 poni
1645 3332 1892 3386 videantur,

348 3399 395 3442 id
424 3401 540 3455 quod
567 3400 734 3444 falsum
763 3416 861 3444 esse
890 3401 999 3445 satis
1043 3402 1273 3448 ostendunt
1300 3405 1506 3460 exempla
1530 3402 1753 3460 pictorum
1780 3416 1890 3458 poe-

350 3474 582 3527 tarumque
610 3473 656 3517 in
685 3472 883 3517 medium
913 3474 1099 3529 prolata.
