<?xml version="1.0" encoding="UTF-8"?>
<!DOCTYPE html PUBLIC "-//W3C//DTD XHTML 1.0 Transitional//EN"
    "http://www.w3.org/TR/xhtml1/DTD/xhtml1-transitional.dtd">
<html xmlns="http://www.w3.org/1999/xhtml" xml:lang="en" lang="en">
 <head>
  <title>
</title>
<meta http-equiv="Content-Type" content="text/html;charset=utf-8" />
  <meta name='ocr-system' content='tesseract 3.04.00' />
  <meta name='ocr-capabilities' content='ocr_page ocr_carea ocr_par ocr_line ocrx_word'/>
</head>
<body>
  <div class='ocr_page' id='page_1' title='image "./euripidesrestitu01hartuoft_0306.png"; bbox 0 0 2144 3854; ppageno 0'>
   <div class='ocr_carea' id='block_1_1' title="bbox 1108 281 1231 339">
    <p class='ocr_par' dir='ltr' id='par_1_1' title="bbox 1108 281 1231 339">
     <span class='ocr_line' id='line_1_1' title="bbox 1108 281 1231 339; baseline 0.008 -1"><span class='ocrx_word' id='word_1_1' title='bbox 1108 281 1231 339; x_wconf 83' lang='lat'><strong>288</strong></span> 
     </span>
    </p>
   </div>
   <div class='ocr_carea' id='block_1_2' title="bbox 335 427 2006 3277">
    <p class='ocr_par' dir='ltr' id='par_1_2' title="bbox 336 427 2006 2160">
     <span class='ocr_line' id='line_1_2' title="bbox 346 427 1999 494; baseline -0.001 -13"><span class='ocrx_word' id='word_1_2' title='bbox 346 436 482 481; x_wconf 90' lang='lat' dir='ltr'><strong>teros</strong></span> <span class='ocrx_word' id='word_1_3' title='bbox 526 444 692 480; x_wconf 90' lang='lat' dir='ltr'><strong>rerum</strong></span> <span class='ocrx_word' id='word_1_4' title='bbox 740 427 1022 477; x_wconf 85' lang='lat' dir='ltr'><strong>abditarum.</strong></span> <span class='ocrx_word' id='word_1_5' title='bbox 1058 427 1433 494; x_wconf 78' lang='lat' dir='ltr'><strong>investigatione</strong></span> <span class='ocrx_word' id='word_1_6' title='bbox 1465 431 1515 477; x_wconf 93' lang='lat' dir='ltr'><strong>et</strong></span> <span class='ocrx_word' id='word_1_7' title='bbox 1545 427 1886 493; x_wconf 73' lang='lat' dir='ltr'><strong>multiplicium</strong></span> <span class='ocrx_word' id='word_1_8' title='bbox 1917 445 1999 480; x_wconf 73' lang='lat' dir='ltr'><strong>re·-</strong></span> 
     </span>
     <span class='ocr_line' id='line_1_3' title="bbox 345 507 2002 574; baseline -0.001 -14"><span class='ocrx_word' id='word_1_9' title='bbox 345 526 454 560; x_wconf 91' lang='lat' dir='ltr'><strong>rum</strong></span> <span class='ocrx_word' id='word_1_10' title='bbox 487 509 761 574; x_wconf 83' lang='lat' dir='ltr'><strong>cognitione</strong></span> <span class='ocrx_word' id='word_1_11' title='bbox 809 508 1112 567; x_wconf 86' lang='lat' dir='ltr'><strong>eminerent,</strong></span> <span class='ocrx_word' id='word_1_12' title='bbox 1158 510 1244 558; x_wconf 89' lang='lat' dir='ltr'><strong>sed</strong></span> <span class='ocrx_word' id='word_1_13' title='bbox 1295 508 1425 573; x_wconf 88' lang='lat' dir='ltr'><strong>quod</strong></span> <span class='ocrx_word' id='word_1_14' title='bbox 1468 507 1614 573; x_wconf 89' lang='lat' dir='ltr'><strong>primi</strong></span> <span class='ocrx_word' id='word_1_15' title='bbox 1645 508 1922 559; x_wconf 79' lang='lat' dir='ltr'><strong>doctrinam·</strong></span> <span class='ocrx_word' id='word_1_16' title='bbox 1948 508 2002 559; x_wconf 87' lang='lat' dir='ltr'><strong>in</strong></span> 
     </span>
     <span class='ocr_line' id='line_1_4' title="bbox 343 588 2001 651; baseline -0.001 -14"><span class='ocrx_word' id='word_1_17' title='bbox 343 603 485 637; x_wconf 91' lang='lat' dir='ltr'><strong>usum</strong></span> <span class='ocrx_word' id='word_1_18' title='bbox 526 588 654 636; x_wconf 82' lang='lat' dir='ltr'><strong>vitae</strong></span> <span class='ocrx_word' id='word_1_19' title='bbox 699 588 966 636; x_wconf 89' lang='lat' dir='ltr'><strong>communis</strong></span> <span class='ocrx_word' id='word_1_20' title='bbox 1012 588 1295 638; x_wconf 83' lang='lat' dir='ltr'><strong>translatam</strong></span> <span class='ocrx_word' id='word_1_21' title='bbox 1344 603 1456 637; x_wconf 93' lang='lat' dir='ltr'><strong>cum</strong></span> <span class='ocrx_word' id='word_1_22' title='bbox 1502 588 1645 651; x_wconf 85' lang='lat' dir='ltr'><strong>vulgo</strong></span> <span class='ocrx_word' id='word_1_23' title='bbox 1679 588 2001 637; x_wconf 78' lang='lat' dir='ltr'><strong>communica-</strong></span> 
     </span>
     <span class='ocr_line' id='line_1_5' title="bbox 341 666 2002 732; baseline 0 -16"><span class='ocrx_word' id='word_1_24' title='bbox 341 671 472 718; x_wconf 85' lang='lat' dir='ltr'><strong>runt.</strong></span> <span class='ocrx_word' id='word_1_25' title='bbox 541 666 739 729; x_wconf 85' lang='lat' dir='ltr'><strong>Singula</strong></span> <span class='ocrx_word' id='word_1_26' title='bbox 786 683 991 731; x_wconf 81' lang='lat' dir='ltr'><strong>poeseos</strong></span> <span class='ocrx_word' id='word_1_27' title='bbox 1035 684 1214 732; x_wconf 85' lang='lat' dir='ltr'><strong>genera</strong></span> <span class='ocrx_word' id='word_1_28' title='bbox 1246 674 1296 717; x_wconf 90' lang='lat' dir='ltr'><strong>et</strong></span> <span class='ocrx_word' id='word_1_29' title='bbox 1331 668 1544 730; x_wconf 89' lang='lat' dir='ltr'><strong>singulas</strong></span> <span class='ocrx_word' id='word_1_30' title='bbox 1576 667 1855 731; x_wconf 88' lang='lat' dir='ltr'><strong>disciplinas</strong></span> <span class='ocrx_word' id='word_1_31' title='bbox 1889 682 2002 716; x_wconf 86' lang='lat' dir='ltr'><strong>cum</strong></span> 
     </span>
     <span class='ocr_line' id='line_1_6' title="bbox 342 746 2001 812; baseline 0 -17"><span class='ocrx_word' id='word_1_32' title='bbox 342 746 490 795; x_wconf 88' lang='lat' dir='ltr'><strong>certis</strong></span> <span class='ocrx_word' id='word_1_33' title='bbox 523 762 685 795; x_wconf 90' lang='lat' dir='ltr'><strong>rerum</strong></span> <span class='ocrx_word' id='word_1_34' title='bbox 719 747 1022 812; x_wconf 89' lang='lat' dir='ltr'><strong>publicarum</strong></span> <span class='ocrx_word' id='word_1_35' title='bbox 1057 748 1226 797; x_wconf 87' lang='lat' dir='ltr'><strong>formis</strong></span> <span class='ocrx_word' id='word_1_36' title='bbox 1262 763 1355 796; x_wconf 85' lang='lat' dir='ltr'><strong>una</strong></span> <span class='ocrx_word' id='word_1_37' title='bbox 1389 753 1552 807; x_wconf 88' lang='lat' dir='ltr'><strong>natas,</strong></span> <span class='ocrx_word' id='word_1_38' title='bbox 1603 762 1698 796; x_wconf 84' lang='lat' dir='ltr'><strong>una</strong></span> <span class='ocrx_word' id='word_1_39' title='bbox 1741 750 1792 795; x_wconf 85' lang='lat' dir='ltr'><strong>et</strong></span> <span class='ocrx_word' id='word_1_40' title='bbox 1836 752 2001 795; x_wconf 69' lang='lat' dir='ltr'><strong>auctas</strong></span> 
     </span>
     <span class='ocr_line' id='line_1_7' title="bbox 341 825 2004 891; baseline 0.001 -18"><span class='ocrx_word' id='word_1_41' title='bbox 341 830 392 874; x_wconf 91' lang='lat' dir='ltr'><strong>et</strong></span> <span class='ocrx_word' id='word_1_42' title='bbox 437 826 713 874; x_wconf 87' lang='lat' dir='ltr'><strong>imminutas</strong></span> <span class='ocrx_word' id='word_1_43' title='bbox 759 842 870 874; x_wconf 90' lang='lat' dir='ltr'><strong>esse</strong></span> <span class='ocrx_word' id='word_1_44' title='bbox 911 827 1102 891; x_wconf 86' lang='lat' dir='ltr'><strong>pridem</strong></span> <span class='ocrx_word' id='word_1_45' title='bbox 1148 828 1448 876; x_wconf 89' lang='lat' dir='ltr'><strong>intellectum</strong></span> <span class='ocrx_word' id='word_1_46' title='bbox 1505 831 1599 875; x_wconf 88' lang='lat' dir='ltr'><strong>est.</strong></span> <span class='ocrx_word' id='word_1_47' title='bbox 1694 826 1761 875; x_wconf 92' lang='lat' dir='ltr'><strong>Et</strong></span> <span class='ocrx_word' id='word_1_48' title='bbox 1804 825 2004 875; x_wconf 87' lang='lat' dir='ltr'><strong>dicendi</strong></span> 
     </span>
     <span class='ocr_line' id='line_1_8' title="bbox 343 904 2004 970; baseline 0 -17"><span class='ocrx_word' id='word_1_49' title='bbox 343 904 540 967; x_wconf 89' lang='lat' dir='ltr'><strong>quidem</strong></span> <span class='ocrx_word' id='word_1_50' title='bbox 574 904 780 953; x_wconf 86' lang='lat' dir='ltr'><strong>facultas</strong></span> <span class='ocrx_word' id='word_1_51' title='bbox 814 911 958 969; x_wconf 88' lang='lat' dir='ltr'><strong>atque</strong></span> <span class='ocrx_word' id='word_1_52' title='bbox 994 907 1258 955; x_wconf 87' lang='lat' dir='ltr'><strong>dramatica</strong></span> <span class='ocrx_word' id='word_1_53' title='bbox 1290 907 1453 970; x_wconf 90' lang='lat' dir='ltr'><strong>poesis</strong></span> <span class='ocrx_word' id='word_1_54' title='bbox 1488 905 1713 970; x_wconf 84' lang='lat' dir='ltr'><strong>populari</strong></span> <span class='ocrx_word' id='word_1_55' title='bbox 1755 904 2004 970; x_wconf 82' lang='lat' dir='ltr'><strong>potentiae</strong></span> 
     </span>
     <span class='ocr_line' id='line_1_9' title="bbox 341 975 2004 1050; baseline 0.002 -19"><span class='ocrx_word' id='word_1_56' title='bbox 341 984 654 1047; x_wconf 64' lang='lat' dir='ltr'><strong>respondent.</strong></span> <span class='ocrx_word' id='word_1_57' title='bbox 725 983 891 1047; x_wconf 90' lang='lat' dir='ltr'><strong>ltaque</strong></span> <span class='ocrx_word' id='word_1_58' title='bbox 925 987 1112 1050; x_wconf 89' lang='lat' dir='ltr'><strong>primus</strong></span> <span class='ocrx_word' id='word_1_59' title='bbox 1147 985 1381 1044; x_wconf 89' lang='lat' dir='ltr'><strong>Pericles,</strong></span> <span class='ocrx_word' id='word_1_60' title='bbox 1417 987 1552 1034; x_wconf 89' lang='lat' dir='ltr'><strong>cuius</strong></span> <span class='ocrx_word' id='word_1_61' title='bbox 1586 975 1752 1033; x_wconf 84' lang='lat' dir='ltr'><strong>aetate</strong></span> <span class='ocrx_word' id='word_1_62' title='bbox 1783 984 1868 1032; x_wconf 87' lang='lat' dir='ltr'><strong>illa</strong></span> <span class='ocrx_word' id='word_1_63' title='bbox 1899 985 2004 1034; x_wconf 85' lang='lat' dir='ltr'><strong>rei·</strong></span> 
     </span>
     <span class='ocr_line' id='line_1_10' title="bbox 341 1061 2004 1128; baseline 0.001 -18"><span class='ocrx_word' id='word_1_64' title='bbox 341 1063 564 1128; x_wconf 85' lang='lat' dir='ltr'><strong>publicae</strong></span> <span class='ocrx_word' id='word_1_65' title='bbox 615 1061 772 1112; x_wconf 80' lang='lat' dir='ltr'><strong>forma</strong></span> <span class='ocrx_word' id='word_1_66' title='bbox 823 1071 1151 1112; x_wconf 85' lang='lat' dir='ltr'><strong>consummata</strong></span> <span class='ocrx_word' id='word_1_67' title='bbox 1199 1071 1247 1113; x_wconf 93' lang='lat' dir='ltr'><strong>et</strong></span> <span class='ocrx_word' id='word_1_68' title='bbox 1276 1066 1412 1128; x_wconf 91' lang='lat' dir='ltr'><strong>quasi</strong></span> <span class='ocrx_word' id='word_1_69' title='bbox 1444 1066 1505 1114; x_wconf 86' lang='lat' dir='ltr'><strong>ad</strong></span> <span class='ocrx_word' id='word_1_70' title='bbox 1540 1064 1734 1113; x_wconf 90' lang='lat' dir='ltr'><strong>culmen</strong></span> <span class='ocrx_word' id='word_1_71' title='bbox 1767 1064 2004 1127; x_wconf 77' lang='lat' dir='ltr'><strong>perducto</strong></span> 
     </span>
     <span class='ocr_line' id='line_1_11' title="bbox 342 1141 2004 1209; baseline 0.001 -19"><span class='ocrx_word' id='word_1_72' title='bbox 342 1146 436 1201; x_wconf 91' lang='lat' dir='ltr'><strong>est,</strong></span> <span class='ocrx_word' id='word_1_73' title='bbox 471 1141 663 1191; x_wconf 83' lang='lat' dir='ltr'><strong>dicendi</strong></span> <span class='ocrx_word' id='word_1_74' title='bbox 697 1142 957 1200; x_wconf 84' lang='lat' dir='ltr'><strong>facultate,</strong></span> <span class='ocrx_word' id='word_1_75' title='bbox 994 1158 1089 1191; x_wconf 92' lang='lat' dir='ltr'><strong>non</strong></span> <span class='ocrx_word' id='word_1_76' title='bbox 1123 1143 1195 1191; x_wconf 89' lang='lat' dir='ltr'><strong>rei</strong></span> <span class='ocrx_word' id='word_1_77' title='bbox 1229 1144 1452 1192; x_wconf 86' lang='lat' dir='ltr'><strong>militaris</strong></span> <span class='ocrx_word' id='word_1_78' title='bbox 1485 1144 1670 1209; x_wconf 90' lang='lat' dir='ltr'><strong>gloria,</strong></span> <span class='ocrx_word' id='word_1_79' title='bbox 1704 1147 1761 1192; x_wconf 89' lang='lat' dir='ltr'><strong>ut</strong></span> <span class='ocrx_word' id='word_1_80' title='bbox 1791 1143 2004 1208; x_wconf 72' lang='lat' dir='ltr'><strong>prioreS,</strong></span> 
     </span>
     <span class='ocr_line' id='line_1_12' title="bbox 340 1221 2005 1286; baseline 0.002 -18"><span class='ocrx_word' id='word_1_81' title='bbox 340 1221 662 1285; x_wconf 79' lang='lat' dir='ltr'><strong>principatum</strong></span> <span class='ocrx_word' id='word_1_82' title='bbox 700 1227 751 1269; x_wconf 92' lang='lat' dir='ltr'><strong>et</strong></span> <span class='ocrx_word' id='word_1_83' title='bbox 783 1222 991 1285; x_wconf 88' lang='lat' dir='ltr'><strong>adeptus</strong></span> <span class='ocrx_word' id='word_1_84' title='bbox 1027 1228 1102 1270; x_wconf 91' lang='lat' dir='ltr'><strong>est</strong></span> <span class='ocrx_word' id='word_1_85' title='bbox 1134 1227 1186 1270; x_wconf 93' lang='lat' dir='ltr'><strong>et</strong></span> <span class='ocrx_word' id='word_1_86' title='bbox 1217 1222 1430 1280; x_wconf 86' lang='lat' dir='ltr'><strong>felicius,</strong></span> <span class='ocrx_word' id='word_1_87' title='bbox 1465 1239 1608 1286; x_wconf 91' lang='lat' dir='ltr'><strong>quam</strong></span> <span class='ocrx_word' id='word_1_88' title='bbox 1643 1223 1733 1283; x_wconf 88' lang='lat' dir='ltr'><strong>illi,</strong></span> <span class='ocrx_word' id='word_1_89' title='bbox 1767 1222 2005 1286; x_wconf 76' lang='lat' dir='ltr'><strong>usquead</strong></span> 
     </span>
     <span class='ocr_line' id='line_1_13' title="bbox 339 1300 2003 1367; baseline 0.002 -19"><span class='ocrx_word' id='word_1_90' title='bbox 339 1301 524 1349; x_wconf 91' lang='lat' dir='ltr'><strong>obitum</strong></span> <span class='ocrx_word' id='word_1_91' title='bbox 556 1301 769 1349; x_wconf 85' lang='lat' dir='ltr'><strong>retinuit.</strong></span> <span class='ocrx_word' id='word_1_92' title='bbox 837 1300 1009 1349; x_wconf 88' lang='lat' dir='ltr'><strong>Eidem</strong></span> <span class='ocrx_word' id='word_1_93' title='bbox 1047 1300 1351 1365; x_wconf 86' lang='lat' dir='ltr'><strong>eloquentiae</strong></span> <span class='ocrx_word' id='word_1_94' title='bbox 1383 1302 1643 1367; x_wconf 88' lang='lat' dir='ltr'><strong>plurimum</strong></span> <span class='ocrx_word' id='word_1_95' title='bbox 1692 1302 1867 1351; x_wconf 86' lang='lat' dir='ltr'><strong>tribuit</strong></span> <span class='ocrx_word' id='word_1_96' title='bbox 1899 1302 2003 1351; x_wconf 88' lang='lat' dir='ltr'><strong>Eu·</strong></span> 
     </span>
     <span class='ocr_line' id='line_1_14' title="bbox 339 1379 2005 1446; baseline 0.002 -19"><span class='ocrx_word' id='word_1_97' title='bbox 339 1380 539 1443; x_wconf 89' lang='lat' dir='ltr'><strong>ripides.</strong></span> <span class='ocrx_word' id='word_1_98' title='bbox 610 1380 947 1444; x_wconf 81' lang='lat' dir='ltr'><strong>Areopagum,</strong></span> <span class='ocrx_word' id='word_1_99' title='bbox 982 1381 1292 1444; x_wconf 87' lang='lat' dir='ltr'><strong>optimatium</strong></span> <span class='ocrx_word' id='word_1_100' title='bbox 1326 1380 1772 1446; x_wconf 78' lang='lat' dir='ltr'><strong>propugnaculum,</strong></span> <span class='ocrx_word' id='word_1_101' title='bbox 1806 1379 2005 1430; x_wconf 79' lang='lat' dir='ltr'><strong>sustulit</strong></span> 
     </span>
     <span class='ocr_line' id='line_1_15' title="bbox 339 1457 2003 1524; baseline 0.001 -17"><span class='ocrx_word' id='word_1_102' title='bbox 339 1457 592 1507; x_wconf 86' lang='lat' dir='ltr'><strong>Pericles:</strong></span> <span class='ocrx_word' id='word_1_103' title='bbox 626 1459 830 1508; x_wconf 90' lang='lat' dir='ltr'><strong>heroum</strong></span> <span class='ocrx_word' id='word_1_104' title='bbox 865 1465 1027 1507; x_wconf 85' lang='lat' dir='ltr'><strong>autem</strong></span> <span class='ocrx_word' id='word_1_105' title='bbox 1053 1460 1360 1522; x_wconf 89' lang='lat' dir='ltr'><strong>antiquorum</strong></span> <span class='ocrx_word' id='word_1_106' title='bbox 1383 1476 1616 1524; x_wconf 85' lang='lat' dir='ltr'><strong>personas</strong></span> <span class='ocrx_word' id='word_1_107' title='bbox 1635 1461 1684 1508; x_wconf 87' lang='lat' dir='ltr'><strong>in</strong></span> <span class='ocrx_word' id='word_1_108' title='bbox 1709 1460 2003 1524; x_wconf 85' lang='lat' dir='ltr'><strong>sapientium</strong></span> 
     </span>
     <span class='ocr_line' id='line_1_16' title="bbox 338 1538 2005 1604; baseline 0.001 -17"><span class='ocrx_word' id='word_1_109' title='bbox 338 1539 671 1587; x_wconf 88' lang='lat' dir='ltr'><strong>recentiorum</strong></span> <span class='ocrx_word' id='word_1_110' title='bbox 703 1554 863 1587; x_wconf 89' lang='lat' dir='ltr'><strong>mores</strong></span> <span class='ocrx_word' id='word_1_111' title='bbox 891 1538 1241 1587; x_wconf 88' lang='lat' dir='ltr'><strong>conformando</strong></span> <span class='ocrx_word' id='word_1_112' title='bbox 1268 1538 1528 1603; x_wconf 84' lang='lat' dir='ltr'><strong>Euripides</strong></span> <span class='ocrx_word' id='word_1_113' title='bbox 1543 1538 1658 1602; x_wconf 89' lang='lat' dir='ltr'><strong>quid</strong></span> <span class='ocrx_word' id='word_1_114' title='bbox 1685 1539 1834 1597; x_wconf 85' lang='lat' dir='ltr'><strong>aliud,</strong></span> <span class='ocrx_word' id='word_1_115' title='bbox 1857 1555 2005 1604; x_wconf 70' lang='lat' dir='ltr'><strong>quum</strong></span> 
     </span>
     <span class='ocr_line' id='line_1_17' title="bbox 337 1617 2005 1683; baseline 0.001 -18"><span class='ocrx_word' id='word_1_116' title='bbox 337 1617 388 1667; x_wconf 88' lang='lat' dir='ltr'><strong>in</strong></span> <span class='ocrx_word' id='word_1_117' title='bbox 423 1618 581 1666; x_wconf 92' lang='lat' dir='ltr'><strong>locum</strong></span> <span class='ocrx_word' id='word_1_118' title='bbox 616 1618 851 1667; x_wconf 89' lang='lat' dir='ltr'><strong>nobilium</strong></span> <span class='ocrx_word' id='word_1_119' title='bbox 883 1617 1119 1683; x_wconf 88' lang='lat' dir='ltr'><strong>ignobiles</strong></span> <span class='ocrx_word' id='word_1_120' title='bbox 1154 1618 1466 1667; x_wconf 81' lang='lat' dir='ltr'><strong>substituisse</strong></span> <span class='ocrx_word' id='word_1_121' title='bbox 1501 1623 1552 1667; x_wconf 88' lang='lat' dir='ltr'><strong>et</strong></span> <span class='ocrx_word' id='word_1_122' title='bbox 1584 1619 1776 1682; x_wconf 87' lang='lat' dir='ltr'><strong>generis</strong></span> <span class='ocrx_word' id='word_1_123' title='bbox 1800 1618 2005 1682; x_wconf 85' lang='lat' dir='ltr'><strong>gloriam</strong></span> 
     </span>
     <span class='ocr_line' id='line_1_18' title="bbox 340 1695 2005 1763; baseline 0.002 -17"><span class='ocrx_word' id='word_1_124' title='bbox 340 1712 451 1746; x_wconf 91' lang='lat' dir='ltr'><strong>cum</strong></span> <span class='ocrx_word' id='word_1_125' title='bbox 499 1698 767 1761; x_wconf 83' lang='lat' dir='ltr'><strong>sapientiae</strong></span> <span class='ocrx_word' id='word_1_126' title='bbox 812 1698 1183 1763; x_wconf 82' lang='lat' dir='ltr'><strong>honestatisque</strong></span> <span class='ocrx_word' id='word_1_127' title='bbox 1226 1698 1370 1747; x_wconf 90' lang='lat' dir='ltr'><strong>laude</strong></span> <span class='ocrx_word' id='word_1_128' title='bbox 1412 1705 1722 1762; x_wconf 87' lang='lat' dir='ltr'><strong>permutasse</strong></span> <span class='ocrx_word' id='word_1_129' title='bbox 1771 1695 2005 1749; x_wconf 63' lang='lat' dir='ltr'><strong>videtur?</strong></span> 
     </span>
     <span class='ocr_line' id='line_1_19' title="bbox 338 1776 2006 1842; baseline 0.001 -17"><span class='ocrx_word' id='word_1_130' title='bbox 338 1776 471 1826; x_wconf 85' lang='lat' dir='ltr'><strong>ldem</strong></span> <span class='ocrx_word' id='word_1_131' title='bbox 507 1793 675 1842; x_wconf 89' lang='lat' dir='ltr'><strong>regum</strong></span> <span class='ocrx_word' id='word_1_132' title='bbox 721 1778 994 1841; x_wconf 88' lang='lat' dir='ltr'><strong>priscorum</strong></span> <span class='ocrx_word' id='word_1_133' title='bbox 1040 1778 1366 1827; x_wconf 88' lang='lat' dir='ltr'><strong>conditionem</strong></span> <span class='ocrx_word' id='word_1_134' title='bbox 1401 1784 1687 1842; x_wconf 89' lang='lat' dir='ltr'><strong>mentesque</strong></span> <span class='ocrx_word' id='word_1_135' title='bbox 1719 1778 2006 1842; x_wconf 62' lang='lat' dir='ltr'><strong>saepissimo!</strong></span> 
     </span>
     <span class='ocr_line' id='line_1_20' title="bbox 339 1856 2006 1924; baseline 0 -18"><span class='ocrx_word' id='word_1_136' title='bbox 339 1856 387 1906; x_wconf 89' lang='lat' dir='ltr'><strong>in</strong></span> <span class='ocrx_word' id='word_1_137' title='bbox 416 1857 782 1906; x_wconf 89' lang='lat' dir='ltr'><strong>similitudinem</strong></span> <span class='ocrx_word' id='word_1_138' title='bbox 812 1864 1059 1907; x_wconf 87' lang='lat' dir='ltr'><strong>oratorum</strong></span> <span class='ocrx_word' id='word_1_139' title='bbox 1087 1858 1165 1907; x_wconf 84' lang='lat' dir='ltr'><strong>vel</strong></span> <span class='ocrx_word' id='word_1_140' title='bbox 1192 1858 1569 1924; x_wconf 90' lang='lat' dir='ltr'><strong>demagogorum</strong></span> <span class='ocrx_word' id='word_1_141' title='bbox 1595 1859 1812 1907; x_wconf 83' lang='lat' dir='ltr'><strong>deflexit.</strong></span> <span class='ocrx_word' id='word_1_142' title='bbox 1845 1857 2006 1907; x_wconf 76' lang='lat' dir='ltr'><strong>Multa</strong></span> 
     </span>
     <span class='ocr_line' id='line_1_21' title="bbox 337 1936 2004 2003; baseline 0.002 -18"><span class='ocrx_word' id='word_1_143' title='bbox 337 1937 523 2001; x_wconf 86' lang='lat' dir='ltr'><strong>passim</strong></span> <span class='ocrx_word' id='word_1_144' title='bbox 556 1936 605 1984; x_wconf 89' lang='lat' dir='ltr'><strong>in</strong></span> <span class='ocrx_word' id='word_1_145' title='bbox 639 1939 840 2001; x_wconf 87' lang='lat' dir='ltr'><strong>gratiam</strong></span> <span class='ocrx_word' id='word_1_146' title='bbox 878 1939 1122 2002; x_wconf 86' lang='lat' dir='ltr'><strong>potentiae</strong></span> <span class='ocrx_word' id='word_1_147' title='bbox 1157 1939 1406 2003; x_wconf 92' lang='lat' dir='ltr'><strong>popularis</strong></span> <span class='ocrx_word' id='word_1_148' title='bbox 1442 1938 1581 1999; x_wconf 81' lang='lat' dir='ltr'><strong>dixit,</strong></span> <span class='ocrx_word' id='word_1_149' title='bbox 1615 1953 1775 2000; x_wconf 88' lang='lat' dir='ltr'><strong>neque</strong></span> <span class='ocrx_word' id='word_1_150' title='bbox 1807 1938 2004 1988; x_wconf 80' lang='lat' dir='ltr'><strong>dubita-</strong></span> 
     </span>
     <span class='ocr_line' id='line_1_22' title="bbox 339 2015 2002 2081; baseline 0.001 -17"><span class='ocrx_word' id='word_1_151' title='bbox 339 2018 407 2065; x_wconf 87' lang='lat' dir='ltr'><strong>vit</strong></span> <span class='ocrx_word' id='word_1_152' title='bbox 448 2032 617 2080; x_wconf 89' lang='lat' dir='ltr'><strong>regum</strong></span> <span class='ocrx_word' id='word_1_153' title='bbox 668 2018 927 2081; x_wconf 87' lang='lat' dir='ltr'><strong>imperium</strong></span> <span class='ocrx_word' id='word_1_154' title='bbox 972 2019 1202 2066; x_wconf 89' lang='lat' dir='ltr'><strong>iniustum</strong></span> <span class='ocrx_word' id='word_1_155' title='bbox 1236 2033 1294 2066; x_wconf 86' lang='lat' dir='ltr'><strong>ac</strong></span> <span class='ocrx_word' id='word_1_156' title='bbox 1327 2021 1496 2066; x_wconf 88' lang='lat' dir='ltr'><strong>contra</strong></span> <span class='ocrx_word' id='word_1_157' title='bbox 1527 2023 1748 2067; x_wconf 87' lang='lat' dir='ltr'><strong>naturam</strong></span> <span class='ocrx_word' id='word_1_158' title='bbox 1781 2032 1895 2067; x_wconf 82' lang='lat' dir='ltr'><strong>esse</strong></span> <span class='ocrx_word' id='word_1_159' title='bbox 1926 2015 2002 2066; x_wconf 78' lang='lat' dir='ltr'><strong>af-</strong></span> 
     </span>
     <span class='ocr_line' id='line_1_23' title="bbox 336 2095 1144 2160; baseline -0.001 -15"><span class='ocrx_word' id='word_1_160' title='bbox 336 2095 535 2146; x_wconf 84' lang='lat' dir='ltr'><strong>firmare</strong></span> <span class='ocrx_word' id='word_1_161' title='bbox 568 2096 617 2144; x_wconf 89' lang='lat' dir='ltr'><strong>in</strong></span> <span class='ocrx_word' id='word_1_162' title='bbox 651 2096 921 2160; x_wconf 85' lang='lat' dir='ltr'><strong>Antigonae</strong></span> <span class='ocrx_word' id='word_1_163' title='bbox 951 2096 1144 2145; x_wconf 84' lang='lat' dir='ltr'><strong>fabula:</strong></span> 
     </span>
    </p>

    <p class='ocr_par' dir='ltr' id='par_1_3' title="bbox 468 2169 1683 2241">
     <span class='ocr_line' id='line_1_24' title="bbox 468 2169 1683 2241; baseline 0.002 -17"><span class='ocrx_word' id='word_1_164' title='bbox 468 2174 580 2224; x_wconf 83' lang='grc' dir='ltr'><strong>οὔτ’</strong></span> <span class='ocrx_word' id='word_1_165' title='bbox 616 2171 752 2232; x_wconf 79' lang='grc' dir='ltr'><strong><em>εἰκὸς</em></strong></span> <span class='ocrx_word' id='word_1_166' title='bbox 784 2175 962 2239; x_wconf 78' lang='grc' dir='ltr'><strong><em>ἄρχειν</em></strong></span> <span class='ocrx_word' id='word_1_167' title='bbox 997 2176 1107 2224; x_wconf 80' lang='grc' dir='ltr'><strong>οὔτ’</strong></span> <span class='ocrx_word' id='word_1_168' title='bbox 1143 2171 1302 2241; x_wconf 79' lang='grc' dir='ltr'><strong><em>ἐχρῆν</em></strong></span> <span class='ocrx_word' id='word_1_169' title='bbox 1329 2169 1464 2226; x_wconf 80' lang='grc' dir='ltr'><strong><em>εἶναι</em></strong></span> <span class='ocrx_word' id='word_1_170' title='bbox 1496 2173 1683 2240; x_wconf 84' lang='grc' dir='ltr'><strong><em>νόμον,</em></strong></span> 
     </span>
    </p>

    <p class='ocr_par' dir='ltr' id='par_1_4' title="bbox 466 2248 1598 2320">
     <span class='ocr_line' id='line_1_25' title="bbox 466 2248 1598 2320; baseline 0.001 -17"><span class='ocrx_word' id='word_1_171' title='bbox 466 2252 736 2318; x_wconf 79' lang='grc' dir='ltr'><strong><em>τύραννον</em></strong></span> <span class='ocrx_word' id='word_1_172' title='bbox 769 2248 905 2304; x_wconf 83' lang='grc' dir='ltr'><strong><em>εἶναι</em></strong></span> <span class='ocrx_word' id='word_1_173' title='bbox 939 2253 1136 2320; x_wconf 80' lang='grc' dir='ltr'>(μωρία</span> <span class='ocrx_word' id='word_1_174' title='bbox 1168 2252 1227 2306; x_wconf 87' lang='grc' dir='ltr'><strong>τὸ</strong></span> <span class='ocrx_word' id='word_1_175' title='bbox 1261 2253 1348 2306; x_wconf 81' lang='grc' dir='ltr'><strong>καὶ</strong></span> <span class='ocrx_word' id='word_1_176' title='bbox 1380 2253 1598 2318; x_wconf 81' lang='grc' dir='ltr'><strong>θέλειν),</strong></span> 
     </span>
    </p>

    <p class='ocr_par' dir='ltr' id='par_1_5' title="bbox 469 2329 1636 2402">
     <span class='ocr_line' id='line_1_26' title="bbox 469 2329 1636 2402; baseline 0 -18"><span class='ocrx_word' id='word_1_177' title='bbox 469 2329 528 2394; x_wconf 84' lang='grc' dir='ltr'><strong>ὃς</strong></span> <span class='ocrx_word' id='word_1_178' title='bbox 560 2334 668 2384; x_wconf 80' lang='grc' dir='ltr'><strong>τῶν</strong></span> <span class='ocrx_word' id='word_1_179' title='bbox 700 2332 903 2398; x_wconf 85' lang='grc' dir='ltr'><strong><em>ὁμοίων</em></strong></span> <span class='ocrx_word' id='word_1_180' title='bbox 937 2335 1182 2400; x_wconf 84' lang='grc' dir='ltr'><strong><em>βούλεται</em></strong></span> <span class='ocrx_word' id='word_1_181' title='bbox 1213 2338 1423 2401; x_wconf 80' lang='grc' dir='ltr'><strong><em>κρατεῖν</em></strong></span> <span class='ocrx_word' id='word_1_182' title='bbox 1456 2335 1636 2402; x_wconf 85' lang='grc' dir='ltr'><strong><em>μόνος.</em></strong></span> 
     </span>
    </p>

    <p class='ocr_par' dir='ltr' id='par_1_6' title="bbox 335 2414 2005 2799">
     <span class='ocr_line' id='line_1_27' title="bbox 338 2414 2004 2481; baseline 0.001 -17"><span class='ocrx_word' id='word_1_183' title='bbox 338 2414 414 2464; x_wconf 87' lang='lat' dir='ltr'><strong>Ad</strong></span> <span class='ocrx_word' id='word_1_184' title='bbox 458 2430 581 2478; x_wconf 91' lang='lat' dir='ltr'><strong>quae</strong></span> <span class='ocrx_word' id='word_1_185' title='bbox 645 2415 870 2479; x_wconf 87' lang='lat' dir='ltr'><strong>fingenda</strong></span> <span class='ocrx_word' id='word_1_186' title='bbox 917 2415 1181 2481; x_wconf 86' lang='lat' dir='ltr'><strong>Euripides</strong></span> <span class='ocrx_word' id='word_1_187' title='bbox 1228 2417 1360 2465; x_wconf 86' lang='lat' dir='ltr'><strong>nulla</strong></span> <span class='ocrx_word' id='word_1_188' title='bbox 1403 2418 1668 2465; x_wconf 88' lang='lat' dir='ltr'><strong>ambitione</strong></span> <span class='ocrx_word' id='word_1_189' title='bbox 1712 2416 2004 2475; x_wconf 83' lang='lat' dir='ltr'><strong>ducebatur,</strong></span> 
     </span>
     <span class='ocr_line' id='line_1_28' title="bbox 337 2493 2005 2561; baseline 0.001 -19"><span class='ocrx_word' id='word_1_190' title='bbox 337 2509 498 2558; x_wconf 90' lang='lat' dir='ltr'><strong>neque</strong></span> <span class='ocrx_word' id='word_1_191' title='bbox 531 2494 778 2557; x_wconf 87' lang='lat' dir='ltr'><strong>Pericles,</strong></span> <span class='ocrx_word' id='word_1_192' title='bbox 814 2511 962 2560; x_wconf 90' lang='lat' dir='ltr'><strong>quum</strong></span> <span class='ocrx_word' id='word_1_193' title='bbox 998 2497 1204 2561; x_wconf 87' lang='lat' dir='ltr'><strong>pecunia</strong></span> <span class='ocrx_word' id='word_1_194' title='bbox 1239 2513 1301 2545; x_wconf 84' lang='lat' dir='ltr'><strong>ex</strong></span> <span class='ocrx_word' id='word_1_195' title='bbox 1335 2497 1522 2545; x_wconf 89' lang='lat' dir='ltr'><strong>aerario</strong></span> <span class='ocrx_word' id='word_1_196' title='bbox 1558 2496 1816 2545; x_wconf 86' lang='lat' dir='ltr'><strong>distributa</strong></span> <span class='ocrx_word' id='word_1_197' title='bbox 1849 2493 2005 2543; x_wconf 81' lang='lat' dir='ltr'><strong>facul-</strong></span> 
     </span>
     <span class='ocr_line' id='line_1_29' title="bbox 336 2574 2003 2639; baseline 0.001 -17"><span class='ocrx_word' id='word_1_198' title='bbox 336 2578 490 2623; x_wconf 89' lang='lat' dir='ltr'><strong>tatem</strong></span> <span class='ocrx_word' id='word_1_199' title='bbox 524 2574 769 2623; x_wconf 90' lang='lat' dir='ltr'><strong>theatrum</strong></span> <span class='ocrx_word' id='word_1_200' title='bbox 803 2575 1149 2639; x_wconf 85' lang='lat' dir='ltr'><strong>frequentandi</strong></span> <span class='ocrx_word' id='word_1_201' title='bbox 1183 2577 1369 2626; x_wconf 80' lang='lat' dir='ltr'><strong>civibus</strong></span> <span class='ocrx_word' id='word_1_202' title='bbox 1406 2577 1628 2626; x_wconf 84' lang='lat' dir='ltr'><strong>omnibus</strong></span> <span class='ocrx_word' id='word_1_203' title='bbox 1657 2576 1768 2625; x_wconf 88' lang='lat' dir='ltr'><strong>fieri</strong></span> <span class='ocrx_word' id='word_1_204' title='bbox 1793 2575 2003 2635; x_wconf 87' lang='lat' dir='ltr'><strong>iuberet,</strong></span> 
     </span>
     <span class='ocr_line' id='line_1_30' title="bbox 335 2653 2003 2721; baseline 0.001 -19"><span class='ocrx_word' id='word_1_205' title='bbox 335 2653 433 2702; x_wconf 91' lang='lat' dir='ltr'><strong>hoc</strong></span> <span class='ocrx_word' id='word_1_206' title='bbox 466 2653 611 2701; x_wconf 85' lang='lat' dir='ltr'><strong>aliam</strong></span> <span class='ocrx_word' id='word_1_207' title='bbox 647 2655 708 2702; x_wconf 96' lang='lat' dir='ltr'><strong>ob</strong></span> <span class='ocrx_word' id='word_1_208' title='bbox 744 2670 966 2703; x_wconf 87' lang='lat' dir='ltr'><strong>caussam</strong></span> <span class='ocrx_word' id='word_1_209' title='bbox 999 2656 1151 2713; x_wconf 86' lang='lat' dir='ltr'><strong>fecit,</strong></span> <span class='ocrx_word' id='word_1_210' title='bbox 1205 2672 1348 2720; x_wconf 90' lang='lat' dir='ltr'><strong>quam</strong></span> <span class='ocrx_word' id='word_1_211' title='bbox 1382 2658 1513 2721; x_wconf 91' lang='lat' dir='ltr'><strong>quod</strong></span> <span class='ocrx_word' id='word_1_212' title='bbox 1546 2655 1809 2719; x_wconf 87' lang='lat' dir='ltr'><strong>tragoediis</strong></span> <span class='ocrx_word' id='word_1_213' title='bbox 1844 2670 2003 2720; x_wconf 88' lang='lat' dir='ltr'><strong>popu-</strong></span> 
     </span>
     <span class='ocr_line' id='line_1_31' title="bbox 337 2732 1217 2799; baseline 0.003 -18"><span class='ocrx_word' id='word_1_214' title='bbox 337 2732 437 2782; x_wconf 91' lang='lat' dir='ltr'><strong>lum</strong></span> <span class='ocrx_word' id='word_1_215' title='bbox 471 2734 656 2796; x_wconf 89' lang='lat' dir='ltr'><strong>optime</strong></span> <span class='ocrx_word' id='word_1_216' title='bbox 689 2735 873 2782; x_wconf 88' lang='lat' dir='ltr'><strong>erudiri</strong></span> <span class='ocrx_word' id='word_1_217' title='bbox 905 2735 1217 2799; x_wconf 87' lang='lat' dir='ltr'><strong>intelligeret.</strong></span> 
     </span>
    </p>

    <p class='ocr_par' dir='ltr' id='par_1_7' title="bbox 335 2812 2004 3277">
     <span class='ocr_line' id='line_1_32' title="bbox 465 2812 2003 2877; baseline 0.001 -18"><span class='ocrx_word' id='word_1_218' title='bbox 465 2812 662 2877; x_wconf 86' lang='lat' dir='ltr'><strong>Insigne</strong></span> <span class='ocrx_word' id='word_1_219' title='bbox 712 2814 858 2862; x_wconf 87' lang='lat' dir='ltr'><strong>animi</strong></span> <span class='ocrx_word' id='word_1_220' title='bbox 906 2814 1057 2863; x_wconf 82' lang='lat' dir='ltr'><strong>civilis</strong></span> <span class='ocrx_word' id='word_1_221' title='bbox 1093 2815 1435 2864; x_wconf 87' lang='lat' dir='ltr'><strong>documentum</strong></span> <span class='ocrx_word' id='word_1_222' title='bbox 1471 2820 1546 2863; x_wconf 91' lang='lat' dir='ltr'><strong>est</strong></span> <span class='ocrx_word' id='word_1_223' title='bbox 1579 2814 1745 2862; x_wconf 87' lang='lat' dir='ltr'><strong>fabula</strong></span> <span class='ocrx_word' id='word_1_224' title='bbox 1779 2812 2003 2861; x_wconf 85' lang='lat' dir='ltr'><strong>Heracli-</strong></span> 
     </span>
     <span class='ocr_line' id='line_1_33' title="bbox 336 2891 2003 2959; baseline 0.002 -20"><span class='ocrx_word' id='word_1_225' title='bbox 336 2891 524 2951; x_wconf 84' lang='lat' dir='ltr'><strong>darum,</strong></span> <span class='ocrx_word' id='word_1_226' title='bbox 560 2907 684 2955; x_wconf 89' lang='lat' dir='ltr'><strong>quae</strong></span> <span class='ocrx_word' id='word_1_227' title='bbox 718 2893 912 2943; x_wconf 87' lang='lat' dir='ltr'><strong>videtur</strong></span> <span class='ocrx_word' id='word_1_228' title='bbox 944 2894 1076 2942; x_wconf 91' lang='lat' dir='ltr'><strong>nullo</strong></span> <span class='ocrx_word' id='word_1_229' title='bbox 1109 2895 1205 2942; x_wconf 88' lang='lat' dir='ltr'><strong>alio</strong></span> <span class='ocrx_word' id='word_1_230' title='bbox 1239 2900 1461 2959; x_wconf 90' lang='lat' dir='ltr'><strong>tempore</strong></span> <span class='ocrx_word' id='word_1_231' title='bbox 1483 2895 1641 2958; x_wconf 83' lang='lat' dir='ltr'><strong>aptius</strong></span> <span class='ocrx_word' id='word_1_232' title='bbox 1665 2893 1886 2956; x_wconf 87' lang='lat' dir='ltr'><strong>potuisse</strong></span> <span class='ocrx_word' id='word_1_233' title='bbox 1913 2893 2003 2942; x_wconf 90' lang='lat' dir='ltr'><strong>do-</strong></span> 
     </span>
     <span class='ocr_line' id='line_1_34' title="bbox 336 2970 2003 3039; baseline 0.001 -20"><span class='ocrx_word' id='word_1_234' title='bbox 336 2970 456 3030; x_wconf 87' lang='lat' dir='ltr'><strong>ceri,</strong></span> <span class='ocrx_word' id='word_1_235' title='bbox 491 2986 635 3033; x_wconf 88' lang='lat' dir='ltr'><strong>quam</strong></span> <span class='ocrx_word' id='word_1_236' title='bbox 672 2989 766 3036; x_wconf 89' lang='lat' dir='ltr'><strong>quo</strong></span> <span class='ocrx_word' id='word_1_237' title='bbox 801 2975 1010 3039; x_wconf 88' lang='lat' dir='ltr'><strong>primum</strong></span> <span class='ocrx_word' id='word_1_238' title='bbox 1047 2973 1391 3039; x_wconf 86' lang='lat' dir='ltr'><strong>Peloponnesii</strong></span> <span class='ocrx_word' id='word_1_239' title='bbox 1426 2972 1551 3021; x_wconf 87' lang='lat' dir='ltr'><strong>duce</strong></span> <span class='ocrx_word' id='word_1_240' title='bbox 1585 2972 1878 3021; x_wconf 90' lang='lat' dir='ltr'><strong>Archidamo</strong></span> <span class='ocrx_word' id='word_1_241' title='bbox 1913 2972 2003 3021; x_wconf 82' lang='lat' dir='ltr'><strong>At-</strong></span> 
     </span>
     <span class='ocr_line' id='line_1_35' title="bbox 335 3049 2004 3116; baseline 0 -17"><span class='ocrx_word' id='word_1_242' title='bbox 335 3049 482 3099; x_wconf 77' lang='lat' dir='ltr'><strong>ticam</strong></span> <span class='ocrx_word' id='word_1_243' title='bbox 516 3049 764 3101; x_wconf 87' lang='lat' dir='ltr'><strong>hostiliter</strong></span> <span class='ocrx_word' id='word_1_244' title='bbox 797 3054 1010 3103; x_wconf 86' lang='lat' dir='ltr'><strong>invasuri</strong></span> <span class='ocrx_word' id='word_1_245' title='bbox 1042 3054 1374 3116; x_wconf 85' lang='lat' dir='ltr'><strong>vastaturique</strong></span> <span class='ocrx_word' id='word_1_246' title='bbox 1409 3057 1545 3100; x_wconf 86' lang='lat' dir='ltr'><strong>erant</strong></span> <span class='ocrx_word' id='word_1_247' title='bbox 1570 3051 1638 3114; x_wconf 73' lang='lat'><strong>²¹²).</strong></span> <span class='ocrx_word' id='word_1_248' title='bbox 1705 3051 1783 3101; x_wconf 90' lang='lat' dir='ltr'><strong>Ad</strong></span> <span class='ocrx_word' id='word_1_249' title='bbox 1808 3051 2004 3100; x_wconf 86' lang='lat' dir='ltr'><strong>initium</strong></span> 
     </span>
     <span class='ocr_line' id='line_1_36' title="bbox 336 3129 2002 3197; baseline 0 -19"><span class='ocrx_word' id='word_1_250' title='bbox 336 3129 465 3178; x_wconf 83' lang='lat' dir='ltr'><strong>enim</strong></span> <span class='ocrx_word' id='word_1_251' title='bbox 496 3129 614 3178; x_wconf 89' lang='lat' dir='ltr'><strong>belli</strong></span> <span class='ocrx_word' id='word_1_252' title='bbox 647 3145 674 3177; x_wconf 84' lang='lat' dir='ltr'><strong>a</strong></span> <span class='ocrx_word' id='word_1_253' title='bbox 709 3131 1075 3196; x_wconf 84' lang='lat' dir='ltr'><strong>Peloponnesiis</strong></span> <span class='ocrx_word' id='word_1_254' title='bbox 1109 3133 1247 3194; x_wconf 80' lang='lat' dir='ltr'><strong>illati,</strong></span> <span class='ocrx_word' id='word_1_255' title='bbox 1282 3133 1344 3182; x_wconf 88' lang='lat' dir='ltr'><strong>ad</strong></span> <span class='ocrx_word' id='word_1_256' title='bbox 1377 3132 1701 3196; x_wconf 86' lang='lat' dir='ltr'><strong>arrogantiam</strong></span> <span class='ocrx_word' id='word_1_257' title='bbox 1736 3130 2002 3197; x_wconf 86' lang='lat' dir='ltr'><strong>Spartano-</strong></span> 
     </span>
     <span class='ocr_line' id='line_1_37' title="bbox 335 3208 2002 3277; baseline 0.001 -21"><span class='ocrx_word' id='word_1_258' title='bbox 335 3223 464 3270; x_wconf 91' lang='lat' dir='ltr'><strong>rum,</strong></span> <span class='ocrx_word' id='word_1_259' title='bbox 500 3223 597 3271; x_wconf 88' lang='lat' dir='ltr'><strong>qua</strong></span> <span class='ocrx_word' id='word_1_260' title='bbox 631 3208 747 3260; x_wconf 89' lang='lat' dir='ltr'><strong>belli</strong></span> <span class='ocrx_word' id='word_1_261' title='bbox 781 3228 1002 3264; x_wconf 87' lang='lat' dir='ltr'><strong>caussam</strong></span> <span class='ocrx_word' id='word_1_262' title='bbox 1027 3216 1320 3277; x_wconf 70' lang='lat' dir='ltr'><strong>quaerentes</strong></span> <span class='ocrx_word' id='word_1_263' title='bbox 1345 3211 1741 3273; x_wconf 78' lang='lat' dir='ltr'><strong>Atheniensibus,</strong></span> <span class='ocrx_word' id='word_1_264' title='bbox 1772 3216 2002 3274; x_wconf 82' lang='lat' dir='ltr'><strong>tanquam</strong></span> 
     </span>
    </p>
   </div>
   <div class='ocr_carea' id='block_1_3' title="bbox 408 3395 952 3461">
    <p class='ocr_par' dir='ltr' id='par_1_8' title="bbox 408 3395 952 3461">
     <span class='ocr_line' id='line_1_38' title="bbox 408 3395 952 3461; baseline 0.004 -15"><span class='ocrx_word' id='word_1_265' title='bbox 408 3402 454 3457; x_wconf 67' lang='lat'><strong>³¹⁸)</strong></span> <span class='ocrx_word' id='word_1_266' title='bbox 482 3395 552 3447; x_wconf 76' lang='lat' dir='ltr'><strong>cf.</strong></span> <span class='ocrx_word' id='word_1_267' title='bbox 582 3404 755 3449; x_wconf 84' lang='lat' dir='ltr'><strong>Welck.</strong></span> <span class='ocrx_word' id='word_1_268' title='bbox 781 3420 826 3461; x_wconf 84' lang='lat' dir='ltr'><strong>p.</strong></span> <span class='ocrx_word' id='word_1_269' title='bbox 854 3405 952 3448; x_wconf 74' lang='lat'>711.</span> 
     </span>
    </p>
   </div>
  </div>
 </body>
</html>
