2144 3854
907 294 1024 352 151

124 443 366 495 Althaeae
397 444 548 493 verba
580 444 704 492 haec
738 445 851 491 sunt
866 457 880 489 ε

811 519 1110 582 „Timida
1146 521 1450 569 elimiuor

262 602 592 664 Clamore,
636 601 832 651 simul
873 615 997 650 vox
1049 605 1209 649 nota
1261 600 1341 648 ad
1387 616 1588 649 aures
1637 599 1810 650 acci-

957 677 1023 727 di
1035 678 1104 728 t.''

125 764 203 812 Ex
237 763 513 812 narratione
545 765 708 810 autem
743 759 903 808 nuntii
937 775 1088 808 unum
1122 764 1351 808 servatur
1383 759 1712 824 fragmentum
1732 780 1744 810 ε

257 837 628 908 σιδηροβριθές
657 841 703 888 τ’
738 837 891 904 ἔλαβε
923 837 1064 906 δεξιᾷ
1097 837 1274 900 ξύλον.

128 922 366 973 Furorem
401 923 638 972 Althaeae
671 921 793 969 Attii
826 936 999 970 versus
1035 921 1274 970 describit
1304 922 1388 970 hic
1407 939 1421 970 ε

256 1002 475 1065 „Hem
509 1018 615 1052 cor
647 1002 753 1050 ira
773 1003 1000 1066 fervit
1036 1004 1337 1051 coecum!
1374 1004 1679 1052 amentia
1713 1020 1811 1052 ra-

979 1099 1017 1148 p
1034 1083 1134 1131 ior
1155 1085 1439 1149 ferorqu
1455 1083 1536 1131 e.’'

126 1162 200 1212 De
231 1164 420 1213 ratione
450 1164 648 1213 ultionis
682 1162 982 1224 deliberans,
1018 1164 1202 1229 stipitis
1235 1163 1530 1213 recordatur
1562 1163 1726 1213 fatalis
1742 1182 1755 1212 :

256 1244 458 1306 „Eum
491 1244 797 1309 sibifati
827 1228 1371 1293 interneffiouem
1392 1245 1564 1309 fore,

266 1323 394 1374 Ubi
427 1326 638 1374 torris
674 1330 850 1373 esset
884 1326 984 1374 int
999 1327 1303 1390 erfectus
1323 1326 1563 1390 flamm
1579 1322 1736 1374 eus.’'

128 1403 586 1455 Praestantissimus
621 1406 913 1455 narrationis
947 1406 1214 1455 Ovidianae
1247 1405 1386 1454 locus
1421 1412 1498 1455 est
1515 1443 1530 1467 ,
1578 1422 1675 1470 quo
1708 1406 1820 1470 pie-

127 1490 205 1534 tas
249 1502 364 1536 cum
409 1486 662 1536 iracundia
713 1487 762 1535 in
804 1487 972 1534 matris
1014 1486 1179 1535 animo
1232 1502 1455 1552 pugnans
1505 1487 1820 1538 describitur.

129 1564 276 1614 Hunc
309 1567 581 1616 imitatione
615 1567 679 1615 de
712 1566 972 1630 Euripidis
1006 1581 1159 1632 opere
1206 1582 1497 1630 expressum
1542 1583 1655 1616 esse
1698 1568 1822 1616 haec

131 1646 256 1695 Attii
287 1647 641 1713 Euripidisque
671 1647 949 1711 fragmenta
982 1651 1250 1695 testantur:

263 1726 491 1790 „Quae
547 1726 902 1777 vastitudo
954 1727 1120 1776 haec
1169 1733 1287 1776 aut
1335 1726 1508 1776 unde
1562 1727 1820 1776 invasit

966 1824 1018 1856 m
1029 1809 1050 1856 i
1060 1807 1094 1856 Ιι
1106 1807 1196 1856 i12''
1267 1854 1270 1857 .

263 1915 1507 1926 ----.-ι-μ--.--

264 1966 498 2031 „Nunc
523 1969 580 2017 si
600 1985 694 2016 me
721 1975 997 2017 matrem
1020 1985 1322 2018 mansues
1345 1967 1824 2018 misericordia

269 2048 467 2115 Gapsi
480 2045 572 2097 τῖ’
607 2075 672 2083 ——
707 2077 768 2085 -

261 2126 491 2193 τερπνὰν
521 2127 582 2179 τὸ
616 2129 734 2195 φῶς
766 2125 880 2195 μέν,
916 2126 977 2179 τὸ
1013 2127 1061 2180 δ’
1095 2127 1202 2180 ὑπὸ
1235 2130 1341 2197 γῆν
1375 2123 1514 2195 ᾅδου
1547 2127 1735 2189 σκότος

265 2206 442 2269 οὐδεὶς
475 2204 611 2261 ἑκὼν
645 2208 712 2260 ἂν
747 2209 891 2260 εἵλετ’
926 2211 1218 2275 ἄνθρωπος
1251 2211 1434 2276 μολεῖν
1462 2212 1530 2276 ³³).

264 2287 369 2356 ἐγὼ
401 2286 499 2356 μὲν
531 2284 648 2351 οὖν,
682 2292 890 2358 γεγῶσα
922 2291 1176 2359 τηλικήδ’,
1212 2290 1356 2357 ὅμως

265 2370 520 2423 obuiam-v&
557 2371 688 2424 αὐτὸ
721 2367 938 2424 κοῦποτ’
968 2375 1189 2439 εὔχομαι
1220 2373 1426 2424 θανεῖν.

133 2455 399 2517 Post-quam
445 2454 561 2502 vicit
607 2454 676 2502 ira
724 2460 776 2503 et
824 2455 1031 2503 devotus
1075 2460 1152 2504 est
1194 2454 1324 2502 filius
1360 2459 1507 2517 atque
1543 2451 1830 2500 combustus

134 2534 444 2598 inspectante
495 2533 694 2581 theatro
745 2548 910 2581 coram
971 2535 1067 2582 diis
1122 2533 1336 2598 publicis
1395 2531 1659 2599 (ἀντήλιοι
1713 2532 1832 2583 θεοί

136 2613 312 2679 fragm.
348 2614 454 2666 22.)
489 2611 654 2660 fatalis
687 2613 815 2672 titio,
851 2613 899 2660 in
933 2628 1130 2674 scenam
1165 2613 1299 2660 redit
1333 2629 1423 2661 rex
1437 2650 1453 2674 .,
1487 2629 1701 2676 seroque
1744 2629 1829 2662 co-

137 2693 277 2760 gnita
309 2691 497 2757 duplici
534 2692 812 2740 calamitate
846 2717 912 2728 —-

269 2772 331 2824 τὸ
364 2770 462 2837 μὲν
495 2766 553 2822 ἐν
586 2772 692 2841 φῷ,
728 2770 788 2822 τὸ
824 2769 881 2822 δὲ
913 2769 1047 2822 κατὰ
1081 2768 1268 2830 σκότος
1300 2769 1469 2821 κακόν
1500 2797 1567 2806 -

138 2855 289 2905 mittit
310 2853 606 2903 festinanter
634 2853 890 2916 famulum,
911 2854 992 2918 qui
1006 2853 1070 2901 de
1086 2852 1286 2901 filiivita
1298 2868 1354 2901 se
1369 2853 1633 2901 certiorem
1657 2852 1831 2902 faciat:

270 2933 483 2997 „Cave
516 2933 864 2983 lassitudo
889 2951 930 3001 p
949 2933 1123 3000 oplit
1141 2949 1237 2982 um
1273 2948 1535 2982 cursum
1571 2933 1770 2996 levet,

270 3013 596 3064 Laborem
661 3020 779 3063 aut
842 3015 1110 3064 minuat
1169 3013 1397 3062 itiner
1455 3014 1834 3080 ingressum

973 3110 1005 3143 v
1017 3095 1038 3143 i
1048 3091 1125 3143 a.'’

272 3173 346 3235 ὦς
376 3166 483 3241 ἡδὺ
517 3172 732 3234 δούλοις
765 3172 1020 3235 δεσπότας
1053 3167 1312 3241 χρηστοὺς
1344 3173 1526 3241 λαβεῖν

269 3253 360 3307 καὶ
396 3254 699 3306 δεσπόταισι
732 3254 931 3307 δοῦλον
964 3255 1155 3324 εὐμενῆ
1191 3254 1393 3322 δόμοις.

212 3371 259 3424 ⁴¹²)
289 3371 437 3429 Vulgo
467 3367 645 3421 οὖδέἰς
666 3367 847 3429 ὄνειρον
871 3367 1025 3421 οὐδεὶς
1048 3366 1329 3428 ἀνθρώπους
1349 3372 1518 3425 μολεῖν.
1546 3369 1704 3412 Varias
1726 3368 1836 3412 alio-

287 3455 388 3484 rum
417 3442 696 3485 coniecturas
726 3441 865 3485 refert
894 3440 1180 3485 Matthiaeus.
1220 3441 1271 3484 In
1299 3441 1444 3497 primo
1483 3455 1614 3483 versu
1644 3438 1727 3496 μέν
1756 3455 1836 3495 pro

291 3526 370 3566 μοι
394 3526 589 3567 reposui.
