2144 3854
941 306 1064 367 255

160 456 251 511 καὶ
284 456 472 525 ξίφους
503 454 845 523 πεμφθέντος
871 453 978 507 ὑπὸ
1011 456 1112 505 τοῦ
1131 451 1348 518 πατρός,
1381 454 1591 522 ἄνομον
1609 451 1839 520 κρίνασα

161 536 378 607 ἑαυτήν,
428 538 736 606 διεχρήσατο
759 540 825 602 ²³.)
881 528 1114 601 Ὁμοίως
1147 533 1206 586 δὲ
1237 533 1328 586 καὶ
1360 533 1392 587 ὁ
1427 535 1719 602 Μακαρεύς
1734 537 1837 600 **).

161 622 365 671 Praeter
395 621 487 670 hos
519 621 783 687 plurimum
816 618 878 667 ad
912 617 1306 683 perspiciendam
1340 619 1574 667 dramatis
1616 625 1838 670 naturam

161 701 328 750 Ovidii
376 700 606 764 (Heroid.
644 700 752 764 XI.)
805 698 999 748 confert
1029 698 1252 748 imitatio.
1318 699 1579 749 Accedunt
1625 700 1840 767 denique

160 781 520 845 Aristophanis,
557 781 805 840 Platonis,
839 778 1267 827 scholi-stamme·
1273 776 1349 844 ²³²³)
1384 785 1435 828 et
1467 779 1654 844 Hygini
1688 799 1838 846 quae-

158 861 273 910 dam
318 860 810 910 commemorationes
857 875 971 908 oum
1014 858 1407 924 fragmentorum
1451 875 1659 909 numero
1707 864 1839 915 haud

157 941 303 1006 plane
338 942 543 1005 exiguo,
590 940 767 1005 quibus
811 939 910 988 nixi
952 939 1148 989 auxiliis
1189 940 1284 988 iam
1332 938 1548 989 Grauert
1580 941 1630 989 in
1665 959 1840 994 museo

159 1021 318 1071 Rhen.
351 1022 463 1070 anni
497 1023 642 1072 1828.
678 1036 726 1085 p.
745 1020 804 1068 11.
832 1036 880 1085 p.
904 1022 984 1069 50.
1021 1024 1073 1068 et
1105 1018 1398 1069 Welckerus
1427 1037 1477 1085 p.
1497 1023 1610 1072 860.
1638 1038 1838 1088 operam

156 1102 207 1150 in
238 1101 581 1167 reperiendam
627 1101 862 1150 dramatis
908 1105 1208 1150 structuram
1255 1115 1349 1150 non
1394 1100 1616 1152 inutilem
1664 1111 1839 1154 contu-

154 1181 337 1233 Mant.

287 1260 486 1312 Nutrici
517 1267 684 1328 partes
715 1261 1029 1327 gravissimas
1062 1260 1274 1310 tributas
1325 1260 1483 1312 fuisse
1515 1278 1725 1313 necesse
1762 1271 1840 1315 est

153 1341 236 1391 vel
266 1341 395 1391 hauc
427 1343 491 1392 ob
525 1358 775 1403 caussam,
820 1342 954 1406 quod
988 1348 1161 1407 partus
1191 1342 1392 1406 virginis
1426 1348 1479 1392 et
1510 1344 1678 1394 atatim
1723 1353 1841 1411 post

155 1421 287 1472 hunc
345 1424 631 1486 asportandi
691 1423 894 1473 infantis
952 1429 1159 1472 conatus
1221 1423 1590 1474 ostendebatur.
1690 1426 1839 1477 Eius-

155 1502 272 1553 dem
316 1503 467 1567 igitur
511 1520 774 1568 personam
823 1503 1128 1570 aptissimam
1163 1503 1324 1553 fuisse
1357 1519 1541 1554 censeo
1574 1504 1636 1554 ad
1672 1505 1839 1558 dioen-

118 1629 124 1637 .
156 1584 274 1634 dum
308 1586 650 1650 prooemium,
698 1601 796 1650 quo
829 1601 956 1650 quae
990 1584 1392 1645 continebantur,
1439 1601 1610 1636 eorum
1643 1592 1838 1652 partem

156 1665 204 1714 in
239 1665 542 1729 Apollodoro
578 1665 613 1725 1,
649 1668 697 1726 7,
732 1668 779 1712 3.
815 1666 1036 1714 invenire
1068 1664 1189 1713 mihi
1233 1664 1431 1725 videor,
1481 1668 1701 1729 quamvis
1747 1683 1839 1718 no-

158 1745 287 1794 mina
333 1760 428 1794 non
474 1746 620 1810 plane
664 1745 983 1795 conveniant:
1038 1743 1235 1804 Αἴολος
1283 1741 1340 1795 δὲ
1389 1744 1686 1810 βασιλεύων
1731 1748 1840 1800 τῶν

157 1821 310 1889 περὶ
343 1821 467 1891 τὴν
502 1824 883 1876 Θεσσαλίαν
915 1823 1142 1876 τόπων
1168 1826 1313 1889 *”*)
1343 1818 1471 1887 τοὺς
1496 1824 1841 1891 ἐνοικοῦντας

157 1904 371 1966 Αἰολεῖς
399 1900 819 2002 προςηγόρευσε
851 1904 941 1957 καὶ
974 1906 1145 1972 γήμας
1184 1898 1470 1974 Ἐναρέτην
1502 1908 1602 1975 τὴν
1633 1911 1837 1978 Δηϊμά-

155 2003 257 2053 χου
289 1985 485 2047 παῖδας
516 1985 614 2053 μὲν
646 1984 924 2053 ἐγέννησεν
956 1983 1114 2050 έπτά,
1151 1985 1460 2054 Κρηθέα
1497 1989 1839 2056 Σίσυφον,

162 2060 571 2134 Ἀθάμαντα,
616 2067 1017 2134 Σαλμωνέα,
1062 2069 1301 2134 Δηῖόνα,
1347 2070 1643 2138 Μάγνητα,
1677 2075 1838 2138 Περι-

154 2148 313 2216 ήρην,
345 2148 647 2215 θυγατέρας
679 2149 737 2201 δὲ
771 2148 940 2213 πέντε,
979 2150 1334 2217 Κανάκην,
1363 2145 1673 2219 Ἁλκυόνην,
1712 2155 1838 2205 Πει-

155 2229 394 2296 σιδίκην,
449 2231 736 2297 Καλύκην,
771 2231 1099 2299 Περιμήδην.
1184 2234 1492 2298 Magnopere
1521 2237 1666 2284 enim
1716 2228 1839 2285 haec

154 2313 439 2379 conspirant
471 2329 583 2362 cum
615 2313 892 2379 fragmento
926 2315 1103 2380 primo,
1137 2315 1272 2379 quod
1307 2315 1423 2379 quin
1454 2316 1600 2365 huius
1638 2315 1704 2366 sit
1732 2323 1838 2366 tra-

153 2392 379 2456 goediae,
412 2407 510 2442 non
545 2393 663 2443 sinit
695 2394 922 2443 dubitare
953 2391 1295 2444 testimonium
1330 2395 1584 2445 Strabonis
1604 2394 1694 2460 †):

213 2506 265 2562 ²⁶)
294 2505 443 2549 Stolm
494 2507 656 2557 Αἴολος
693 2505 743 2551 δὲ
783 2505 889 2564 περὶ
930 2504 1107 2550 τούτων
1145 2504 1316 2561 μαθών
1365 2508 1424 2566 τῇ
1462 2508 1663 2567 θυγατρὶ
1703 2509 1837 2565 ξίφος

208 2579 212 2583 ’
291 2574 523 2631 ἔπεμψεν·
562 2575 593 2634 ἡ
632 2576 707 2634 δέ,
749 2593 821 2628 ως
860 2575 1044 2633 νόμον
1073 2577 1296 2633 δεξαμένη
1331 2576 1415 2622 τόν
1443 2580 1659 2646 σίδηρον,
1690 2577 1838 2637 αυτὴν

295 2643 457 2691 άνεῖλε.

201 2718 266 2774 **)
293 2717 557 2760 Accumtius
581 2718 732 2761 Stob..
763 2715 1021 2774 Μακαρευς
1049 2715 1114 2772 δέ,
1142 2716 1225 2762 τὸν
1252 2716 1540 2774 γεννήσαντα
1566 2720 1834 2777 προεξιλεω-

290 2788 498 2845 σάμενος,
526 2786 720 2845 ἔδραμεν
749 2789 815 2839 εἰς
841 2786 923 2832 τὰν
951 2788 1191 2843 θάλαμον·
1224 2787 1371 2846 εὑρών
1400 2787 1450 2833 δὲ
1478 2790 1564 2846 τὴν
1595 2787 1836 2849 ἀγαπωμέ-

289 2876 376 2915 νην
407 2858 796 2918 αἱμοῤῥαγοῦσαν,
825 2859 889 2916 τῷ
920 2859 1047 2918 αὐτῷ
1075 2860 1198 2916 ξίφει
1224 2856 1309 2904 τόν
1336 2861 1440 2918 βίον
1468 2860 1761 2919 περιέγραψε.

174 2930 266 2985 ·“)
296 2932 450 2975 Schol.
486 2930 620 2974 Arist.
651 2931 767 2974 Nub.
805 2929 941 2974 1374:
993 2930 1244 2989 γέγραπται
1292 2929 1343 2975 δὲ
1381 2933 1535 2991 δρᾶμα
1574 2928 1837 2990 Εὐριπίδου

291 3001 454 3054 Αἴολος
481 2998 738 3058 λεγόμενον,
770 3000 819 3045 ἐν
847 2995 882 3061 ᾧ
910 3000 1157 3060 παρήγαγε,
1174 3000 1431 3061 Μακαρέα,
1459 3001 1543 3048 τὸν
1570 3004 1722 3047 παῖδα
1757 3003 1837 3046 Αἰ-

294 3068 422 3126 όλου,
453 3074 716 3130 φθείραντα
742 3072 966 3128 Κανάκην
993 3071 1079 3130 τὴν
1108 3069 1328 3130 ἀδελφήν.
1384 3075 1510 3116 Idem
1537 3074 1652 3117 Ran.
1679 3073 1778 3117 873.

154 3141 266 3196 ‘'**)
294 3142 477 3186 Diodor.
498 3144 571 3197 lv,
590 3143 648 3186 67
658 3160 670 3186 ε
704 3140 792 3200 τὴν
820 3141 924 3188 τότε
951 3143 1036 3198 μὲν
1060 3144 1265 3198 Αἰολίδα,
1291 3144 1377 3188 νῦν
1394 3143 1446 3189 δὲ
1474 3146 1726 3190 Θετταλίαν
1752 3160 1835 3188 κα-

289 3213 530 3270 λουμένην.

205 3281 261 3334 †)
288 3282 452 3327 Strabo
482 3284 598 3326 vm.
621 3299 665 3340 p.
683 3282 783 3328 546.
810 3285 865 3327 B.
887 3282 1055 3340 (2460.
1095 3281 1126 3340 ἦ
1166 3282 1218 3328 δὲ
1255 3283 1485 3342 Σαλμῶνη
1516 3286 1710 3342 πλησίον
1738 3284 1834 3328 ἐστὶ

287 3352 372 3407 τῆς
402 3350 651 3411 ὁμωνύμου
681 3353 876 3414 κρήνης,
915 3353 961 3408 ἐξ
1000 3347 1055 3411 ἧς
1095 3353 1168 3412 ῥεῖ
1192 3353 1219 3400 o‘
1246 3351 1472 3407 Ἐνιπεύς.
1528 3352 1763 3413 Ἐμβοὶλλει
1791 3351 1834 3398 δ’

289 3422 356 3472 εἰς
382 3421 466 3468 τὸν
492 3424 706 3483 Ἀλφειόν,
732 3429 939 3471 καλεῖται
958 3424 1008 3470 δε
1039 3426 1124 3470 νῦν
1142 3428 1384 3485 Βαρνίχιος
1411 3431 1504 3472 κτλ.
1540 3424 1834 3471 Ἐνταῦθα

282 3491 389 3579 γὰρ
418 3495 762 3551 βασιλεῦσαι
788 3495 872 3541 τὸν
896 3494 1073 3554 πατέρα
1093 3492 1239 3554 αυτῆς
1259 3496 1536 3555 Σαλμωνέα,
1559 3493 1832 3553 καθάπερ

285 3578 384 3606 και
368 3562 739 3624 ὶΕὕριπίδης
768 3566 827 3612 ἐν
859 3564 1043 3625 Αἰόλῳ
1074 3569 1266 3624 φησίν.
