2144 3854
938 278 1058 336 143

296 425 636 494 staminaque
666 425 909 492 impresso
925 423 1133 488 ffitalia
1161 423 1352 489 pollice
1382 429 1584 488 neate&

302 507 636 574 Tempora,
663 505 923 566 eliserunt,
950 501 1178 552 eadem
1205 503 1524 572 lignoque
1545 503 1827 573 tibique,
1925 541 1929 546 .

299 587 343 637 0
374 586 559 637 modo
609 590 790 643 nate,
841 582 1078 632 damus.
1162 580 1272 643 Quo
1300 591 1571 650 postquam
1604 586 1831 636 camnine

987 660 1126 711 dicto

296 746 582 812 Excessere
615 742 763 803 deae,
782 743 1107 806 flagrantem
1140 746 1310 789 mater
1343 742 1407 791 ab
1440 743 1563 809 igne

293 825 507 892 Eripuit
541 830 729 872 torrem
759 821 1049 887 sparsitque
1081 821 1390 886 liquentibus
1421 824 1587 873 undis.

295 906 394 955 Ille
427 903 517 953 diu
540 904 723 968 fuerat
750 901 1106 967 penetralibus
1139 898 1343 950 abditus
1377 903 1507 965 imis·‚

295 985 644 1048 servatusque
676 988 805 1043 tuos,
839 982 1057 1043 iuvenis,
1089 990 1385 1032 servaverat
1429 984 1638 1032 annos.''

165 1065 552 1116 continuabatur
585 1063 766 1111 Dianae
798 1062 1014 1111 narratio
1049 1062 1147 1111 sic:

298 1141 484 1203 Οἰνεύς
515 1133 625 1193 ποτ’
661 1137 718 1191 ἐκ
748 1143 846 1207 γῆς
875 1140 1208 1206 πολύμετρον
1239 1139 1420 1206 λαβὼν
1457 1141 1671 1208 στάχυν,

292 1223 448 1276 θύων
479 1219 731 1287 ἀπαρχὰς,
764 1221 862 1272 οὐκ
894 1221 1044 1273 ἓ’θυσ’
1079 1219 1196 1286 ἐμοὶ
1227 1221 1366 1289 μόνῃ
1391 1220 1461 1289 *).

162 1305 244 1357 Cf.
277 1305 502 1356 Ovidium
534 1321 578 1355 v.
613 1307 710 1354 273
746 1319 883 1368 seqq.
903 1320 918 1351 ι

259 1423 262 1425 Α
292 1387 509 1451 „Oenea
541 1400 760 1451 namque
779 1385 966 1449 serunt
992 1384 1144 1450 pleni
1170 1384 1484 1434 successibus
1516 1385 1642 1435 anni

295 1465 561 1517 Primitias
581 1467 800 1530 frugum
838 1463 1030 1526 Cereri,
1064 1481 1161 1514 sua
1193 1465 1316 1514 vina
1350 1463 1543 1530 Ityaeo‚

295 1546 560 1597 Palladios
576 1547 760 1609 flavae
794 1546 978 1595 latices
1011 1545 1195 1594 libasse
1234 1543 1522 1598 Minervae.

259 1652 263 1655 ·
302 1627 522 1694 Coeptus
555 1625 620 1674 ab
655 1625 892 1689 agricolis
927 1624 1155 1689 Superos
1180 1625 1422 1690 pervenit
1457 1624 1527 1674 ad
1561 1642 1732 1677 omnes

298 1707 613 1757 Ambitiosus
645 1705 825 1763 honos3
859 1705 1044 1753 solas
1074 1705 1222 1753 sine
1253 1710 1404 1754 ture
1436 1706 1715 1756 relictas

298 1785 751 1836 Praeteritae
775 1783 1645 1847 cessasseseruntLetoidos
1671 1804 1839 1838 aras.

303 1865 495 1931 Tangit
529 1871 581 1914 et
612 1866 692 1913 ira
726 1864 859 1914 deos.
926 1865 1003 1913 At
1034 1879 1136 1914 non
1166 1866 1378 1931 impune
1394 1867 1647 1930 feremus,

301 1945 548 2012 Quaeque
578 1944 935 2006 inhonoratae‚
970 1948 1074 1994 non
1107 1951 1158 1994 et
1191 1939 1422 1994 diceni‘ur
1455 1946 1672 2009 inultae,

299 2024 490 2092 Inquit,
527 2031 578 2074 et
616 2024 813 2074 Oeneos
844 2025 1067 2074 ultorem
1097 2029 1275 2090 spreta
1300 2041 1401 2091 per
1435 2041 1584 2091 agros

302 2105 451 2156 Misit
485 2103 702 2172 aprum”
735 2110 831 2154 etc.

295 2187 403 2250 „Is
434 2185 617 2237 modo
651 2191 1039 2235 crescentes
1069 2190 1341 2251 segetes
1365 2187 1722 2252 proculcat
1773 2187 1841 2237 in

964 2277 966 2280 ’
1015 2265 1237 2336 herba,

299 2345 458 2396 Nunc
489 2353 697 2397 matura
729 2347 879 2396 metit
896 2346 1085 2410 fleturi
1116 2351 1238 2395 vota
1272 2346 1454 2409 coloni,

296 2427 377 2476 Et
413 2426 652 2476 Cererem
683 2427 740 2476 in
771 2426 926 2493 spicis
958 2424 1258 2494 intercipit’'
1293 2433 1388 2478 etc.

169 2507 294 2558 Cum
326 2506 407 2555 his
443 2505 668 2555 conferas
700 2507 875 2572 fragm.
908 2506 1082 2555 Attiizk
1692 2552 1698 2562 ,

304 2612 369 2623 —
402 2587 689 2651 „fruges
719 2585 1033 2652 prohibet
1061 2586 1699 2652 pergrandescere.”

168 2668 373 2718 Praeter
408 2671 575 2715 cetera
609 2666 1090 2715 commemorandum
1123 2666 1246 2714 deae
1279 2666 1395 2726 fuit,
1437 2666 1699 2716 adductam
1725 2684 1753 2716 a
1785 2684 1842 2718 se

166 2747 428 2798 Atalanten
476 2761 615 2804 esse,
661 2746 800 2795 cuius
845 2750 1051 2810 propter
1095 2760 1311 2794 amorem
1355 2745 1611 2809 Meleager
1642 2748 1842 2812 periret.

168 2829 243 2877 Ac
274 2826 471 2887 nescio,
506 2840 568 2875 an
602 2826 752 2875 etiam
786 2824 996 2875 Veneris
1030 2825 1309 2890 praesentia
1342 2825 1685 2890 colloquioque
1718 2842 1843 2892 opus

169 2906 355 2965 fuerit,
404 2906 510 2955 sine
553 2905 694 2956 cuius
740 2905 919 2955 auxilio
950 2904 1072 2954 illud
1105 2903 1287 2954 Dianae
1320 2905 1573 2956 consilium
1605 2906 1738 2956 haud
1766 2906 1845 2956 fa-

171 2987 266 3037 cile
309 2986 485 3051 perfici
529 2986 761 3051 potuerit.
841 2985 968 3034 Odio
1024 2989 1188 3033 autem
1239 2987 1630 3051 persequebatur
1674 2984 1844 3037 Venus

171 3065 464 3126 Atalantam,
498 3064 630 3129 quod
663 3081 693 3113 a
727 3064 952 3128 coniugio
986 3063 1296 3116 abhorrebat.

300 3145 489 3195 Prodiit
530 3144 710 3194 deinde
758 3144 938 3195 chorus
983 3143 1062 3194 vel
1104 3145 1343 3212 virginum
1398 3146 1478 3195 vel
1531 3146 1842 3209 feminarum,

226 3325 277 3380 ³⁸²)
302 3325 448 3383 Vulgo
485 3322 571 3371 οὐκ
596 3323 763 3371 ἔθυσεν
788 3322 1015 3382 Ἀρτέμιδι.
1084 3325 1246 3383 Bergk.
1277 3330 1323 3371 et
1348 3326 1570 3370 Welcker.
1599 3321 1657 3370 οὗ
1683 3326 1844 3371 καθω-

311 3394 442 3440 σίωσέ
468 3411 560 3453 μοι.
616 3396 849 3443 vehebant
878 3399 996 3441 certe
1025 3392 1083 3440 ου’
1110 3394 1371 3442 καθωσίωσ’
1401 3395 1520 3454 ἐμοί.
