2144 3854
903 274 1025 334 2⁰5

123 426 357 477 maritum
390 428 577 475 tantum
613 430 692 475 est
724 425 916 484 odium,
963 428 1039 473 ιιι·
1059 411 1221 487 neq'ue
1251 424 1413 490 ipsum
1447 440 1607 490 neque
1638 426 1794 478 filium

124 507 233 557 eius
269 506 587 571 superstitem
622 521 735 554 esse
768 503 966 569 cupiat:

257 584 511 637 α’πέπτυσ’
545 584 745 651 ἐχθροῦ
777 582 954 647 φωτὸς
985 579 1230 647 ἔχθιστον
1261 581 1422 645 τέκος.

126 667 297 732 ltaque
331 666 570 717 cunabula
602 664 803 714 infantis
838 680 951 713 eum
984 664 1035 713 in
1068 663 1230 714 locum
1264 666 1604 718 transferenda
1640 673 1797 730 curat,

126 749 212 797 ubi
244 747 470 811 Telepho
504 746 610 795 eius
643 750 862 809 potestas
897 743 980 794 sit.

255 826 588 891 Interponitur
620 825 800 873 chorus
827 823 1024 884 tertiuS,
1058 824 1120 873 ad
1142 823 1357 890 Telephi
1381 825 1702 879 calamitatem
1724 835 1798 879 at-

127 924 224 972 que
259 906 525 956 discrimen
558 904 836 969 pertinens:

257 985 423 1050 τόλμα
454 982 550 1046 ἀεί,
583 985 687 1034 κᾶν
718 1000 768 1034 τι
798 974 962 1049 τρηχὺ
994 980 1192 1051 νέμωσι
1222 983 1359 1039 θεοί.

128 1067 227 1116 lam
263 1067 471 1131 Ulysses
504 1066 919 1128 Agamemnonem
955 1066 1088 1127 adit,
1137 1065 1199 1115 de
1232 1067 1431 1132 hospite
1463 1069 1799 1133 quaesiturus:

259 1144 422 1205 κακός
452 1143 530 1204 τίς
565 1141 674 1195 ἐστι
704 1141 942 1211 προξένῳ
978 1155 1062 1196 σοι
1094 1145 1374 1211 χρώμενος.

126 1227 269 1277 Hanc
314 1227 670 1276 nuntiationem
714 1232 888 1291 aperte
935 1227 1291 1293 Aristophanes
1347 1228 1567 1279 imitatus
1621 1234 1700 1279 est
1753 1231 1804 1281 in

127 1306 334 1359 Thesm.
367 1310 494 1356 57⁸1:

259 1384 351 1440 καὶ
382 1390 489 1439 νῦν
521 1384 757 1447 οἰκούσας
789 1390 1007 1453 πρᾶγμα
1038 1385 1158 1454 περὶ
1189 1385 1343 1455 ὑμῶν
1374 1385 1524 1454 μέγα,

261 1467 422 1537 ὀλίγῳ
455 1484 506 1520 τι
538 1468 802 1532 πρότερον
845 1471 980 1519 κατ’
1017 1468 1139 1535 ἄγο
1155 1467 1273 1536 ρὰν
1305 1471 1423 1521 λαλ
1438 1467 1754 1535 ούμενον,

262 1547 377 1616 ἥκω
412 1548 635 1616 φράσων
668 1550 812 1600 τοῦτ’
847 1551 957 1602 κτλ.

134 1630 242 1680 Rex
275 1630 599 1697 ignorantiam
634 1647 771 1680 suam
807 1631 1069 1680 confitetur
1086 1648 1101 1680 ε

265 1709 430 1773 „Qui
497 1727 712 1780 neque
768 1712 1025 1761 cuiatis
1085 1717 1287 1773 esset,
1358 1727 1639 1780 unquam
1691 1728 1808 1778 po-

978 1797 1002 1840 t
1015 1807 1051 1840 u
1065 1792 1087 1840 i
1094 1809 1144 1841 m
1156 1807 1240 1852 ue,

278 1869 498 1919 Multa
534 1871 988 1936 erogitanteS,
1022 1873 1200 1922 soisc
1217 1870 1358 1922 ere''
1383 1869 1455 1936 *).

135 1951 425 2001 Arcessitur
466 1951 616 2014 igitur
659 1950 913 2016 Telephus
947 1953 1056 2015 ipse
1091 1956 1143 2000 et
1175 1953 1478 2002 convincitur
1507 1954 1568 2003 ab
1603 1953 1813 2019 Ulysse:

266 2026 357 2082 καὶ
389 2028 495 2096 μήν
529 2030 575 2079 σ’
610 2026 808 2096 ἐλέγξαι
841 2029 1106 2096 βούλομαι
1138 2030 1398 2098 τεκμηρίῳ
1421 2030 1518 2097 ²³⁸⁴²).

270 2110 395 2173 „Te
427 2111 641 2177 ipsum
674 2112 790 2162 Ιιοο
832 2117 1097 2179 oportet
1125 2114 1466 2179 profiteri
1499 2118 1559 2162 et
1589 2113 1813 2180 prolo-

974 2210 1004 2259 q
1015 2209 1051 2241 u
1063 2207 1083 2240 ι

273 2271 414 2321 Adv
429 2287 640 2321 orsum
676 2273 863 2322 illam
896 2272 1018 2321 mih
1033 2272 1093 2321 2⁶³³
1118 2269 1248 2334 **⁴‘).

139 2352 397 2417 Telephus
426 2352 642 2416 primum
677 2353 938 2402 obfirmato
963 2354 1124 2402 anImo
1152 2351 1467 2413 obmutescit,
1500 2351 1552 2400 id
1578 2351 1712 2416 quod
1738 2355 1818 2400 te-

143 2437 302 2483 statur
334 2431 544 2496 Amphis
578 2449 658 2496 ap.
693 2434 874 2482 Athen.
898 2432 982 2483 VI.
1008 2450 1060 2498 p.
1088 2434 1187 2482 224
1201 2449 1214 2480 ε
1265 2423 1363 2490 οὓς
1397 2430 1716 2497 (piscatores)
1751 2428 1822 2481 ἂν

144 2509 444 2577 ἐπερωτήσῃ
485 2527 578 2570 τις,
611 2509 646 2576 ἢ
679 2511 861 2576 λαβών
891 2529 942 2562 τι
974 2512 1083 2563 τῶν
1114 2507 1515 2576 παρακειμένων
1549 2509 1575 2562 ἒ
1582 2529 1615 2562 κ
1628 2528 1665 2562 υ
1677 2516 1717 2572 ψ
1733 2527 1757 2562 ε
1769 2529 1818 2574 ν,

147 2589 190 2644 ὥ
206 2607 363 2656 ςπερ
407 2589 725 2657 Τήλεφος,
759 2592 899 2656 π’ρῶ
916 2602 1033 2643 τον
1066 2597 1279 2659 σιωπῇ
1304 2594 1410 2645 κτλ.
1444 2592 1568 2641 Mox
1594 2593 1643 2642 in
1667 2609 1820 2659 angu-

146 2675 268 2725 stias
303 2672 587 2737 compulsus
621 2673 717 2720 hoc
750 2673 897 2722 dicit:

279 2743 323 2804 ὦ
359 2749 515 2816 Φοῖβ’
534 2743 804 2804 ’Ἄπολλον
836 2752 1018 2815 Λύκιε,
1051 2751 1102 2804 τί
1132 2749 1260 2804 ποτέ
1291 2752 1346 2816 μ’
1381 2747 1608 2816 εἶργοῖσει
1620 2769 1644 2810 ‚-

216 2967 262 3023 *)
291 2966 400 3010 Attii
426 2965 593 3023 ftagm.
625 2979 668 3007 n.
695 2964 738 3009 9.

200 3038 262 3092 1·’)
290 3037 513 3092 Aristoph.
553 3037 634 3091 Eq.
664 3051 708 3079 v.
736 3032 862 3080 1232.
919 3033 1175 3078 Ridiculam
1214 3033 1259 3077 in
1296 3033 1387 3077 illis
1425 3032 1716 3078 imitationem
1755 3033 1827 3078 in-

294 3121 391 3150 esse
418 3107 706 3149 manifestum
733 3109 813 3148 est.
883 3105 1068 3147 Versum
1096 3103 1223 3147 1240.
1262 3103 1507 3147 scholiasta.
1531 3105 1627 3160 ipse
1656 3105 1827 3148 notavit

292 3191 348 3220 ex
383 3177 587 3232 Telepho
627 3178 886 3231 decerptum
925 3188 1038 3218 esse.
1094 3176 1266 3219 Rursus
1306 3175 1494 3220 eandem
1524 3175 1826 3230 quaestionem

295 3247 612 3304 Aristophanes
639 3248 686 3290 in
713 3248 897 3290 Thesm.
928 3244 1027 3289 627.
1057 3245 1275 3290 imitatur:

405 3312 586 3372 ἄπελθ’,
613 3315 699 3372 ἐγώ
730 3315 816 3375 γὰρ
843 3316 1051 3374 βασανιῶ
1077 3314 1254 3374 ταύτην
1280 3317 1431 3368 καλῶς
1457 3318 1549 3360 κτλ.

160 3387 270 3442 1““’*“’““)
297 3387 429 3434 Ennii
453 3387 620 3447 fragm.
648 3402 692 3432 n.
721 3386 766 3431 5.
