2176 3874
949 289 1069 346 461

297 435 583 504 Pressaque
604 438 712 486 iam
733 435 958 503 gravida
983 437 1240 504 crepitent
1272 436 1369 485 tibi
1393 442 1545 502 terga
1570 435 1841 502 pharetra,

297 517 487 581 Dirige
521 516 847 584 odorisequos
880 515 950 566 ad
985 523 1132 566 certa
1167 516 1358 566 cubilia
1392 517 1595 567 cane8.’'

295 596 510 646 Etiamsi
542 597 674 646 euim
706 601 874 646 tantae
908 595 1182 661 elegantiae
1213 612 1386 647 versus
1433 597 1486 647 in
1518 595 1713 645 Livium
1746 595 1842 645 mi-

165 677 297 726 nime
331 675 531 738 cadunt,
556 682 720 727 tamen
755 677 819 726 de
851 691 907 725 re
939 676 1048 739 ipsa
1080 692 1181 725 non
1204 682 1282 726 est
1316 676 1447 741 quod
1482 676 1760 726 dubitemus
1773 674 1844 739 *).

165 756 583 806 Efficacissimum
644 757 774 807 enim
829 759 935 805 erat
992 755 1055 803 ad
1112 756 1503 806 misericordiam
1555 755 1846 805 movendam

164 836 373 885 venandi
427 837 644 886 studium
693 852 752 886 eo
800 836 909 900 ipso
956 839 1182 898 tempore
1229 836 1289 883 ab
1332 836 1513 900 ignaris
1555 835 1846 901 praedicari,

166 931 266 980 quo
295 906 423 965 *illud
457 916 628 965 liberis
661 915 792 981 regis
825 914 1154 978 perniciosum
1188 914 1295 963 fuit.
1367 915 1543 965 Statim
1572 916 1701 964 enim
1733 920 1849 982 post

166 994 299 1044 hunc
344 1001 542 1045 cantum
592 1009 771 1059 corpus
803 993 1017 1042 Learchi
1062 993 1314 1044 interfecti
1364 1012 1476 1045 cum
1525 996 1733 1044 moestis
1775 995 1848 1044 la-

167 1075 346 1125 mentis
380 1076 443 1126 ad
477 1075 626 1124 aedes
670 1074 831 1137 regias
879 1073 1093 1123 relatum
1136 1074 1384 1140 simulque
1415 1092 1555 1135 rem,
1603 1076 1848 1139 quomodo

166 1155 445 1216 evenisset,
479 1155 540 1203 ab
575 1169 670 1202 uno
706 1170 769 1203 ex
802 1154 1064 1203 comitibus
1098 1155 1389 1220 expositam,
1422 1154 1588 1219 paullo
1620 1160 1734 1219 post
1767 1171 1849 1204 re-

166 1250 279 1299 gem
324 1235 488 1299 ipsum
534 1239 761 1283 secutum
808 1250 921 1283 esse
967 1250 1176 1284 necesse
1225 1241 1316 1285 est.
1404 1235 1479 1284 De
1524 1250 1623 1299 quo
1669 1239 1850 1284 eventu

168 1314 294 1363 haec
320 1313 438 1363 dicit
465 1312 726 1378 Hyginus:
778 1315 1050 1374 „Athamas
1084 1321 1249 1364 autem
1283 1315 1335 1363 in
1360 1315 1618 1364 venatione
1649 1331 1740 1380 per
1774 1316 1850 1364 in·-

167 1394 355 1443 saniam
386 1393 685 1453 Learchum,
719 1394 958 1444 maiorem
991 1395 1150 1444 filium
1184 1410 1343 1455 suum,
1376 1394 1677 1445 interfecit?
1746 1394 1850 1446 Ob·-

166 1474 291 1523 viam
336 1473 486 1538 igitur
531 1478 764 1522 currente
808 1473 943 1535 filio,
990 1475 1228 1525 Athamas
1275 1490 1367 1540 per
1397 1475 1637 1524 insaniam
1671 1477 1732 1525 ab
1767 1475 1850 1524 Ιιι-

167 1569 300 1604 none
331 1552 620 1613 immissam,
649 1568 848 1603 cervum
884 1569 998 1603 eum
1033 1571 1147 1604 esse
1179 1561 1336 1617 ratuS,
1363 1555 1463 1604 telo
1497 1553 1850 1619 transfixit**).

169 1633 471 1684 Vitulantem
515 1632 865 1682 Athamantem
910 1640 1060 1698 atque
1105 1636 1431 1685 exsultantem
1475 1635 1692 1698 laetitia,
1740 1652 1850 1685 cum

167 1714 358 1762 insania
406 1712 677 1762 etiamtunc
731 1718 1013 1777 teneretur,
1072 1715 1222 1765 simili
1266 1715 1414 1765 modo
1459 1721 1608 1779 atque
1652 1718 1852 1781 Agaven

167 1795 219 1844 in
267 1809 467 1842 scenam
516 1792 708 1842 redisse
743 1810 806 1842 ex
843 1794 1084 1845 Cicerone
1117 1796 1355 1846 discimus
1390 1797 1514 1845 haec
1547 1797 1598 1845 in
1629 1796 1755 1845 libro
1789 1795 1853 1845 de

167 1874 373 1938 harusp.
408 1887 538 1937 resp.
574 1889 615 1922 c.
651 1875 732 1924 18.
769 1873 1051 1925 referente:
1107 1876 1255 1937 „Non
1303 1883 1418 1926 sunt
1449 1876 1522 1924 illi
1554 1876 1764 1926 eiulatus
1801 1880 1854 1925 et

169 1953 382 2018 gemitus
416 1952 729 2002 Philoctetae
760 1958 863 2003 tam
912 1957 1113 2018 miseri,
1165 1973 1462 2021 quamquam
1508 1960 1624 2005 sunt
1668 1956 1853 2018 acerbi,

171 2049 349 2098 quam
410 2032 529 2081 illa
591 2030 963 2084 exsultatio
1013 2036 1436 2086 Athamantis
1483 2041 1536 2086 et
1582 2052 1727 2100 quam
1771 2051 1854 2085 so-

169 2113 354 2162 mnium
399 2112 819 2162 mati-hidarum?
902 2115 1126 2181 Corpora
1170 2122 1480 2166 mortuorum
1524 2116 1854 2180 conspiciens,

168 2193 295 2242 haec
338 2192 446 2257 ipsa
490 2207 689 2256 quoque
735 2193 843 2243 sine
888 2194 1040 2245 dubio
1073 2212 1166 2261 pro
1197 2197 1320 2246 feris
1356 2198 1407 2247 in
1439 2203 1616 2246 venatu
1648 2196 1854 2245 interfe-

171 2273 263 2322 ctis
296 2271 471 2322 habuit
513 2277 565 2320 et
598 2272 713 2331 filii,
751 2289 896 2337 quem
933 2291 1132 2325 cervum
1167 2293 1280 2326 esse
1312 2278 1543 2342 putabat,
1587 2276 1738 2325 funus
1772 2292 1856 2325 re-

171 2351 320 2416 liquis
353 2351 533 2415 apponi
564 2351 726 2400 iussit.
773 2353 1035 2403 Postremo
1068 2357 1118 2404 in
1151 2356 1352 2405 domum
1386 2374 1415 2405 a
1449 2356 1745 2406 satellitibus
1780 2356 1857 2404 lu-

171 2432 398 2495 gentibus
432 2429 674 2478 ‹leductus
710 2436 814 2492 est,
858 2433 974 2482 inde
1020 2450 1136 2483 mox
1184 2436 1251 2484 ad.
1283 2436 1572 2484 immensam
1608 2435 1857 2485 calamita-

172 2517 277 2561 tem
309 2509 621 2570 intuendam,
658 2525 775 2559 sana
809 2519 975 2562 mente
1008 2520 1235 2579 recepta,
1271 2516 1541 2564 rediturus·

309 2589 451 2640 Haec
486 2588 738 2639 videntem
773 2591 975 2647 Inonem
1021 2595 1192 2661 ingens
1226 2595 1405 2645 invasit
1439 2595 1578 2644 dolor
1615 2599 1667 2644 et
1699 2593 1857 2644 facto-

175 2685 285 2725 rum
318 2670 656 2734 poenitentiae
1404 2706 1410 2712 .

309 2746 462 2814 φίλαι
492 2750 770 2814 γυναῖκες,
805 2751 920 2812 πῶς
953 2750 1020 2803 ἂν
1054 2749 1105 2816 ἐξ
1143 2753 1306 2821 ἀρχῆς
1339 2752 1542 2819 δόμους

308 2828 642 2895 Ἀθάμαντος
673 2829 974 2898 οἰκήσαιμι,
1010 2835 1117 2885 τῶν
1149 2833 1533 2901 πεπραγμένων

305 2908 552 2974 δράσασα
584 2909 780 2975 μηδέν·
916 2943 982 2952 -
1115 2943 1182 2951 -
1314 2944 1380 2952 —-

306 3018 369 3029 ...-
504 3018 571 3027 -ι
706 3019 765 3029 -ι
902 3021 1360 3032 u——n—

228 3132 279 3186 ³⁹⁶)
310 3130 380 3173 Cf.
404 3131 577 3174 Welck.
609 3148 654 3188 p.
687 3132 788 3176 625.

205 3201 283 3256 *ἢ
310 3202 541 3244 Plutarch.
572 3204 732 3248 δεισιδ.
766 3220 811 3260 p.
842 3203 949 3245 1632
1002 3201 1029 3248 ὁ
1065 3206 1300 3263 Τειρεσίας
1344 3205 1506 3265 ἐχρῆτο
1547 3207 1765 3265 δνςτνχίᾳ
1793 3204 1855 3263 μὴ

312 3270 492 3329 βλέπων
537 3271 596 3318 τὰ
638 3275 778 3319 τέκνα
818 3273 934 3330 μηδὲ
973 3272 1085 3327 τοὺς
1124 3276 1368 3333 συνήθεις,
1420 3276 1444 3322 ὁ
1496 3276 1558 3321 δὲ
1608 3274 1859 3331 Ἀθάμας

311 3342 550 3397 μείζονι
588 3345 668 3389 καὶ
707 3343 738 3401 ἡ
769 3343 952 3400 Ἀγαύη,
999 3344 1332 3403 βλέποντες,ὦς
1359 3347 1544 3398 λέοντας
1580 3347 1683 3391 καὶ
1724 3343 1858 3390 ἐλά-

313 3426 491 3466 φους·
535 3415 615 3459 καὶ
643 3418 709 3475 τῷ
736 3413 948 3475 Ἡρακλεῖ
975 3414 1130 3472 δήπου
1158 3415 1347 3474 μανέντι
1375 3417 1487 3470 τοὺς
1513 3417 1630 3470 ὐἱεῖς
1657 3416 1857 3462 ἐλυσιτέ-

311 3484 378 3527 λει
405 3480 518 3540 μήτε
547 3486 665 3531 ἰδεῖν
693 3484 808 3544 μήτε
838 3484 1095 3533 αἰσθέσθαι
1123 3487 1362 3548 παρόντας
1390 3492 1482 3535 κτλ.
