2176 3874
1146 286 1270 343 416

372 439 543 488 docet:
577 449 684 485 sum
716 433 826 499 pius
862 446 980 497 ergo
1015 430 1153 493 deos,
1187 432 1318 482 fidus
1351 431 1519 482 amicis
1553 446 1714 498 neque
1745 433 2036 499 postulanti-

370 521 463 569 bus
497 515 660 577 iniqua
693 528 853 576 neque
883 512 1278 578 praestantibuS,
1322 512 1456 560 idem
1501 518 1624 561 sum·
1645 514 1928 564 absentibus
1961 519 2040 566 at—

370 612 468 661 que
499 593 840 659 praesentibus
872 592 1210 653 familiaribus,
1242 608 1347 641 rem
1373 596 1535 641 autem
1565 607 1824 643 veneream
1847 593 2040 644 nonnisi

370 690 431 723 ex
474 673 829 722 narrationibus
875 672 1262 734 imaginibusque
1306 671 1444 731 novi,
1499 688 1659 735 neque
1702 677 1870 722 tamen
1921 673 2038 722 talia

369 752 692 816 cognoscendi
726 753 932 817 cupidus
968 767 1091 800 sum.
1159 751 1213 799 Si
1249 752 1575 800 continentiae
1607 767 1750 801 meae
1780 751 1901 800 non*
1922 766 2038 802 con-

368 832 500 889 fidis,
537 831 759 891 ostende,
795 832 1084 894 quibusnam
1112 831 1360 880 illecebris
1383 831 1588 880 deleniri
1610 831 1871 896 potuerim.
1909 830 2037 882 Num

369 910 526 960 forma
559 925 682 960 uxor
717 911 990 959 excellebat
1022 912 1140 959 tua?
1207 912 1282 959 An
1318 911 1461 959 domo
1486 916 1538 959 et
1571 905 1722 974 regno
1746 911 1894 976 potiri
1928 916 2039 976 pot-

368 1006 503 1039 eram
551 990 644 1038 hac
689 990 965 1054 potiundo?
1044 990 1315 1039 Stultorum
1373 1005 1487 1038 esse
1544 991 1671 1039 duco
1714 1006 1864 1056 regna
1910 990 2039 1040 affe-

367 1076 520 1119 ctare.
586 1069 912 1135 Principatum
948 1070 1069 1118 mihi
1103 1071 1384 1132 contingere
1417 1071 1465 1117 in
1490 1070 1874 1130 certaminibus,
1910 1086 2038 1135 quae

367 1149 545 1199 Graeci
579 1149 843 1208 celebrant,
882 1150 1047 1214 cupio,
1082 1149 1390 1213 reipublicae.
1415 1155 1576 1198 autem
1618 1150 2038 1200 administratione

365 1230 475 1278 aliis
534 1245 770 1277 concessa
826 1245 935 1277 cum
963 1229 1152 1277 „amicis
1205 1244 1287 1277 me
1338 1228 1588 1277 delectare
1637 1245 1839 1278 securus
1886 1235 2036 1293 atque

365 1310 549 1358 otiosus
584 1308 725 1357 malo.
795 1308 849 1356 Si
877 1309 1062 1356 viveret
1095 1323 1220 1371 quae
1252 1324 1335 1356 me
1368 1308 1638 1368 accusavit,
1686 1324 1743 1357 re
1786 1313 1840 1358 et
1883 1308 2035 1359 factis

364 1404 472 1438 eam
505 1388 797 1436 convincere
829 1403 1045 1452 possem.
1115 1386 1255 1436 Nunc
1290 1388 1447 1436 solum
1484 1387 1774 1452 relinquitur
1815 1403 1912 1452 quo
1954 1389 2036 1438 in-

361 1468 639 1517 nocentiam
672 1467 934 1516 defendam
966 1468 1308 1518 iuramentum.
1376 1466 1492 1516 lnde
1528 1466 1649 1515 diris
1683 1467 2032 1522 exsecrationi-

364 1546 455 1595 bus
492 1563 547 1595 se
595 1547 704 1611 ipse
750 1547 1028 1610 obstringit.
1094 1546 1318 1610 Denique
1351 1562 1602 1606 caussam,
1648 1562 1743 1610 qua
1788 1551 2033 1597 commota

360 1625 585 1676 Phaedra
618 1632 829 1676 mortem
863 1628 957 1676 sibi
983 1627 1291 1688 consciverit,
1325 1610 1459 1675 tecte
1485 1626 1659 1689 innuit,
1694 1626 1783 1676 sed
1815 1626 2035 1681 indicare

358 1706 435 1755 fas
472 1707 563 1756 sibi
597 1723 710 1756 esse
745 1712 906 1771 negat.

488 1786 790 1836 Mirabiliter
837 1792 976 1852 pater
1022 1788 1239 1838 afficitur
1283 1787 1618 1837 moderatione
1662 1791 1715 1838 et
1763 1786 2033 1837 constantia

359 1867 719 1927 adolescentis;
755 1867 842 1916 sed
877 1872 1069 1918 tantum
1100 1871 1268 1928 abest,
1304 1874 1358 1917 ut
1391 1885 1500 1918 eam
1533 1884 1561 1916 a
1597 1867 1895 1918 conscientia
1925 1867 2033 1917 veri

358 1948 582 2011 rectique
615 1947 867 2011 proficisci
900 1949 1098 2011 credat,
1134 1955 1190 1998 ut
1223 1948 1362 1997 illum
1406 1954 1514 1997 arte
1547 1948 1736 2014 magica
1769 1948 1833 1997 ad
1866 1963 1923 1996 se
1953 1947 2031 1996 in-

359 2026 651 2075 cantandum
685 2027 755 2075 uti
787 2027 1072 2076 arbitretur.
1139 2028 1355 2077 Poenam
1399 2027 1580 2076 deinde
1613 2026 1870 2076 constituit
1901 2042 2029 2086 eam,

357 2121 500 2170 quam
533 2111 694 2154 morte
728 2106 775 2153 ei
809 2108 1116 2155 miseriorem
1141 2106 1249 2155 fore
1275 2112 1458 2170 sperat,
1491 2111 1546 2155 ut
1579 2107 1727 2155 vitam
1751 2106 1909 2165 exsul,
1943 2122 2028 2156 va-

354 2200 465 2248 gus,
501 2199 682 2248 egenus
718 2185 877 2248 degat.
944 2185 1074 2234 Tum
1107 2202 1226 2235 vero
1261 2185 1585 2251 Hippolytus,
1621 2186 1847 2235 omnibus
1879 2186 2028 2235 rebus

354 2262 541 2313 frustra
574 2265 794 2325 tentatiS,
828 2281 888 2313 an
921 2265 1124 2314 deorum
1157 2265 1325 2325 fidem,
1368 2282 1461 2329 qua
1497 2265 1642 2330 perit,
1674 2264 2028 2330 fallereprae-

355 2349 484 2404 stet,
533 2343 806 2407 paullulum
853 2346 1069 2410 ambigit.
1141 2345 1241 2394 Sed
1285 2350 1548 2410 postquam
1603 2360 1666 2393 ne
1710 2344 1783 2393 sic
1827 2344 2028 2408 quidem

355 2439 646 2489 persuasum
677 2424 739 2472 iri
774 2425 903 2488 patri
938 2425 1192 2486 intellexit,
1227 2425 1287 2473 ad
1307 2425 1623 2474 constantiam
1653 2423 1782 2473 redit
1816 2429 1867 2474 et
1892 2424 2029 2475 ferre
2089 2476 2113 2496 ι

353 2502 520 2568 potius
550 2503 796 2553 miseriam
823 2505 1091 2564 constituit,
1127 2520 1271 2568 quam
1299 2504 1483 2552 violare
1506 2505 1854 2557 iusiurandum.
1890 2505 2026 2568 Quo-

353 2599 464 2632 nam
499 2588 664 2632 autem
700 2599 755 2632 se
787 2588 975 2643 vertat,
1009 2600 1269 2648 quemnam
1301 2585 1547 2648 hospitem
1581 2583 1742 2646 adeat,
1778 2586 1839 2634 ob
1873 2585 2024 2634 talem

355 2662 545 2726 culpam
582 2662 878 2712 damnatus?
946 2664 1179 2714 Profecto
1213 2665 1334 2714 nihil
1367 2665 1509 2728 peius
1544 2667 1622 2712 est
1653 2663 1855 2712 infamia
1886 2665 2026 2714 inno-

353 2742 496 2790 centi.
543 2742 701 2791 Tecta
741 2743 850 2807 ipsa
883 2748 1031 2808 putes
1067 2761 1239 2795 vocem
1271 2745 1467 2793 mittere
1499 2759 1557 2791 ac
1591 2743 1764 2792 testari
1790 2743 2024 2794 innocen-

350 2822 468 2871 tiam
488 2820 671 2870 debere
698 2822 1044 2885 adolescentis,
1080 2825 1221 2874 cuius
1255 2823 1454 2873 miseria
1485 2826 1621 2871 tanta
1654 2827 1748 2884 est,
1781 2828 1836 2872 ut
1867 2823 2024 2873 nemi-

351 2917 464 2950 nem
497 2901 668 2949 credas
704 2908 802 2951 tam
839 2903 1013 2951 durum
1050 2919 1179 2965 esse,
1213 2904 1298 2967 qui
1324 2902 1628 2967 conspiciens
1663 2918 1770 2952 eam
1804 2903 2022 2952 lacrimis

350 2985 611 3043 temperet.
679 2981 779 3031 Sed
820 2987 962 3046 pater
1003 2983 1220 3047 querelis
1253 2999 1348 3032 non
1392 2982 1544 3046 magis
1588 2997 1732 3045 quam
1764 2997 2022 3046 argumen-

349 3059 417 3108 tis
449 3066 697 3120 movetur,
734 3077 791 3110 ac
824 3066 1075 3125 postremo
1109 3079 1279 3112 servos
1325 3077 1435 3112 eum
1482 3077 1574 3126 per
1604 3062 1700 3109 vim
1733 3060 2022 3111 abstrahere

351 3139 505 3188 iubet.
573 3139 702 3189 Tum
736 3140 1041 3206 Hippolytus
1075 3143 1239 3192 valere
1272 3142 1406 3191 iubet
1440 3140 1611 3202 deam,
1657 3156 1801 3204 quam
1835 3141 2018 3194 sociam

353 3222 407 3268 et
448 3218 711 3268 fautricem
756 3221 949 3282 habuit,
998 3223 1158 3272 valere
1190 3223 1376 3287 patriae
1417 3220 1607 3282 solum,
1657 3220 1708 3268 in
1754 3235 1851 3284 quo
1899 3220 2017 3271 edu-

352 3303 487 3348 catus
521 3299 830 3365 nutritusque
864 3307 967 3363 est,
1015 3308 1066 3353 et
1116 3302 1455 3353 comitantibus
1505 3299 1791 3365 aequalibus
1841 3316 1870 3350 e
1900 3315 2017 3350 con-

351 3385 526 3444 spectu
560 3378 676 3428 abit.

479 3458 707 3524 Carmen,
742 3459 872 3524 quod
901 3461 1138 3526 sequitur,
1171 3461 1234 3512 ad
1257 3461 1481 3524 feminas,
1515 3475 1642 3526 quae
1666 3459 1870 3510 chorum
1901 3458 2015 3509 effi·
