2176 3874
1033 235 1157 294 467

245 403 394 452 supra
442 392 653 436 aetatem
702 386 966 436 militarem
1028 389 1403 450 provectorum,
1469 400 1681 450 quorum
1724 385 1944 436 carmine

243 468 462 518 hostium
499 468 571 516 vis
608 472 660 517 et
694 468 881 517 ferocia
915 466 1246 515 describitur:

375 548 619 608 „Arma
655 549 917 614 rigent,
954 545 1365 595 horrescunt
1399 547 1600 598 tela.'’

373 628 528 677 Redit
562 630 610 676 in
639 644 837 677 scenam
864 626 1197 687 ErechtheuS,
1224 642 1370 689 quem
1406 627 1573 690 paullo
1608 633 1726 693 post
1757 643 1940 694 praeco

241 709 302 757 ab
338 709 568 758 hostibus
599 709 783 757 missus
820 706 1064 756 convenit.
1149 705 1302 754 Cuius
1340 707 1508 756 audita
1544 709 1797 770 oratione,
1849 724 1942 759 rex

239 790 455 856 primum
515 789 711 854 quidem
767 786 1101 852 improbitatis
1152 785 1435 835 Eleusinios
1493 795 1718 838 accusat:
1785 789 1940 855 impie

240 871 372 918 enim
421 869 591 919 facere
640 869 920 934 quicunque
956 865 1139 914 Graeci
1174 872 1345 914 contra
1383 866 1634 933 Graecos,
1684 886 1939 920 sacrorum

242 952 595 999 communitate
629 949 799 1011 iuncti,
832 964 967 996 arma
1001 947 1196 996 ferant:
1234 962 1382 1010 quem
1419 948 1584 999 locum
1618 952 1668 1002 in
1687 950 1938 1016 Lysistra-

241 1037 325 1080 tae
360 1028 576 1079 fabulam
612 1028 971 1094 Aristophanes
1007 1027 1263 1077 transtulit
1299 1026 1368 1090 (v.
1407 1028 1607 1093 1131.):

373 1139 436 1148 —
537 1137 603 1146 -—
705 1137 766 1146 —
871 1108 924 1158 οἳ
957 1112 1080 1173 μιᾶς
1114 1123 1172 1172 γε
1207 1106 1450 1174 χέρνιβος

373 1182 590 1257 βωμοὺς
622 1186 1078 1255 περιρραίνοντες,
1115 1185 1283 1253 ὥςπερ
1319 1186 1605 1255 ξυγγενεῖς,

359 1263 747 1335 Ὀλυμπίασιν,
785 1268 844 1322 ἐν
878 1270 1112 1331 Πύλαις,
1152 1271 1349 1320 Πυθοῖ
1380 1270 1672 1338 (πόσους*)

368 1350 558 1418 εἴποιμ’
595 1350 663 1402 ἂν
697 1354 921 1414 ἄλλους,
957 1352 1008 1402 εἴ
1039 1369 1102 1417 με
1137 1351 1395 1417 μηκύνειν
1430 1349 1614 1419 δέοις),

371 1429 583 1499 ἐχθρῶν
616 1433 904 1498 παρόντων
939 1432 1234 1498 βαρβάρων
1269 1434 1671 1502 στρατεύμασιν,

369 1509 634 1580 ΓΈλληνας
668 1514 871 1578 ἄνδρας
905 1512 995 1566 καὶ
1028 1513 1203 1574 πόλεις
1236 1513 1512 1566 ἀπόλλυτε.

362 1588 436 1655 εἷς
469 1594 568 1660 μὲν
603 1595 760 1662 λόγος
794 1614 886 1661 μοι
923 1594 1069 1661 δεῦρ’
1106 1593 1185 1646 ἀεὶ
1219 1595 1522 1661 περαίνεται
1541 1599 1636 1664 ‘'⁵³2‘).

236 1675 430 1727 Deinde
479 1679 710 1726 iniustam
765 1694 960 1742 quoque
1004 1678 1223 1725 hostium
1272 1695 1499 1728 caussam
1546 1696 1660 1729 esse
1711 1679 1936 1729 ostendit

235 1763 290 1809 et
323 1763 530 1824 propter
566 1774 677 1806 eam
712 1758 1005 1807 iniustitiam
1041 1758 1155 1806 illos
1192 1758 1458 1808 inferiores
1494 1760 1606 1810 fore
1640 1765 1838 1826 sperat:

367 1835 461 1898 τὰς
497 1836 683 1896 οὐσίας
716 1835 818 1903 γὰρ
852 1838 1054 1904 μᾶλλον
1087 1835 1122 1903 ἢ
1154 1836 1248 1898 τὰς
1282 1837 1527 1904 ἁρπαγὰς

365 1924 525 1983 τιμᾶν
561 1918 799 1969 δίκαιον·
837 1921 958 1970 οὔτε
991 1916 1095 1984 γὰρ
1130 1919 1361 1981 πλοῦτός
1393 1935 1522 1972 ποτε

367 1998 587 2065 βέβαιος
620 1999 806 2059 ἄδικος
937 2028 1004 2039 -—
1138 2029 1203 2036 —-
1339 2030 1401 2038 —

365 2079 576 2141 κούδεὶς
610 2079 932 2145 στρατεύσας
965 2079 1126 2131 ἄδικα
1160 2081 1266 2141 σῶς
1297 2073 1466 2146 ἦλθεν
1498 2079 1658 2133 πάλιν
1672 2081 1798 2144 ξεΗ).

368 2154 470 2213 σὺν
504 2164 615 2221 τοῖς
649 2164 826 2212 θεοῖσι
857 2154 987 2221 τοὺς
1021 2154 1230 2227 σοφοὺς
1264 2165 1434 2213 κινεῖν
1469 2161 1605 2227 δόρυ

369 2242 730 2308 στρατηλάτας
764 2243 889 2310 χρή,
923 2244 1033 2294 τῶν
1065 2244 1214 2294 θεῶν
1248 2239 1306 2294 δὲ
1339 2241 1411 2309 μὴ
1446 2241 1552 2311 βίᾳ.

233 2323 611 2384 AltercationiS‚
662 2341 789 2389 quae
838 2325 1065 2388 subiungi
1111 2326 1510 2374 contentionibus
1559 2325 1778 2388 solebat,
1836 2326 1934 2375 hoc

233 2408 399 2452 exstat
431 2404 793 2469 fragmentum:

866 2483 1278 2534 ΕΡΕΧΘΕΤΣ.

365 2562 581 2630 ὀλίγους
617 2559 817 2615 ἐπαινῶ
853 2566 1055 2630 μᾶλλον
1089 2563 1123 2630 ἢ
1159 2556 1390 2624 πολλοὺς
1422 2562 1640 2624 κακούς.

944 2643 1214 2703 ΚΗΡΤΞ.

365 2728 503 2784 ναῦς
536 2724 584 2775 δ’
620 2724 666 2795 ἤ
690 2724 903 2792 μεγίστη
938 2729 1187 2791 κρεῖσσον
1219 2724 1253 2792 ἢ
1289 2723 1516 2790 σμικρὸν
1550 2723 1772 2790 σκάφος.

233 2805 518 2856 Clausulam
562 2807 722 2857 *huius
782 2808 1016 2871 colloquii
1071 2825 1202 2873 pono
1263 2807 1593 2864 sententiam,
1655 2823 1749 2872 qua
1796 2805 1930 2855 Ere-

234 2888 478 2948 chtheuS,
527 2888 675 2937 dulce
722 2894 772 2937 et
818 2889 1058 2938 decorum
1105 2905 1220 2939 esse
1266 2903 1357 2953 pro
1408 2888 1566 2953 patria
1613 2888 1930 2948 occumbere,

228 2967 408 3018 effatus
446 2970 542 3019 sit:

284 3094 335 3150 ²²‘)
366 3094 548 3138 SchoL:
591 3090 697 3145 ὅλος
737 3092 761 3138 ὁ
807 3094 974 3152 ἴαμβος
1013 3091 1215 3139 λέλεκται
1253 3092 1301 3148 ἐξ
1339 3092 1615 3151 Ἐρεχθέωςς
1654 3093 1714 3135 cf.
1755 3093 1929 3136 Welck.

406 3196 418 3207 .
449 3164 506 3207 15
535 3164 576 3207 8.

258 3235 337 3290 *ἢ
366 3165 718 3291 ἷΙῐιῃο9ιῙιιοιῙιιο
758 3250 940 3280 versum
980 3251 1035 3279 ex
1061 3235 1290 3292 Euripidis
1329 3235 1488 3279 fabula
1529 3236 1791 3290 decerptum
1832 3247 1929 3275 esse

371 3320 562 3362 gramm.
594 3308 777 3362 quidam
803 3307 850 3349 in
878 3308 1159 3351 Bachmanni
1189 3307 1353 3351 Anecd.
1382 3307 1419 3350 1.
1445 3321 1490 3362 p.
1515 3306 1612 3361 191,
1632 3304 1703 3347 27.
1728 3308 1929 3348 testatur.

226 3374 333 3430 ***)
362 3375 559 3427 Κοῦδείς
602 3392 685 3434 pro
726 3377 880 3430 οὐδεὶς
921 3378 1118 3434 reposui.
1179 3379 1389 3422 Ceterum
1433 3391 1535 3419 cum
1576 3376 1650 3419 his
1686 3387 1932 3430 componas

368 3460 484 3502 quae
513 3449 731 3494 Horatius
761 3450 872 3495 dixit
901 3449 985 3496 Od.
1014 3449 1092 3506 111,
1122 3445 1166 3504 4,
1193 3446 1266 3493 65.

1451 3522 1518 3568 30
1539 3517 1568 3549 *
