2144 3854
1124 309 1247 369 254

347 480 466 529 pus,
517 477 614 511 non
649 459 824 510 effodit
856 458 1025 509 oculos
1043 494 1059 519 ‚
1108 474 1207 509 non
1238 458 1490 524 abrumpit
1521 456 1671 509 vitam
1705 459 1898 525 laqueo,
1928 463 2019 513 sed

346 558 521 607 magno
553 541 713 590 animo
747 541 853 590 fert
886 554 1205 605 quaecunque
1238 540 1364 588 mala
1398 539 1481 588 dei
1514 539 1872 605 imposuerunt.

478 620 795 671 Commodius
828 620 1099 684 utiliusque
1131 620 1191 668 ab
1225 619 1468 685 Euripide
1515 635 1660 684 quam
1707 637 1736 668 a
1769 620 2020 686 Sophocle

345 703 558 752 fabulam
596 701 950 751 conformatam
985 715 1098 748 esse
1147 715 1209 748 ex
1242 700 1321 749 his
1355 701 1568 750 arbitror
1599 700 1905 755 intellectum
1937 702 2019 752 iri.

345 781 468 831 Nam
503 785 554 829 et
589 797 743 846 quae,
790 781 954 829 iudice
989 780 1283 840 Aristotele,
1316 781 1400 829 hic
1433 780 1594 829 minus
1626 780 1910 830 verisimilia
1942 782 2018 831 ef-

343 861 569 922 finxerat,
603 861 785 920 vitavit,
822 867 871 910 et
904 861 1059 910 multo
1095 859 1282 926 planius
1315 877 1533 921 sensum,
1569 861 1652 925 qui
1682 860 1878 912 fabulae
1899 864 2017 912 sub-
2051 917 2053 921 ,

342 942 502 990 iectus
538 946 643 1001 est,
678 942 1047 991 demonstravit.
1115 939 1288 1004 Neque
1321 941 1574 1006 Euripidis
1609 941 1778 990 drama
1808 948 1892 991 aut
1923 943 2015 992 So-

343 1021 537 1085 phoclis
576 1025 659 1069 aut
691 1021 1024 1085 reliquorum,
1057 1021 1138 1084 qui
1178 1021 1228 1069 in
1260 1021 1435 1070 eodem
1474 1027 1759 1086 argumento
1796 1022 2017 1073 ornando

341 1101 540 1167 plurimi
574 1100 911 1161 elaborarunt,
960 1100 1139 1150 fabulis
1189 1101 1504 1150 obscuratum
1549 1102 1708 1150 fuisse
1755 1118 1817 1151 ex
1862 1117 2016 1168 opere

341 1180 554 1245 quodam
586 1179 775 1229 caelato
808 1180 1121 1244 intelligitur,
1169 1196 1266 1244 quo
1311 1182 1594 1230 excaecatio
1628 1181 1808 1247 Oedipi
1843 1199 1904 1232 ee
1933 1199 2015 1234 ra-

341 1261 509 1319 tione,
554 1276 698 1324 quam
739 1260 880 1308 finxit
912 1260 1203 1326 EuripideS,
1250 1267 1678 1326 repraesentatum
1721 1262 1788 1312 cf.
1822 1262 2015 1313 Welck.

340 1357 390 1406 p.
423 1343 538 1392 539.
606 1340 883 1405 Scriptores
906 1347 1088 1398 autem,
1125 1340 1207 1405 qui
1233 1341 1292 1389 ad
1317 1341 1434 1389 illud
1464 1342 1784 1407 respexerint,
1819 1348 2016 1392 exstant

339 1420 586 1479 Aelianus,
622 1419 939 1482 Athenaeus,
975 1420 1184 1482 Strabo,
1221 1420 1541 1481 PlutarchuS,
1575 1421 1863 1480 ErotianuS,
1895 1422 2012 1473 Cle-

339 1515 479 1550 mens
509 1500 668 1559 Alex„
705 1500 965 1559 Stobaeus,
1000 1500 1283 1565 Hesychius
1306 1501 1500 1565 aliique,
1535 1517 1659 1566 quos
1687 1517 1836 1566 supra
1857 1501 2012 1552 uomi-

338 1580 588 1642 navimus3
625 1581 841 1645 denique
872 1581 1013 1647 plura
1048 1580 1303 1647 Euripidis
1336 1581 1554 1631 imitatus
1588 1587 1668 1632 est
1700 1579 1904 1631 Seneca.

878 1883 946 1937 Β.
1026 1884 1462 1940 Aeolus.

467 2028 542 2078 De
586 2031 873 2092 argumento
929 2027 1203 2077 luculenter
1253 2029 1401 2077 docet
1446 2027 1706 2091 Dionysius
1752 2025 1865 2078 Hal.
1899 2025 2006 2078 Art.

336 2109 465 2159 rhet.
499 2107 583 2172 lX,
613 2109 719 2168 11„
763 2122 861 2171 quo
904 2106 1013 2155 loco
1049 2107 1273 2173 exempla
1307 2123 1494 2172 ponens
1528 2108 1626 2156 τοῦ
1657 2101 1809 2170 ἕτερα
1839 2101 2009 2171 λέγειν

335 2186 425 2239 καὶ
467 2183 616 2253 ἕτερα
659 2185 974 2237 διοικεῖσθαι
1019 2187 1144 2236 haec
1185 2187 1313 2236 inter
1357 2188 1450 2235 alia
1482 2187 1704 2251 profert:
1757 2183 1889 2237 α’λλὰ
1919 2183 2008 2237 καὶ

336 2266 633 2334 Εὐριπίδης
677 2265 744 2318 δι’
792 2264 934 2317 ὅλων
977 2266 1154 2332 λόγων
1198 2265 1503 2333 διοικήσεως
1545 2268 1717 2334 σχῆμα
1755 2265 2007 2332 περαίνει.

336 2348 614 2414 Πρότερον
638 2346 695 2400 δὲ
721 2347 968 2413 δείξωμεν
993 2344 1052 2398 ἐν
1074 2346 1178 2413 ὅλῳ
1207 2345 1432 2414 δράματι
1457 2343 1514 2398 ἐν
1535 2345 1681 2413 μέρει
1702 2344 1806 2399 τινὶ
1836 2350 2008 2419 σχῆμα

335 2429 723 2494 διοικούμενον.
783 2422 877 2480 Ἐν
916 2434 987 2494 τῷ
1036 2426 1213 2494 Αἰόλῳ
1257 2427 1287 2479 ὁ
1333 2428 1626 2493 Μακαρεύς
1658 2426 1799 2480 ἐστιν
1830 2427 2006 2496 ὁμιλή-

335 2504 432 2571 σας
464 2516 529 2577 τῇ
564 2510 768 2577 ἀδελφῇ
803 2508 892 2562 καὶ
922 2509 1228 2569 λανθάνων,
1262 2508 1354 2561 καὶ
1389 2509 1774 2577 συμβουλεύων
1805 2515 1878 2577 τῷ
1910 2526 2008 2561 πα-

333 2590 418 2656 τρὶ
463 2590 555 2652 τὰς
604 2589 838 2658 ἀδελφὰς
881 2594 992 2652 τοῖς
1037 2590 1289 2658 ἀδελφοῖς
1340 2591 1664 2654 συνοικίσαι,
1715 2589 1804 2642 ἵνα
1835 2589 1895 2642 τὸ
1929 2589 2006 2642 οἰ-

333 2675 482 2724 κεῖον
516 2671 858 2739 διοικήσηται.
908 2671 1017 2724 Καὶ
1040 2670 1211 2733 οὕτως
1230 2670 1596 2739 ἐσχημάτισται
1621 2671 1652 2724 ὁ
1671 2671 2006 2739 λόγοςαοινῇ

328 2752 518 2820 γνώμῃ
565 2752 654 2805 καὶ
703 2754 1004 2820 συμβουλῇ.
1085 2756 1225 2804 Alter
1275 2755 1419 2804 testis
1465 2771 1561 2804 non
1593 2755 1752 2803 minus
1781 2753 2006 2818 locuples

330 2841 411 2884 est
442 2835 930 2901 Pseudoplutarchus
965 2837 1015 2885 in
1047 2835 1294 2901 parallelis
1327 2851 1375 2899 p.
1405 2837 1503 2884 312
1527 2832 1688 2897 (428).
1713 2850 1759 2882 u.
1780 2834 1859 2883 28.
1889 2847 2003 2881 cum

331 2913 549 2963 Stobaeo
574 2914 735 2964 Serm.
758 2915 937 2978 LXIV,
962 2920 1041 2966 35.
1070 2933 1120 2982 p,
1147 2917 1272 2964 404:
1320 2913 1542 2975 Αἴολος,
1575 2913 1682 2964 τῶν
1708 2909 1842 2964 κατὰ
1871 2908 2003 2978 Τυῤ-

333 2990 524 3059 ρηνίαν
558 2987 804 3059 βασιλεὺς
848 2994 1056 3056 τόπων,
1106 2993 1251 3062 ἔσχεν
1294 2993 1347 3057 ἐξ
1381 2989 1671 3059 Ἀμφιθέας
1701 2990 2005 3059 θυγατέρας

327 3071 384 3136 ἓξ
409 3070 501 3125 καὶ
527 3072 679 3134 ἴσους
702 3073 945 3141 ἄῤῥενας.
1010 3068 1304 3141 Μακαρεὺς
1329 3073 1386 3126 δὲ
1411 3073 1442 3126 ὁ
1476 3091 1547 3126 νε
1564 3074 1780 3125 ώτατο
1797 3091 1824 3135 ς
1848 3070 2004 3140 ἔρωτι

330 3151 601 3219 διέφθειρε
644 3154 801 3220 μίαν,
848 3156 884 3224 ἦ
931 3157 988 3209 δὲ
1025 3156 1245 3209 παιδίον
1277 3154 1498 3222 ἐκύησεν
1521 3154 1587 3222 *).
1662 3156 1903 3209 Τεκοῦσα
1945 3153 2004 3207 δὲ

403 3296 444 3351 ⁴)
472 3297 658 3340 Rectius
686 3298 839 3342 Stob.:
885 3292 950 3344 ὦν
990 3294 1014 3345 ὁ
1055 3298 1462 3359 πρεσβύτατος
1498 3295 1751 3357 Μακαρεὺς
1785 3295 2004 3354 Κανάκης

469 3367 551 3423 τῆς
590 3363 792 3424 ἀδελφῆς
831 3367 1042 3427 ἐρασθεὶς
1079 3369 1291 3429 ἐβιάσατο
1327 3369 1415 3427 τὴν
1455 3368 1799 3426 προειρημένην.
1854 3368 2003 3415 Minus

469 3436 590 3480 enim
621 3439 801 3483 deceret
824 3440 1060 3486 minimum
1095 3446 1203 3487 natu
1239 3441 1338 3486 vice
1370 3439 1569 3484 omnium
1600 3439 1741 3483 verba
1769 3439 1922 3483 facere
1958 3439 2003 3480 et

468 3508 743 3565 redarguere
774 3515 964 3566 patrem.
