2176 3874
937 277 1063 338 513

151 431 475 500 inploratum
508 428 672 494 adeat,
708 427 793 493 qui
827 442 1001 479 omnes
1033 425 1184 477 simul
1218 441 1333 476 cum
1366 424 1462 475 diis
1495 424 1673 492 patriis
1704 426 1851 476 inter·

151 511 355 566 ierunt?

281 588 438 641 Venit
472 589 662 648 statim,
697 589 829 639 sicut
860 585 1142 638 nuntiatum
1177 590 1290 645 est,
1326 585 1566 650 UlysseS,
1600 583 1853 635 victimam

150 670 476 724 abducturus.
544 669 723 720 Monet
754 667 1047 727 Hecubam,
1082 671 1138 716 ut
1170 667 1421 731 patienter
1452 667 1589 716 ferat
1622 682 1748 731 quae
1779 666 1852 715 vi-

149 752 247 802 tari
281 754 565 816 nequeant,
611 766 738 800 neve
772 765 884 799 cum
918 747 1277 813 potentioribus
1325 747 1514 797 frustra
1547 746 1854 797 contendere

149 831 289 884 velit.
356 830 699 895 Eiusdemque
742 829 937 894 generis
974 827 1258 891 Polyxenae
1303 831 1420 877 sunt
1452 827 1852 878 adhortationes:

146 911 341 976 „Visne
375 912 556 961 cadere
587 912 638 960 in
671 916 854 960 terram
890 925 949 958 ac
989 907 1124 956 trahi
1168 911 1307 956 tuum
1354 923 1534 972 corpus
1571 909 1730 957 senile
1761 924 1854 973 per

147 994 247 1042 vim
280 992 578 1058 protrusae‘3
620 990 693 1039 vis
738 991 968 1039 iuvenum
1012 987 1240 1037 manibus
1286 987 1487 1036 revulsa
1521 987 1853 1038 dedecorari?

147 1073 292 1123 Haec
337 1074 468 1122 enim
516 1070 769 1121 evenientz
814 1069 867 1118 id
913 1067 1044 1133 quod
1093 1067 1254 1117 absit!
1321 1067 1436 1117 Non
1482 1069 1615 1117 enim
1649 1068 1850 1118 decet.''

149 1153 483 1204 Nihilominus
516 1151 725 1200 Hecuba
759 1149 993 1214 precibus
1029 1147 1346 1211 lacrimisque
1392 1148 1699 1198 contendere
1750 1165 1851 1199 non

147 1233 460 1300 dedignatur.
528 1230 704 1280 Potest
737 1231 891 1294 igitur
935 1229 1145 1278 inferior
1196 1244 1342 1293 quam
1391 1228 1495 1278 filia
1541 1245 1657 1279 esse
1691 1229 1853 1279 videri

146 1315 225 1376 iis,
262 1312 350 1378 qui
374 1312 585 1361 virtutes
610 1316 662 1361 et
684 1310 953 1375 sapientias
983 1308 1243 1359 ebulliunt.
1311 1308 1477 1359 Aliter
1510 1309 1667 1359 sensit
1684 1314 1852 1375 poeta,

145 1409 245 1459 quo
277 1394 329 1442 in
372 1392 722 1458 perspicienda
768 1391 1037 1440 mulierum
1078 1394 1256 1439 natura
1300 1404 1449 1438 nemo
1494 1390 1597 1439 fuit
1640 1391 1850 1444 acutior.

145 1474 351 1524 Centies
387 1473 520 1522 enim
554 1476 759 1532 matreS,
794 1487 922 1535 quae
955 1470 1158 1534 quidem
1191 1485 1311 1519 vere
1345 1476 1573 1519 materno
1597 1475 1716 1520 sunt
1747 1471 1851 1521 ani-

143 1570 259 1615 mo,
315 1569 372 1603 se
407 1553 560 1618 ipsaS,
596 1568 745 1617 quam
780 1550 939 1600 semel
974 1550 1159 1600 liberos
1198 1550 1327 1599 mori
1371 1550 1581 1603 malunt.
1649 1551 1850 1616 Anceps

144 1638 313 1683 autem
346 1647 502 1697 genus
537 1638 618 1682 est
649 1631 998 1695 generositatis
1043 1636 1326 1680 nostrorum
1378 1630 1694 1681 incommoda
1727 1631 1853 1681 forti

143 1714 306 1763 animo
353 1717 407 1763 et
449 1712 695 1762 constanti
727 1711 881 1762 ferre.
951 1710 1178 1775 Denique
1211 1711 1370 1775 magis
1405 1712 1687 1776 perturbari
1720 1728 1850 1775 eam,

145 1794 286 1844 cuius
321 1809 431 1844 sors
465 1793 699 1842 miserior
734 1793 816 1853 sit,
851 1792 1039 1841 frustra
1068 1795 1264 1841 tentare
1289 1808 1414 1856 quae
1438 1793 1558 1841 nihil
1585 1792 1851 1858 profutura

143 1878 293 1937 sunt,
341 1880 396 1923 et
441 1873 717 1923 retinacula
763 1873 983 1936 quamvis
1029 1872 1226 1920 infirma
1277 1872 1686 1936 apprehendere,
1736 1873 1848 1937 quis

141 1955 391 2005 miretur?
457 1954 698 2014 Accedit,
751 1953 883 2017 quod
929 1957 1089 2002 matre
1136 1968 1236 2002 non
1269 1953 1552 2003 reluctante
1585 1954 1850 2004 tolleretur

143 2035 355 2085 actionis
390 2035 530 2100 vigor
563 2039 617 2083 et
649 2034 1016 2097 relinqueretur
1059 2032 1165 2081 sola
1198 2033 1404 2099 virginis
1439 2033 1661 2083 laudatio
1692 2033 1849 2098 Ulys-

143 2115 312 2180 sisque
346 2114 658 2180 vituperatio.
729 2113 797 2162 Et
831 2112 915 2162 hic
940 2112 1142 2176 quidem
1169 2113 1248 2174 iis,
1284 2129 1413 2176 quae
1437 2130 1530 2178 pro
1563 2129 1650 2163 sua
1674 2130 1851 2164 caussa

140 2196 398 2245 verissima
431 2195 570 2257 dicit,
604 2198 780 2259 posset
801 2198 1068 2242 excusatus
1091 2193 1267 2255 videri,
1301 2193 1397 2242 nisi
1431 2194 1649 2258 propriis
1677 2194 1849 2243 Hecu-

139 2273 236 2324 bae
267 2275 526 2325 beneficiis
561 2274 832 2324 obstrictus
868 2279 1022 2323 esset.
1091 2272 1385 2336 Congruunt
1428 2275 1562 2322 enim
1605 2273 1691 2323 illa
1736 2290 1850 2324 cum

138 2353 233 2414 iis,
283 2369 412 2418 quae
443 2353 634 2402 Thesei
685 2353 775 2400 filii
810 2353 1076 2414 dixerunt,
1123 2353 1371 2402 tumulum
1424 2354 1517 2402 viri
1563 2353 1850 2416 fortissimi,

142 2433 285 2484 cuius
319 2432 536 2482 maxime
569 2448 727 2497 opera
757 2438 902 2496 parta
938 2433 1004 2481 sit
1037 2432 1264 2494 victoria,
1301 2433 1703 2496 quandoquidem
1736 2433 1850 2498 ipse

140 2517 345 2580 poscat,
379 2512 578 2576 virginis
614 2512 835 2577 captivae
869 2513 1071 2562 victima
1106 2512 1277 2576 utique
1312 2512 1650 2561 decorandum
1685 2529 1849 2577 neque

140 2593 551 2644 committendum
586 2609 717 2655 esse,
751 2598 823 2655 ut,
858 2598 1068 2658 aequato
1103 2595 1347 2643 bonorum
1382 2598 1533 2658 atque
1556 2593 1848 2658 ignavorum

139 2674 362 2737 honore,
406 2673 694 2738 languescat
726 2673 936 2723 fortium
982 2673 1200 2722 virorum
1233 2674 1405 2722 virtus.
1475 2674 1554 2723 An
1596 2676 1848 2722 mortuum

139 2755 329 2805 honore
363 2753 567 2803 destitui
594 2752 903 2803 conducebat
927 2770 1058 2816 eum,
1095 2753 1180 2818 qui
1212 2753 1370 2813 vivuS,
1409 2769 1523 2802 cum
1554 2768 1722 2801 rerum
1755 2767 1846 2816 ge-

140 2842 329 2885 starum
363 2834 587 2901 praemio
622 2833 967 2894 fraudaretur,
1001 2850 1163 2899 paene
1195 2833 1471 2898 perniciem
1507 2833 1733 2881 omnibus
1768 2835 1847 2881 at-

141 2915 260 2965 tulit
310 2922 364 2965 et
397 2929 528 2964 nunc
561 2913 744 2962 iterum
778 2914 1016 2964 allaturus
1054 2915 1174 2964 est‘}
1240 2911 1515 2978 Despicere
1551 2918 1718 2962 autem
1753 2911 1846 2960 ho-

136 3010 309 3046 norem
356 2993 773 3060 philosophorum
818 2999 928 3054 est3
977 2993 1275 3043 contrariam
1324 2994 1619 3043 sententiam
1657 2991 1844 3042 Graeci

139 3075 340 3142 publice
372 3075 666 3134 tuebantur,
715 3090 863 3137 quam
899 3075 1032 3138 quod
1066 3074 1240 3140 Ulyssi
1273 3075 1526 3140 propriam
1561 3077 1732 3121 noster
1766 3076 1844 3121 at-

141 3155 350 3218 tribuit,
403 3161 544 3205 recte
577 3155 703 3205 fecit
736 3159 790 3204 et
823 3161 1114 3221 argumento
1148 3155 1350 3206 fabulae
1384 3154 1736 3205 convenienter
1770 3150 1844 3215 '‘).

198 3273 251 3329 *)
278 3274 463 3318 Erravit
497 3274 636 3332 igitur
676 3274 943 3318 scholiastes
978 3274 1243 3319 Socraticae
1292 3274 1612 3332 philosophiae
1650 3271 1845 3329 vestigia

281 3342 328 3385 in
369 3344 442 3387 his
479 3346 568 3389 sibi
607 3346 884 3402 deprendere
921 3346 1046 3389 visus
1087 3347 1146 3390 ad
1184 3362 1230 3390 v.
1260 3346 1375 3389 314:
1436 3344 1735 3404 Σωκρατικὸς
1763 3342 1843 3386 καὶ

280 3404 423 3464 οὗτος
454 3410 522 3460 ὦν
549 3416 629 3461 καὶ
658 3415 747 3474 τὴν
773 3413 931 3473 ψυχὴν
962 3417 1159 3474 νομίζων
1187 3417 1268 3461 καὶ
1294 3414 1410 3474 μετὰ
1439 3412 1523 3460 τὸν
1551 3412 1765 3459 θάνατον
1794 3411 1844 3458 ἐν

281 3482 346 3542 τῷ
376 3481 469 3543 ᾅδῃ
499 3486 594 3544 ζῆν,
623 3486 902 3533 διαστέλλων
931 3486 1105 3545 ἐκείνης
1132 3488 1217 3547 τῆς
1245 3489 1364 3546 ζωῆς
1391 3484 1541 3532 ταῦτά
1572 3497 1729 3542 φησιν.
