2176 3874
959 264 1083 322 383

175 415 389 466 theatris
424 413 658 464 Horatius
691 412 908 462 monuit:
942 427 1038 461 uon
1071 412 1168 460 iam
1201 423 1436 474 parvum,
1470 407 1619 476 frugi,
1669 410 1861 458 castum

175 495 609 559 verecundumque
642 494 876 559 populum
912 492 1090 551 coisse,

307 575 620 642 „Postquam
655 574 824 639 coepit
861 587 1012 639 agros
1048 571 1329 620 extendere
1360 571 1543 632 victor,
1579 577 1631 621 et
1653 567 1829 620 ¹urbem

310 655 498 705 Latiar
532 655 777 722 amplecti
810 669 1011 711 murus,
1047 652 1266 718 vinoque
1301 652 1488 702 diurno

311 735 526 785 Placari
563 736 758 785 Genius
776 734 936 798 festis
969 734 1180 798 impune
1214 731 1445 783 diebus.”

179 817 224 866 A
271 816 583 865 theatrorum
629 823 800 864 natura
860 813 1019 862 omnis
1060 812 1363 861 (hamaticae
1411 827 1624 876 poeseos
1663 811 1863 861 confor-

177 898 328 945 matio
354 897 467 945 inde
494 913 521 944 a
550 897 722 961 primis
749 894 1056 959 temporibus
1092 893 1346 958 pependit.
1393 893 1502 941 Non
1527 892 1863 956 vituperamus

176 977 511 1041 Aeschylum,
562 977 692 1040 quod
736 976 910 1024 relicta
944 973 1154 1023 Homeri
1196 973 1515 1038 simplicitate
1555 977 1607 1021 et
1654 973 1864 1022 naturali

178 1058 340 1106 nitore
385 1058 581 1106 theatra
627 1061 679 1104 et
738 1072 903 1105 rerum
953 1054 1214 1102 atrocitate
1260 1059 1311 1103 et
1365 1055 1626 1103 verborum
1682 1069 1866 1119 pompa

178 1136 743 1195 commovet-einstituit3
769 1121 1052 1201 probamus..
1071 1135 1202 1199 quod
1225 1136 1498 1184 accedente
1518 1136 1735 1184 numeris
1759 1149 1865 1184 mo·-

178 1218 355 1283 disque
388 1217 587 1266 licentia
611 1217 797 1265 maiore
826 1217 975 1265 etiam
1014 1215 1197 1265 fidibus
1232 1230 1380 1264 voces
1415 1232 1619 1264 crevere
1657 1216 1864 1277 severis,

305 1297 384 1347 Et
419 1297 542 1345 tulit
579 1297 836 1363 eloquium
872 1297 1134 1345 insolitum
1157 1295 1423 1360 facundia
1452 1312 1723 1364 praecep-3,

317 1376 636 1444 Utiliumque
659 1393 830 1443 sagax
863 1393 1038 1425 rerum
1074 1382 1127 1425 et
1161 1375 1341 1425 divina
1363 1377 1546 1440 futuri

309 1456 588 1524 Sortilegis
622 1475 726 1507 non
759 1457 1043 1525 discrepuit
1077 1457 1340 1507 sententia
1375 1457 1595 1524 Delphis
1605 1476 1627 1516 ;

177 1555 349 1589 omnes
378 1540 562 1602 ubique
587 1539 802 1588 artifices
827 1539 959 1603 vulgi
983 1540 1149 1587 sensui
1175 1555 1327 1603 opera
1356 1555 1443 1587 sua
1464 1536 1868 1587 accommodasse

178 1623 232 1668 et
263 1626 544 1684 temporum
592 1619 914 1684 locorumque
955 1619 1243 1668 necessitati
1290 1619 1571 1668 obedivisse
1615 1618 1867 1667 videmus:

179 1704 232 1748 et
265 1705 429 1748 tamen
464 1699 781 1763 Euripidem,
827 1701 960 1764 quod
994 1699 1392 1758 multitudinem,
1428 1716 1490 1748 ex
1524 1699 1686 1749 doctis
1721 1699 1868 1748 indo-

178 1780 396 1844 ctisque,
442 1780 640 1827 rusticis
686 1780 1014 1845 urbanisque,
1061 1782 1286 1845 turpibus
1332 1781 1656 1844 honestisque
1690 1779 1867 1829 confu-

179 1875 318 1922 sam,
364 1859 658 1924 quibusdam
707 1860 1055 1910 delenimentis
1091 1877 1272 1926 capere
1305 1877 1363 1909 ac
1397 1861 1619 1911 retinere
1654 1860 1867 1921 studuit,

177 1941 311 1990 nullo
343 1956 442 1989 non
476 1940 744 2004 opprobrio
779 1941 983 2006 dignum
1019 1958 1133 1990 esse
1167 1941 1413 2004 ducimus.

309 2019 410 2069 Sed
457 2019 576 2067 satis
621 2020 717 2068 iam
761 2021 825 2069 de
857 2021 938 2069 his
987 2022 1294 2087 disputatum
1339 2037 1452 2071 esse
1497 2022 1709 2074 videtur.
1789 2022 1868 2072 Ad

176 2100 505 2167 Hippolytum
539 2100 842 2158 secundum,
890 2101 975 2165 qui
1011 2107 1271 2151 coronatus
1307 2102 1598 2167 appellatur,
1632 2120 1715 2153 me
1750 2119 1869 2153 con-

174 2187 341 2242 verto,
384 2180 471 2244 qui
510 2196 608 2244 quo
646 2197 771 2230 anno
806 2186 946 2230 actus
982 2183 1078 2240 sit,
1126 2183 1415 2247 planissime
1449 2183 1690 2232 docemur
1723 2200 1870 2248 argu-

164 2256 344 2310 >mento
379 2261 648 2324 antiquitus
681 2262 863 2310 tradito
898 2264 1038 2312 bisce
1071 2264 1266 2312 verbis:
1304 2260 1557 2328 ἐδιδάχθη
1592 2258 1675 2313 ἐπὶ
1702 2256 1870 2327 Ἀμεί-

175 2357 338 2399 νονος
383 2341 661 2405 ἄρχοντος,
697 2337 984 2404 ὀλυμπιάδι
1022 2340 1359 2410 ὀγδοηκοστῇ
1400 2341 1616 2411 ἑβδόμῃ..
1657 2341 1762 2396 ἔτει
1787 2361 1868 2395 τε-

175 2420 362 2489 τάρτῳ.
414 2421 640 2482 Πρῶτος
658 2419 973 2486 Εὐριπίδης,
1009 2422 1255 2487 δεύτερος
1283 2419 1497 2490 Ἰοφῶν,
1532 2425 1706 2489 τρίτος
1724 2420 1869 2478 Ἴων.

160 2498 313 2554 ’Ἐστι
342 2500 399 2552 δὲ
424 2492 960 2563 οὗτοςὸἹππόλυτος
998 2503 1240 2569 δεύτερ
1261 2523 1328 2566 ος
1365 2504 1454 2557 καὶ
1483 2506 1870 2572 στεφανίας

177 2582 719 2650 προςαγορευόμενος.
767 2585 841 2632 Eo
877 2590 1103 2650 tempore
1130 2587 1448 2652 pestilentiae
1473 2589 1546 2636 vis
1580 2590 1869 2653 gravissima

177 2683 268 2732 per
300 2666 550 2716 biennium
581 2666 828 2713 civitatem
855 2667 1157 2731 depopulata
1191 2674 1325 2728 erat3
1362 2670 1538 2717 eodem
1575 2685 1700 2718 anno
1729 2668 1870 2718 Peri-

179 2747 298 2807 cles,
324 2747 545 2794 deorum
572 2745 928 2810 hominumque
964 2747 1154 2795 iniuriis
1195 2764 1354 2813 paene
1386 2750 1514 2798 ultra
1538 2750 1739 2798 modum
1774 2750 1869 2798 hu-

104 2892 107 2893 r
177 2843 376 2876 manum
413 2833 635 2888 vexatuS‚
670 2825 972 2876 decesserat.
1039 2827 1199 2876 Huius
1227 2831 1498 2879 memoriae
1530 2831 1720 2879 dicatos
1756 2845 1871 2879 esse

176 2923 351 2957 versus
393 2907 631 2955 dramatis
676 2913 928 2956 extremos
975 2909 1168 2957 monuit
1201 2909 1483 2960 Boeckhius
1539 2911 1603 2961 de
1636 2927 1708 2976 gr.
1743 2916 1868 2975 trag.

177 2988 336 3055 princ.
370 3005 421 3052 p.
461 2989 581 3035 181:

222 3071 241 3076 Χ
314 3059 356 3118 ὦ
389 3065 548 3118 κλείν’
578 3059 827 3134 Ἀθηνῶν
866 3066 1150 3129 Παλλάδος
1182 3070 1239 3119 θ’
1275 3067 1551 3135 ὁρίσματα,

312 3147 436 3200 οἴου
471 3147 776 3214 στερήσεσθ’
811 3147 1025 3211 άνδρός.
1096 3141 1137 3200 ὦ
1170 3150 1385 3218 τλήμων
1420 3149 1535 3219 ἐγώ.

309 3229 497 3281 κοινὸν
530 3229 641 3280 τόδ’
677 3231 804 3296 ἄχος
839 3234 969 3280 πᾶσι
1001 3231 1240 3293 πολίταις

310 3304 475 3377 ἦλθεν
509 3309 767 3371 ἀέλπτως·

311 3392 524 3442 πολλῶν
555 3391 809 3457 δακρύων
843 3388 986 3442 ἔσται
1017 3390 1264 3454 πίτυλος·

310 3474 419 3523 τῶν
452 3471 554 3539 γὰρ
588 3472 833 3540 μεγάλων
867 3471 1198 3535 άξιοπενθεῖς

309 3557 484 3623 φῆμαι
516 3557 718 3620 μᾶλλον
751 3554 1079 3622 κατέχουσιν.
