2144 3854
1078 292 1200 348 234

310 448 492 497 buisse.
558 444 631 494 De
665 439 878 493 Vilandii
925 438 1084 489 nostri
1117 437 1388 488 imitatione
1418 437 1628 488 videnda
1659 445 1739 491 eat
1768 441 1972 494 Goethii

309 527 476 577 fabula
507 525 578 573 dii
611 524 790 571 heroes
824 519 1176 583 Vilandiusque
1209 518 1465 583 inscripta,
1517 520 1662 584 plena
1692 521 1970 573 festivitatis

308 613 456 669 atque
498 604 802 652 facetiarum.
888 600 1096 649 Picturis
1146 615 1338 663 quoque
1389 605 1442 648 et
1495 600 1694 651 caelatis
1737 603 1973 668 operibus

306 685 604 748 Euripideae
657 681 853 731 fabulae
906 684 1245 744 argumentum
1303 679 1499 744 saepius
1546 686 1971 745 repraesentatum

305 780 418 812 esse
481 764 775 812 documento
834 766 912 810 est
969 766 1023 809 et
1071 761 1168 809 tab.
1209 762 1287 810 86.
1334 766 1785 824 monumentorum,
1846 777 1974 827 quae

305 842 551 894 Vinkelm.
595 845 782 893 Romae
828 843 972 892 1⁷67.
1019 839 1202 900 edidit,
1265 844 1314 890 et
1357 839 1656 890 Gernhardii
1712 842 1972 907 imaginum

306 925 404 975 tab.
438 926 518 973 28.
553 923 802 972 centuriae
834 938 910 986 pr.
957 927 1010 970 et
1042 921 1238 985 Zoegae
1270 921 1391 969 cael.
1426 937 1539 986 opp.
1574 921 1719 974 Rom.
1753 922 1852 972 tab.
1885 924 1969 971 43.

435 1004 490 1053 In
533 1003 847 1068 disponendis
896 1002 1040 1051 huius
1074 1000 1373 1050 didascaliae
1406 1002 1587 1051 fabulis
1620 1001 1680 1050 ab
1715 1003 1971 1052 atrociori-

305 1084 400 1133 bus
433 1084 496 1133 ad
530 1083 735 1142 mitiora,
771 1099 800 1131 a
831 1081 1133 1146 gravioribus
1166 1080 1227 1128 ad
1261 1081 1476 1142 leviora,
1511 1099 1542 1131 a
1574 1082 1873 1133 tristioribus
1906 1083 1971 1133 ad

305 1163 511 1212 laetiora
569 1162 856 1227 Euripidem
895 1175 1211 1226 progressum
1260 1177 1372 1211 esse
1418 1167 1640 1226 apparet.
1722 1162 1972 1214 Patbetici

302 1243 497 1307 generis
531 1242 730 1292 fuerunt
764 1242 974 1291 Cressae
1008 1244 1059 1289 et
1091 1241 1291 1290 saevitia
1325 1242 1568 1291 vindictae
1600 1242 1860 1293 horrorem
1893 1244 1970 1295 in·

301 1324 542 1374 iecerunt.
609 1320 778 1370 Paullo
811 1321 1007 1369 mitiora
1052 1321 1254 1370 fuerunt
1297 1337 1421 1386 quae
1452 1322 1504 1372 in
1554 1323 1862 1373 Alcmaeoni·
1893 1324 1970 1373 fa-

302 1402 418 1452 bula
450 1408 559 1451 acta
592 1407 735 1461 sunt,
780 1401 898 1462 sed,
933 1401 975 1449 si
1009 1417 1100 1466 per
1132 1417 1189 1450 se
1221 1406 1534 1466 spectentur,
1569 1407 1734 1452 tamen
1765 1404 1971 1453 atrocis-

302 1483 458 1532 sima:
503 1482 800 1530 interficitur
832 1481 962 1529 enim
995 1497 1023 1529 a
1056 1486 1224 1545 patre,
1272 1482 1357 1544 qui
1398 1482 1596 1546 genuit,
1645 1482 1825 1532 mulier
1854 1498 1970 1548 pro-

302 1562 502 1611 bissima
536 1567 587 1611 et
618 1562 855 1626 praemio,
906 1577 1002 1610 non
1037 1561 1295 1626 supplicio,
1330 1560 1630 1625 dignissima.
1694 1561 1765 1612 Et
1794 1562 1970 1613 harum

300 1641 500 1705 quidem
532 1625 893 1704 trigoediarum
927 1640 1294 1690 infelicissimus
1329 1646 1409 1690 est
1447 1641 1622 1693 exitus,
1689 1641 1974 1706 Sequuntur

299 1722 459 1782 duae,
501 1721 551 1770 in
595 1722 768 1785 quibus
814 1722 1025 1770 miserae
1069 1737 1149 1770 res
1196 1720 1249 1770 in
1294 1721 1447 1770 laetas
1480 1725 1838 1772 convertantur.
1903 1723 1974 1774 Et

298 1800 578 1866 Telephum
613 1800 810 1864 quidem
858 1802 964 1850 eius
1011 1803 1205 1865 generis
1256 1800 1415 1852 fuisse
1431 1837 1447 1861 ‚
1483 1798 1624 1867 'quod
1669 1801 1972 1868 implicatum

299 1877 706 1946 (πεπλεγμένον)
741 1881 868 1930 dixit
889 1882 1265 1945 AristophaneS,
1300 1881 1501 1947 planum
1523 1887 1625 1944 est3
1657 1881 1880 1933 Alcestin
1905 1883 1970 1934 ad

299 1963 488 2013 morale
518 1977 672 2027 genus
706 1966 847 2011 recte
878 1961 1128 2014 retuleris.

1069 2334 1202 2404 VI.

357 2460 494 2530 De
557 2459 1279 2554 philosophia
1339 2459 1912 2554 Euripidis

863 2566 1414 2637 rationali.

430 2829 703 2891 „Pericles,
738 2829 1007 2895 Xanthippi
1033 2831 1183 2889 filius,
1210 2830 1400 2894 primus
1424 2828 1650 2877 adhibuit
1671 2829 1968 2878 doctrinam:

298 2925 425 2974 quae
459 2926 738 2974 quanquam
773 2917 875 2958 tum
910 2910 1042 2958 nulla
1077 2915 1184 2960 erat
1216 2908 1432 2968 dicendi,
1467 2914 1648 2967 tamen,
1682 2907 1743 2956 ab
1777 2908 1970 2958 Anaxa-

297 3005 415 3053 gora
451 2990 658 3054 physico
694 2990 944 3051 erudituS,
995 2990 1395 3040 exercitationem
1429 2989 1608 3037 mentis
1643 3004 1670 3036 a
1705 2988 1971 3037 reconditis

297 3069 636 3131 abstrusisque
684 3070 833 3118 rebus
877 3071 939 3118 ad
986 3086 1184 3118 caussas
1229 3070 1454 3119 forenses
1498 3067 1861 3132 popularesque
1894 3067 1971 3116 fa-

301 3148 395 3197 cile
439 3148 737 3198 traduxerat.
811 3150 975 3199 Huius
1024 3151 1263 3200 suavitate
1310 3148 1524 3198 maxime
1571 3147 1816 3196 hilaratae
1859 3151 1973 3197 sunt

299 3228 552 3287 Athenae,
604 3228 750 3278 huius
784 3232 1060 3279 ubertatem
1095 3237 1147 3280 et
1180 3230 1369 3294 copiam
1405 3226 1700 3286 admiratae,
1747 3226 1972 3276 eiusdem

300 3306 399 3355 vim
446 3308 642 3357 dicendi
687 3315 1027 3373 terroremque
1081 3311 1364 3358 timuerunt.
1453 3307 1592 3355 Haec
1640 3306 1789 3368 igitur
1837 3309 1973 3353 aetas

299 3386 459 3452 prima
491 3388 702 3437 Athenis
737 3394 982 3437 oratorem
1016 3406 1174 3455 prope
1205 3388 1479 3455 perfectum
1514 3385 1639 3435 tulit.
1705 3386 1812 3435 Nec
1842 3384 1971 3432 enim

299 3466 351 3515 in
395 3467 809 3519 constituentibus
860 3484 965 3517 rem
1011 3470 1252 3533 publicam
1303 3483 1396 3517 nec
1442 3467 1490 3516 in
1523 3465 1651 3516 bella
1684 3464 1972 3530 gerentibus
