2176 3874
1113 280 1236 337 392

348 432 673 484 confirmatur
705 427 829 475 haec
862 425 1140 475 coniectura
1173 427 1449 490 fragmento
1483 424 1694 488 septimo
1729 451 1792 479 -,-

475 507 595 574 τιμή
629 506 672 556 σ’
706 501 904 568 ἐπαίρει
936 505 1044 555 τῶν
1075 503 1233 564 πέλας
1266 505 1466 569 μᾶλλον
1499 505 1726 569 φρονεῖν
1759 531 1822 542 -—

348 589 481 654 quod
513 589 610 636 huc
643 586 891 650 pertinere
926 591 1129 650 apparet
1163 602 1223 634 ex
1258 585 1410 634 schol.
1445 585 1503 633 Il.
1539 583 1622 646 Vl,
1657 586 1782 633 1553
1818 579 2020 648 λέγεται

348 665 406 718 δὲ
439 665 618 724 αὐτὸν,
652 659 1044 728 ἐπαρθέντα
1078 662 1168 729 ἐφ’
1205 657 1303 723 οἷς
1337 660 1604 729 ἔπραξε,
1637 665 1860 730 θελῆσαι
1892 661 2021 727 μετὰ

344 748 443 797 τοῦ
489 744 745 811 Πηγάσου
789 743 909 795 τὸν
941 744 1242 809 οὐρανὸν
1284 745 1770 795 κατοπτεῦσαι.
1830 742 2022 794 Deinde

345 826 522 875 maiori
567 827 754 890 impetu
789 824 1007 890 Pegasus
1051 827 1098 875 in
1149 826 1300 874 altum
1349 825 1626 875 enitebatur
1671 823 1750 873 vel
1782 823 1907 872 haec
1940 820 2019 871 vel

349 905 524 954 similia
557 906 751 954 dicente
784 903 1194 969 Bellerophonte:

477 981 550 1048 μή
583 999 674 1047 μοι
705 982 948 1046 σοβαρῶς
978 983 1132 1048 χώρει
1163 981 1281 1033 λίαν

479 1055 646 1122 εὐθὺς
678 1061 767 1112 ἀπ’
802 1061 989 1129 ἀρχῆς,
1026 1060 1175 1128 ῥώμῃ
1208 1061 1443 1123 πίσυνος,

478 1141 604 1206 πρὶν
639 1140 705 1192 ἂν
741 1140 910 1207 ἰδίσῃς
942 1139 1031 1192 καὶ
1066 1140 1317 1209 διαλύσῃς

479 1222 704 1285 ἄρθρων
740 1215 855 1280 ἶνας
890 1221 1163 1287 πτερύγων
1196 1219 1353 1289 ῥύμῃ,

475 1295 609 1367 κᾷτα
643 1300 905 1366 δρομαίαν
937 1300 1151 1368 πτέρυγ’
1186 1298 1431 1353 ἐκτείνων

478 1379 655 1446 ὀρθῶς
687 1380 841 1446 χώρει
873 1379 1007 1441 Διὸς
1041 1381 1113 1442 εἰς
1145 1381 1325 1442 αὐλάς.

481 1461 633 1510 Chori
652 1462 893 1523 carminis,
930 1463 1060 1527 quod
1076 1463 1206 1511 hunc
1227 1467 1389 1511 actum
1411 1460 1697 1525 excipiebat,
1730 1475 1845 1525 pars
1866 1458 2022 1509 fuisse

348 1543 555 1604 possunt
601 1540 683 1589 illa
719 1541 1059 1606 Aristophanis
1094 1557 1137 1590 v.
1173 1545 1313 1604 ⁷33„
1361 1556 1485 1606 quae
1517 1540 1758 1604 tragicum
1806 1538 2023 1588 colorem

347 1617 532 1668 habere
567 1621 721 1669 sensit
754 1621 990 1670 Bothius:

480 1697 550 1764 ἢν
581 1698 764 1765 ἔχομεν
797 1694 928 1750 ὁδὸν
960 1699 1151 1765 λόγων,

478 1776 732 1845 ε’ίπωμεν,
768 1776 867 1830 ὅσα
900 1796 954 1830 τε
987 1784 1120 1839 νοῦς
1153 1774 1267 1844 ἔχει.

350 1859 587 1910 Prodibat
633 1861 810 1909 deinde
845 1861 1073 1917 nuntius,
1123 1877 1266 1924 quem
1312 1874 1409 1907 non
1455 1858 1626 1921 utique
1673 1856 1820 1906 deum
1865 1856 2025 1906 fuisse

348 1954 556 2007 necesse
609 1945 699 1989 est.
769 1939 895 1988 Nam
938 1940 981 1987 si
1027 1939 1090 1987 ad
1122 1937 1446 1986 Phaethontis
1491 1952 1686 1985 cursum
1735 1935 2023 1985 intuendum

349 2018 632 2067 mortalium
666 2019 794 2067 oculi
829 2019 1160 2071 suffecerunt,
1213 2016 1366 2064 multo
1412 2015 1566 2078 magis
1601 2015 1775 2078 Pegasi
1807 2015 2023 2081 volatum

348 2096 499 2146 iidem
533 2098 765 2161 persequi
798 2101 1079 2160 potuerunt.
1148 2094 1223 2143 De
1273 2095 1410 2142 cuius
1458 2094 1648 2142 volatus
1684 2100 1865 2142 eventu
1898 2094 2022 2142 haec

350 2174 647 2224 conferenda
682 2179 797 2224 sunt
837 2176 1128 2239 scriptorum
1173 2174 1484 2222 testimonia:
1551 2172 1867 2236 Asclepiadis
1893 2173 2023 2236 apud

352 2253 508 2302 schol.
545 2253 600 2305 ll.
635 2254 710 2312 V,
757 2257 878 2303 155:
911 2253 1006 2304 τὸν
1034 2251 1110 2310 ,δὲ
1142 2251 1250 2303 Δία
1283 2250 1575 2317 μηνίσαντα
1610 2244 1892 2314 οἶστρον
1924 2246 2022 2315 ἐμ-

308 2391 325 2410 ,
351 2331 591 2396 βαλεῖν
640 2333 967 2399 Πηγάσῳ,
1027 2329 1152 2392 ὥςτε
1187 2328 1430 2388 ,ἐκπεσεῖν
1485 2329 1581 2395 μὲν
1627 2329 1723 2381 τὸν
1769 2331 2024 2394 Βελλερο-

351 2411 556 2477 φόντην
599 2410 689 2463 καὶ
732 2415 1111 2479 κατενεχθῆναι
1155 2411 1226 2472 εἰς
1270 2408 1329 2463 τὸ
1377 2410 1581 2471 Λυκίας
1622 2410 1806 2462 πεδίον
1837 2408 1898 2461 τὸ
1931 2409 2022 2462 ἀπ’

352 2489 522 2542 αὐτοῦ
554 2491 887 2558 καλούμενον
911 2488 1121 2559 Ἀλήϊον
1137 2491 1336 2554 πεδίον,
1370 2491 1601 2542 ἀλᾶσθαι
1634 2488 1693 2542 δὲ
1712 2488 1845 2542 κατὰ
1861 2494 2023 2542 τοῦτο
2084 2521 2090 2524 -

349 2570 684 2636 πηρωθέντα,
719 2572 814 2624 τὸν
847 2569 904 2623 δὲ
943 2571 1106 2624 ἵππον
1138 2572 1321 2639 λαβεῖν
1346 2570 1443 2638 τὴν
1468 2565 1594 2632 Ἠῶ,
1629 2571 1911 2637 δεηθεῖσαν
1925 2574 2025 2623 τοῦ

351 2649 486 2711 Διὸς
528 2649 706 2717 δῶρον
751 2653 885 2718 πρὸς
917 2649 977 2705 τὸ
1025 2652 1235 2712 άκόπως
1279 2649 1535 2717 περιιέναι
1567 2650 1660 2712 τὰς
1689 2655 1787 2704 τοῦ
1819 2651 2024 2718 κόσμου

350 2730 647 2797 περιόδους.
684 2733 1006 2784 Schol.Pind.
1036 2734 1116 2782 Ol.
1140 2734 1272 2795 XIII,
1290 2735 1411 2781 130:
1447 2730 1580 2797 φασὶ
1601 2731 1720 2798 γὰρ,
1746 2731 1818 2793 ὦς
1830 2732 2027 2798 βουλη-

349 2810 464 2872 θεὶς
478 2812 612 2877 πρὸς
627 2810 863 2878 οὐρανὸν
879 2811 1176 2879 ἀναπτῆναι
1196 2806 1296 2863 σὺν
1311 2816 1383 2877 τῷ
1403 2812 1640 2878 Πηγάσῳ
1674 2811 1778 2875 ἐξο
1792 2822 1894 2864 ιστ
1908 2831 1939 2880 ρ
1953 2829 2022 2864 ω-

349 2889 597 2952 θέντος
653 2896 774 2944 τοῦ
820 2892 1037 2944 ἵππου
1093 2891 1275 2957 παρὰ
1319 2894 1442 2943 τοῦ
1491 2892 1659 2960 Διὸς
1708 2892 1882 2947 πίπτει
1933 2891 2024 2945 καὶ

348 2972 624 3036 χωλοῦται.
672 2974 738 3022 cf.
778 2973 992 3023 Tzetzes
1026 2974 1088 3021 ad
1111 2974 1357 3039 Lycophr.
1390 2988 1436 3023 v.
1474 2974 1552 3023 17.
1587 2972 1768 3038 Hygin.
1802 2974 1902 3024 fab.
1927 2977 2022 3022 57:

350 3051 452 3112 „Et
484 3052 731 3101 decidisse
765 3053 944 3101 dicitur
968 3053 1018 3101 in
1047 3067 1249 3116 campos
1266 3052 1450 3112 Aleios,
1485 3051 1618 3099 unde
1644 3053 1790 3100 etiam
1827 3067 2020 3100 coxas

352 3130 453 3180 eie
468 3131 554 3180 cis
572 3132 682 3181 se.”
750 3131 886 3179 Idem
912 3131 1006 3178 levi
1039 3131 1306 3179 mutatione
1324 3130 1542 3179 adhibita
1560 3131 1607 3178 in
1628 3135 1810 3180 astron.
1847 3130 1908 3190 Π,
1928 3133 2019 3178 183

350 3210 509 3270 „Cum
559 3210 617 3258 ad
670 3209 861 3259 coelum
911 3211 1231 3258 contenderet
1284 3210 1479 3258 evolare
1523 3225 1684 3273 neque
1733 3210 1877 3275 longe
1920 3210 2019 3258 iam

351 3289 580 3348 abesset,
628 3289 904 3354 despiciens
949 3288 1009 3336 ad
1055 3294 1268 3351 terram,
1314 3289 1489 3337 timore
1535 3292 1790 3352 permotus
1837 3288 2022 3337 decidit

350 3368 515 3431 ibique
561 3368 752 3432 perisse
801 3367 1008 3428 dicitur3
1055 3384 1210 3431 equus
1255 3372 1419 3417 autem
1466 3367 1749 3417 subvolasse
1796 3372 1848 3416 et
1889 3367 2021 3416 inter

353 3447 514 3496 sidera
548 3447 608 3496 ab
641 3446 752 3496 love
787 3446 1082 3498 constitutus
1119 3445 1474 3499 existimatur.''
1539 3445 1683 3495 Adde
1719 3446 1888 3498 Horat.
1925 3445 2019 3494 Od.
