2144 3854
1125 270 1248 328 2⁰8

485 417 755 480 „Flacti
789 429 1066 466 cruores
1096 417 1457 466 volverunt
1489 414 1752 482 mihim)
1777 443 1845 455 --

353 513 559 551 necesse
589 496 684 547 sibi
715 496 875 546 fuisse
905 495 1128 546 iniuriam
1159 495 1431 561 repelleret

483 574 594 641 ἐρεῖ
620 590 725 636 τις·
761 574 827 627 οὐ
857 576 1016 643 χρῆν·
1049 574 1179 627 ἀλλὰ
1209 575 1259 627 τί
1291 578 1426 644 χρῆν
1435 595 1450 636 3
1487 574 1678 628 εἴπατε.

349 656 628 708 Absurdum
663 657 790 706 enim
824 673 937 706 esse
971 658 1251 722 postulare,
1302 663 1358 707 ut
1389 659 1496 724 ipse
1524 649 1741 708 'otiosum
1775 673 1832 708 se
1862 662 2022 708 vasta-

351 737 500 786 tionis
533 742 860 802 spectatorem
893 739 1154 803 praeberet
1187 742 1239 786 et
1270 743 1526 803 pateretur
1559 755 1647 798 ea,
1691 754 1817 803 quae
1859 755 2022 803 neque

352 816 452 882 ipsi
495 833 655 882 neque
699 817 1003 883 reliquorum
1048 817 1327 868 mortalium
1375 818 1633 884 quisquam
1666 835 1826 885 aequo
1858 819 2022 870 animo

352 912 585 962 passurus
618 896 834 947 fuisset:

481 975 599 1042 φέρ’
646 974 691 1027 εἰ
876 1004 942 1013 --
1072 1004 1139 1013 -—-
1268 1003 1333 1013 —-
1465 1004 1531 1015 -—-·

479 1138 716 1205 καθῆσθ’
749 1134 816 1188 ἂν
849 1134 908 1188 ἐν
941 1135 1217 1202 δόμοισιν,·
1248 1130 1283 1204 ἦ
1314 1137 1519 1188 πολλοῦ
1551 1153 1609 1203 γε
1644 1135 1738 1191 δεῖ.

481 1299 629 1350 ταῦτ’
663 1291 766 1350 οἷδ’
801 1295 883 1349 ὅτι
915 1294 982 1347 ἂν
1016 1292 1221 1364 ἐδρᾶτε·
1256 1296 1352 1349 τὸν
1385 1296 1442 1349 δὲ
1483 1297 1728 1365 Τήλεφον

483 1377 583 1430 οὐκ
616 1377 894 1444 οἰόμεσθας
929 1381 1063 1439 νοῦς
1093 1380 1178 1444 ἄρ’
1211 1377 1340 1445 ὑμῖν
1374 1377 1474 1430 οὐκ
1508 1377 1585 1430 ἔνι
1610 1379 1711 1444 st).

352 1460 444 1510 His
477 1461 654 1510 auditis
689 1460 956 1510 admiratur
989 1462 1167 1510 chorus
1194 1460 1406 1526 Telephi
1441 1460 1795 1524 eloquentiam:

483 1532 663 1605 οὒτᾶρ’
691 1534 990 1599 Ὀδυσσεύς
1022 1535 1163 1590 ἐστιν
1197 1538 1415 1606 αἱμύλος
1448 1538 1638 1604 μόνος·

483 1619 631 1686 χρεία
665 1619 914 1683 διδάσκει,
950 1618 1054 1673 κᾶν
1088 1619 1292 1686 βραδύς
1323 1638 1401 1681 τις
1432 1614 1487 1685 ᾗ,
1522 1618 1711 1686 σοφόν.

351 1699 659 1766 Suffragatur
711 1704 1047 1769 Agamemnon
1104 1717 1266 1766 neque
1309 1707 1497 1751 rectum
1550 1717 1663 1752 esse
1711 1700 1832 1752 dicit
1875 1701 2024 1752 irasci

350 1779 593 1847 Telepho,
628 1786 686 1832 ut
717 1799 864 1847 quem
898 1780 1070 1832 maiori
1101 1781 1276 1831 iniuria
1309 1782 1588 1845 affecerint,
1622 1798 1766 1846 quam
1788 1782 1925 1849 passi
1940 1799 2021 1834 es-

351 1865 462 1911 sent
491 1862 614 1928 ipsi:

482 1968 547 1980 —
615 1969 677 1978 -
744 1968 806 1978 —-
875 1933 986 1991 εἶτα
1021 1936 1087 2007 δὴ
1119 1940 1448 2006 θυμούμεθα

482 2020 746 2081 παθόντες
779 2019 938 2072 οὐδὲν
970 2023 1168 2085 μᾶλλον
1199 2019 1233 2088 ἢ
1268 2019 1576 2084 δεδρακότες
1585 2037 1600 2079 ,·

349 2101 404 2151 ld
437 2118 552 2151 vero
583 2102 881 2166 indignum,
914 2102 1267 2152 inconstantiae
1302 2119 1412 2151 eum
1447 2101 1611 2165 arguit
1642 2100 1894 2152 Achilles:

478 2179 529 2232 τί
561 2179 628 2240 δ’,
665 2172 707 2231 ὦ
738 2179 915 2242 τάλας,
952 2174 1019 2232 σὺ
1050 2179 1183 2247 τῷδε
1215 2180 1498 2232 πείθεσθαι
1529 2177 1727 2240 θέλεις;

349 2261 427 2311 Ex
459 2262 553 2311 hac
585 2262 804 2312 oratione
851 2263 1110 2327 depromta
1154 2263 1394 2325 quaedam
1438 2261 1795 2326 Aristophanes
1838 2260 2019 2312 fabulis

349 2343 449 2392 suis
483 2342 701 2402 inseruit,
737 2347 789 2391 et
822 2342 1018 2406 quidem
1053 2341 1266 2392 Acharn.
1303 2344 1428 2389 576:

907 2411 1065 2481 οὗτος
1097 2422 1387 2486 ἄνθρωπος
1418 2418 1580 2470 πάλαι

481 2498 692 2551 ἅπασαν
723 2497 877 2566 ήμῶν
908 2498 1006 2570 τὴν
1033 2502 1189 2553 πόλιν
1221 2497 1545 2564 κακορροθεῖ
1561 2499 1688 2564 *³¹²²²²),

349 2585 498 2645 atque
530 2581 736 2634 Thesm.
771 2584 894 2630 198:

478 2658 571 2720 τὰς
604 2659 881 2726 ξυμφορὰς
911 2658 1013 2727 γὰρ
1050 2659 1167 2727 οὐχὶ
1197 2662 1308 2721 τοῖς
1339 2659 1620 2727 τεχνήμασι

481 2738 663 2805 φέρειν
697 2739 920 2804 δίκαιον,
956 2740 1086 2792 ἀλλὰ
1117 2743 1228 2801 τοῖς
1259 2741 1584 2807 παθήμασιν.

350 2820 430 2870 Ad
463 2822 669 2870 eandem
703 2823 974 2871 orationem
1008 2822 1325 2872 referendum
1360 2826 1436 2870 est
1467 2819 1640 2884 fragm.
1676 2821 1763 2869 17:

468 2893 720 2965 Ἕλληνες
754 2901 900 2962 ὄντες
934 2900 1227 2967 βαρβάροις
1261 2897 1639 2963 δουλεύσομεν;

405 3025 458 3080 *)
492 3027 626 3070 Ennii
652 3027 819 3086 fragm.
841 3027 913 3071 14.
2026 3074 2030 3077 Δ

376 3095 458 3150 *Ὃ
486 3097 609 3139 Male
651 3099 806 3141 doctus
845 3099 1090 3159 scholiasta
1135 3101 1193 3143 ad
1230 3098 1407 3143 Aristid.
1435 3099 1489 3142 Τ.
1521 3098 1577 3142 Π.
1614 3112 1657 3152 p.
1689 3096 1769 3140 16:
1804 3095 1899 3150 ,τὶς
1925 3097 2019 3141 τῶν

488 3169 695 3221 ποιητῶν
728 3166 895 3224 εἰςᾶγει
921 3167 1004 3213 τὸν
1029 3169 1239 3226 Τήλεφον
1267 3169 1500 3225 ἐλέγχοντα
1520 3167 1602 3212 τὸν
1619 3165 1902 3212 Ὀδυσσέαέκ
1925 3168 2018 3211 τῶν

491 3234 636 3281 αὐτοῦ
674 3235 846 3293 λόγων,
886 3234 971 3290 οὓς
1006 3238 1122 3297 πρὸς
1157 3239 1239 3284 τὸν
1280 3238 1488 3297 Τήλεφον
1526 3235 1639 3282 εἶπε.
1717 3237 1894 3281 Etenim
1929 3252 2016 3281 non

491 3305 721 3364 Ulyssem,
750 3308 831 3350 sed
859 3308 1083 3352 Achillem
1111 3311 1317 3367 Telepho
1345 3308 1575 3353 adversari
1602 3323 1656 3353 ex
1697 3307 1880 3364 reliquis
1921 3308 2017 3353 fra-

339 3389 347 3395 ’
492 3378 687 3435 gmentis
713 3382 912 3434 apparet.
972 3380 1041 3424 Cf.
1070 3381 1242 3426 Welck.
1266 3395 1311 3436 p.
1340 3378 1426 3424 487
1453 3393 1544 3435 seq.

354 3446 465 3502 '‘fl‘)
495 3448 565 3492 cf.
592 3449 765 3493 Welck.
793 3462 839 3505 p.
868 3446 994 3492 1584.
