<?xml version="1.0" encoding="UTF-8"?>
<!DOCTYPE html PUBLIC "-//W3C//DTD XHTML 1.0 Transitional//EN"
    "http://www.w3.org/TR/xhtml1/DTD/xhtml1-transitional.dtd">
<html xmlns="http://www.w3.org/1999/xhtml" xml:lang="en" lang="en">
 <head>
  <title>
</title>
<meta http-equiv="Content-Type" content="text/html;charset=utf-8" />
  <meta name='ocr-system' content='tesseract 3.04.00' />
  <meta name='ocr-capabilities' content='ocr_page ocr_carea ocr_par ocr_line ocrx_word'/>
</head>
<body>
  <div class='ocr_page' id='page_1' title='image "./euripidesrestitu01hartuoft_0435.png"; bbox 0 0 2176 3874; ppageno 0'>
   <div class='ocr_carea' id='block_1_1' title="bbox 923 275 1046 332">
    <p class='ocr_par' dir='ltr' id='par_1_1' title="bbox 923 275 1046 332">
     <span class='ocr_line' id='line_1_1' title="bbox 923 275 1046 332; baseline 0 -1"><span class='ocrx_word' id='word_1_1' title='bbox 923 275 1046 332; x_wconf 74' lang='lat'><strong>417</strong></span> 
     </span>
    </p>
   </div>
   <div class='ocr_carea' id='block_1_2' title="bbox 139 419 1825 2490">
    <p class='ocr_par' dir='ltr' id='par_1_2' title="bbox 139 419 1825 1535">
     <span class='ocr_line' id='line_1_2' title="bbox 141 419 1821 489; baseline -0.001 -15"><span class='ocrx_word' id='word_1_2' title='bbox 141 421 294 486; x_wconf 84' lang='lat' dir='ltr'><strong>ciunt,</strong></span> <span class='ocrx_word' id='word_1_3' title='bbox 329 438 426 473; x_wconf 91' lang='lat' dir='ltr'><strong>non</strong></span> <span class='ocrx_word' id='word_1_4' title='bbox 460 422 616 489; x_wconf 83' lang='lat' dir='ltr'><strong>magis</strong></span> <span class='ocrx_word' id='word_1_5' title='bbox 639 422 873 489; x_wconf 77' lang='lat' dir='ltr'><strong>pertinet,</strong></span> <span class='ocrx_word' id='word_1_6' title='bbox 908 438 1056 488; x_wconf 87' lang='lat' dir='ltr'><strong>quam</strong></span> <span class='ocrx_word' id='word_1_7' title='bbox 1091 421 1345 470; x_wconf 88' lang='lat' dir='ltr'><strong>Pindarica</strong></span> <span class='ocrx_word' id='word_1_8' title='bbox 1378 419 1590 470; x_wconf 88' lang='lat' dir='ltr'><strong>carmina</strong></span> <span class='ocrx_word' id='word_1_9' title='bbox 1621 420 1685 471; x_wconf 92' lang='lat' dir='ltr'><strong>ad</strong></span> <span class='ocrx_word' id='word_1_10' title='bbox 1715 437 1821 485; x_wconf 89' lang='lat' dir='ltr'><strong>eos,</strong></span> 
     </span>
     <span class='ocr_line' id='line_1_3' title="bbox 141 499 1822 570; baseline -0.001 -16"><span class='ocrx_word' id='word_1_11' title='bbox 141 506 227 570; x_wconf 85' lang='lat' dir='ltr'><strong>qni</strong></span> <span class='ocrx_word' id='word_1_12' title='bbox 283 505 575 554; x_wconf 76' lang='lat' dir='ltr'><strong>recitabant.</strong></span> <span class='ocrx_word' id='word_1_13' title='bbox 659 502 863 554; x_wconf 83' lang='lat' dir='ltr'><strong>Notavit</strong></span> <span class='ocrx_word' id='word_1_14' title='bbox 883 502 1001 551; x_wconf 73' lang='lat' dir='ltr'><strong>“hoc</strong></span> <span class='ocrx_word' id='word_1_15' title='bbox 1046 502 1369 551; x_wconf 82' lang='lat' dir='ltr'><strong>scholiastes:</strong></span> <span class='ocrx_word' id='word_1_16' title='bbox 1420 502 1670 566; x_wconf 79' lang='grc' dir='ltr'><em>γυναῖκες</em></span> <span class='ocrx_word' id='word_1_17' title='bbox 1724 499 1822 568; x_wconf 81' lang='grc' dir='ltr'><strong>μέν</strong></span> 
     </span>
     <span class='ocr_line' id='line_1_4' title="bbox 140 578 1823 649; baseline 0 -14"><span class='ocrx_word' id='word_1_18' title='bbox 140 583 275 636; x_wconf 78' lang='grc' dir='ltr'><strong><em>εἰσιν</em></strong></span> <span class='ocrx_word' id='word_1_19' title='bbox 307 581 367 634; x_wconf 82' lang='grc' dir='ltr'><strong>αἱ</strong></span> <span class='ocrx_word' id='word_1_20' title='bbox 394 588 495 636; x_wconf 82' lang='grc' dir='ltr'><strong>τοῦ</strong></span> <span class='ocrx_word' id='word_1_21' title='bbox 520 586 704 648; x_wconf 81' lang='grc' dir='ltr'><em>χοροῦ,</em></span> <span class='ocrx_word' id='word_1_22' title='bbox 739 579 1016 649; x_wconf 73' lang='grc' dir='ltr'><em>μεταφέρει</em></span> <span class='ocrx_word' id='word_1_23' title='bbox 1034 579 1091 632; x_wconf 80' lang='grc' dir='ltr'><strong>δὲ</strong></span> <span class='ocrx_word' id='word_1_24' title='bbox 1110 580 1170 631; x_wconf 83' lang='grc' dir='ltr'><strong>τὸ</strong></span> <span class='ocrx_word' id='word_1_25' title='bbox 1187 580 1470 645; x_wconf 80' lang='grc' dir='ltr'><strong><em>πρόςωπον</em></strong></span> <span class='ocrx_word' id='word_1_26' title='bbox 1503 579 1589 648; x_wconf 81' lang='grc' dir='ltr'><strong>ἐφ’</strong></span> <span class='ocrx_word' id='word_1_27' title='bbox 1624 578 1823 635; x_wconf 80' lang='grc' dir='ltr'><em>ἑαυτοῦ</em></span> 
     </span>
     <span class='ocr_line' id='line_1_5' title="bbox 142 659 1822 731; baseline -0.001 -14"><span class='ocrx_word' id='word_1_28' title='bbox 142 665 173 717; x_wconf 88' lang='grc' dir='ltr'>ὁ</span> <span class='ocrx_word' id='word_1_29' title='bbox 204 662 427 731; x_wconf 81' lang='grc' dir='ltr'><strong><em>ποιητὴς</em></strong></span> <span class='ocrx_word' id='word_1_30' title='bbox 470 662 774 715; x_wconf 83' lang='grc' dir='ltr'><strong><em>καταλιπὼν</em></strong></span> <span class='ocrx_word' id='word_1_31' title='bbox 815 661 881 713; x_wconf 82' lang='grc' dir='ltr'><strong>τὰ</strong></span> <span class='ocrx_word' id='word_1_32' title='bbox 911 659 1098 728; x_wconf 78' lang='grc' dir='ltr'><strong><em>χορικὰ</em></strong></span> <span class='ocrx_word' id='word_1_33' title='bbox 1131 660 1410 731; x_wconf 83' lang='grc' dir='ltr'><strong><em>πρόςωποε·</em></strong></span> <span class='ocrx_word' id='word_1_34' title='bbox 1445 666 1689 729; x_wconf 80' lang='grc' dir='ltr'><strong><em>μετοχαῖς</em></strong></span> <span class='ocrx_word' id='word_1_35' title='bbox 1718 662 1822 730; x_wconf 76' lang='grc' dir='ltr'><strong>γὰρ</strong></span> 
     </span>
     <span class='ocr_line' id='line_1_6' title="bbox 140 741 1823 812; baseline -0.001 -15"><span class='ocrx_word' id='word_1_36' title='bbox 140 745 441 812; x_wconf 69' lang='grc' dir='ltr'><em>ἀρσενικαῖς</em></span> <span class='ocrx_word' id='word_1_37' title='bbox 471 743 731 812; x_wconf 82' lang='grc' dir='ltr'><strong><em>κέχρηται.</em></strong></span> <span class='ocrx_word' id='word_1_38' title='bbox 797 744 939 793; x_wconf 89' lang='lat' dir='ltr'><strong>Haec</strong></span> <span class='ocrx_word' id='word_1_39' title='bbox 972 748 1135 792; x_wconf 90' lang='lat' dir='ltr'><strong>autem</strong></span> <span class='ocrx_word' id='word_1_40' title='bbox 1171 741 1294 790; x_wconf 90' lang='lat' dir='ltr'><strong>dicit</strong></span> <span class='ocrx_word' id='word_1_41' title='bbox 1325 749 1502 806; x_wconf 87' lang='lat' dir='ltr'><strong>poeta:</strong></span> <span class='ocrx_word' id='word_1_42' title='bbox 1537 744 1685 793; x_wconf 87' lang='lat' dir='ltr'><strong>Haud</strong></span> <span class='ocrx_word' id='word_1_43' title='bbox 1707 762 1823 812; x_wconf 90' lang='lat' dir='ltr'><strong>par-</strong></span> 
     </span>
     <span class='ocr_line' id='line_1_7' title="bbox 141 822 1820 892; baseline 0 -17"><span class='ocrx_word' id='word_1_44' title='bbox 141 843 256 876; x_wconf 75' lang='lat' dir='ltr'><strong>vum</strong></span> <span class='ocrx_word' id='word_1_45' title='bbox 291 827 520 876; x_wconf 89' lang='lat' dir='ltr'><strong>solatium</strong></span> <span class='ocrx_word' id='word_1_46' title='bbox 556 833 635 878; x_wconf 88' lang='lat' dir='ltr'><strong>est</strong></span> <span class='ocrx_word' id='word_1_47' title='bbox 667 826 874 892; x_wconf 80' lang='lat' dir='ltr'><strong>credere</strong></span> <span class='ocrx_word' id='word_1_48' title='bbox 908 823 1028 871; x_wconf 93' lang='lat' dir='ltr'><strong>deos</strong></span> <span class='ocrx_word' id='word_1_49' title='bbox 1064 823 1214 882; x_wconf 85' lang='lat' dir='ltr'><strong>rebus</strong></span> <span class='ocrx_word' id='word_1_50' title='bbox 1254 822 1483 871; x_wconf 87' lang='lat' dir='ltr'><strong>humanis</strong></span> <span class='ocrx_word' id='word_1_51' title='bbox 1505 826 1820 890; x_wconf 82' lang='lat' dir='ltr'><strong>prospicere3</strong></span> 
     </span>
     <span class='ocr_line' id='line_1_8' title="bbox 141 901 1822 970; baseline -0.001 -14"><span class='ocrx_word' id='word_1_52' title='bbox 141 907 231 956; x_wconf 88' lang='lat' dir='ltr'><strong>sed</strong></span> <span class='ocrx_word' id='word_1_53' title='bbox 266 908 624 957; x_wconf 82' lang='lat' dir='ltr'><strong>dubitationem</strong></span> <span class='ocrx_word' id='word_1_54' title='bbox 659 904 949 970; x_wconf 78' lang='lat' dir='ltr'><strong>saepissime</strong></span> <span class='ocrx_word' id='word_1_55' title='bbox 980 901 1139 950; x_wconf 89' lang='lat' dir='ltr'><strong>iniicit</strong></span> <span class='ocrx_word' id='word_1_56' title='bbox 1167 901 1397 951; x_wconf 84' lang='lat' dir='ltr'><strong>fortunae</strong></span> <span class='ocrx_word' id='word_1_57' title='bbox 1430 905 1674 966; x_wconf 73' lang='lat' dir='ltr'><strong>varietaS,</strong></span> <span class='ocrx_word' id='word_1_58' title='bbox 1728 922 1822 969; x_wconf 91' lang='lat' dir='ltr'><strong>qua</strong></span> 
     </span>
     <span class='ocr_line' id='line_1_9' title="bbox 141 981 1822 1054; baseline -0.002 -18"><span class='ocrx_word' id='word_1_59' title='bbox 141 989 425 1054; x_wconf 85' lang='lat' dir='ltr'><strong>neutiquam</strong></span> <span class='ocrx_word' id='word_1_60' title='bbox 454 988 630 1036; x_wconf 90' lang='lat' dir='ltr'><strong>merita</strong></span> <span class='ocrx_word' id='word_1_61' title='bbox 646 986 806 1047; x_wconf 81' lang='lat' dir='ltr'><strong>dignis</strong></span> <span class='ocrx_word' id='word_1_62' title='bbox 838 982 1048 1031; x_wconf 83' lang='lat' dir='ltr'><strong>retribui</strong></span> <span class='ocrx_word' id='word_1_63' title='bbox 1074 982 1234 1032; x_wconf 78' lang='lat' dir='ltr'><strong>video.</strong></span> <span class='ocrx_word' id='word_1_64' title='bbox 1304 981 1481 1031; x_wconf 85' lang='lat' dir='ltr'><strong>Liceat</strong></span> <span class='ocrx_word' id='word_1_65' title='bbox 1515 984 1637 1031; x_wconf 78' lang='lat' dir='ltr'><strong>mihi</strong></span> <span class='ocrx_word' id='word_1_66' title='bbox 1661 985 1822 1050; x_wconf 83' lang='lat' dir='ltr'><strong>aegri-</strong></span> 
     </span>
     <span class='ocr_line' id='line_1_10' title="bbox 140 1063 1823 1128; baseline -0.002 -10"><span class='ocrx_word' id='word_1_67' title='bbox 140 1067 314 1118; x_wconf 83' lang='lat' dir='ltr'><strong>tudine</strong></span> <span class='ocrx_word' id='word_1_68' title='bbox 345 1083 535 1126; x_wconf 87' lang='lat' dir='ltr'><strong>vacare,</strong></span> <span class='ocrx_word' id='word_1_69' title='bbox 574 1081 669 1114; x_wconf 90' lang='lat' dir='ltr'><strong>non</strong></span> <span class='ocrx_word' id='word_1_70' title='bbox 688 1071 893 1122; x_wconf 85' lang='lat' dir='ltr'><strong>summa,</strong></span> <span class='ocrx_word' id='word_1_71' title='bbox 931 1063 1020 1111; x_wconf 90' lang='lat' dir='ltr'><strong>sed</strong></span> <span class='ocrx_word' id='word_1_72' title='bbox 1039 1063 1324 1123; x_wconf 71' lang='lat' dir='ltr'><strong>mediocria,</strong></span> <span class='ocrx_word' id='word_1_73' title='bbox 1358 1063 1585 1128; x_wconf 80' lang='lat' dir='ltr'><strong>sequenti</strong></span> <span class='ocrx_word' id='word_1_74' title='bbox 1618 1068 1672 1113; x_wconf 86' lang='lat' dir='ltr'><strong>et</strong></span> <span class='ocrx_word' id='word_1_75' title='bbox 1706 1081 1823 1114; x_wconf 88' lang='lat' dir='ltr'><strong>con-</strong></span> 
     </span>
     <span class='ocr_line' id='line_1_11' title="bbox 139 1142 1822 1213; baseline -0.002 -16"><span class='ocrx_word' id='word_1_76' title='bbox 139 1154 282 1198; x_wconf 81' lang='lat' dir='ltr'><strong>tento</strong></span> <span class='ocrx_word' id='word_1_77' title='bbox 314 1146 685 1213; x_wconf 82' lang='lat' dir='ltr'><strong>praesentibus:</strong></span> <span class='ocrx_word' id='word_1_78' title='bbox 721 1148 1059 1192; x_wconf 87' lang='lat' dir='ltr'><strong>consternatus</strong></span> <span class='ocrx_word' id='word_1_79' title='bbox 1094 1143 1224 1191; x_wconf 88' lang='lat' dir='ltr'><strong>enim</strong></span> <span class='ocrx_word' id='word_1_80' title='bbox 1254 1159 1363 1191; x_wconf 89' lang='lat' dir='ltr'><strong>sum</strong></span> <span class='ocrx_word' id='word_1_81' title='bbox 1403 1142 1676 1193; x_wconf 83' lang='lat' dir='ltr'><strong>calamitate</strong></span> <span class='ocrx_word' id='word_1_82' title='bbox 1693 1143 1822 1210; x_wconf 85' lang='lat' dir='ltr'><strong>Hip-</strong></span> 
     </span>
     <span class='ocr_line' id='line_1_12' title="bbox 141 1222 1822 1293; baseline -0.001 -17"><span class='ocrx_word' id='word_1_83' title='bbox 141 1229 316 1293; x_wconf 82' lang='lat' dir='ltr'><strong>polyti,</strong></span> <span class='ocrx_word' id='word_1_84' title='bbox 351 1226 613 1276; x_wconf 78' lang='lat' dir='ltr'><strong>clarissimi</strong></span> <span class='ocrx_word' id='word_1_85' title='bbox 643 1224 886 1274; x_wconf 85' lang='lat' dir='ltr'><strong>Graeciae</strong></span> <span class='ocrx_word' id='word_1_86' title='bbox 912 1223 1106 1271; x_wconf 90' lang='lat' dir='ltr'><strong>sideris.</strong></span> <span class='ocrx_word' id='word_1_87' title='bbox 1175 1222 1539 1272; x_wconf 87' lang='lat' dir='ltr'><strong>Desiderabunt</strong></span> <span class='ocrx_word' id='word_1_88' title='bbox 1563 1224 1715 1274; x_wconf 86' lang='lat' dir='ltr'><strong>silvae</strong></span> <span class='ocrx_word' id='word_1_89' title='bbox 1738 1240 1822 1274; x_wconf 87' lang='lat' dir='ltr'><strong>ve·</strong></span> 
     </span>
     <span class='ocr_line' id='line_1_13' title="bbox 139 1303 1825 1368; baseline -0.002 -10"><span class='ocrx_word' id='word_1_90' title='bbox 139 1312 392 1365; x_wconf 69' lang='lat' dir='ltr'><strong>notorem,</strong></span> <span class='ocrx_word' id='word_1_91' title='bbox 441 1306 631 1355; x_wconf 83' lang='lat' dir='ltr'><strong>carebit</strong></span> <span class='ocrx_word' id='word_1_92' title='bbox 664 1321 811 1353; x_wconf 88' lang='lat' dir='ltr'><strong>arena</strong></span> <span class='ocrx_word' id='word_1_93' title='bbox 846 1319 1084 1367; x_wconf 88' lang='lat' dir='ltr'><strong>equorum</strong></span> <span class='ocrx_word' id='word_1_94' title='bbox 1129 1303 1425 1368; x_wconf 81' lang='lat' dir='ltr'><strong>agitatione,</strong></span> <span class='ocrx_word' id='word_1_95' title='bbox 1472 1305 1825 1354; x_wconf 86' lang='lat' dir='ltr'><strong>obmutuerunt</strong></span> 
     </span>
     <span class='ocr_line' id='line_1_14' title="bbox 139 1383 1822 1452; baseline -0.003 -13"><span class='ocrx_word' id='word_1_96' title='bbox 139 1394 313 1439; x_wconf 88' lang='lat' dir='ltr'><strong>cantus</strong></span> <span class='ocrx_word' id='word_1_97' title='bbox 346 1388 500 1452; x_wconf 81' lang='lat' dir='ltr'><strong>lyrae,</strong></span> <span class='ocrx_word' id='word_1_98' title='bbox 535 1386 816 1450; x_wconf 80' lang='lat' dir='ltr'><strong>nuptiarum</strong></span> <span class='ocrx_word' id='word_1_99' title='bbox 852 1400 968 1449; x_wconf 90' lang='lat' dir='ltr'><strong>spes</strong></span> <span class='ocrx_word' id='word_1_100' title='bbox 1001 1384 1118 1433; x_wconf 88' lang='lat' dir='ltr'><strong>abiit</strong></span> <span class='ocrx_word' id='word_1_101' title='bbox 1151 1383 1447 1449; x_wconf 85' lang='lat' dir='ltr'><strong>virginibus,</strong></span> <span class='ocrx_word' id='word_1_102' title='bbox 1497 1383 1687 1434; x_wconf 88' lang='lat' dir='ltr'><strong>frustra</strong></span> <span class='ocrx_word' id='word_1_103' title='bbox 1719 1401 1822 1434; x_wconf 87' lang='lat' dir='ltr'><strong>ma-</strong></span> 
     </span>
     <span class='ocr_line' id='line_1_15' title="bbox 139 1464 1180 1535; baseline -0.005 -15"><span class='ocrx_word' id='word_1_104' title='bbox 139 1472 223 1520; x_wconf 60' lang='lat' dir='ltr'><strong>ter</strong></span> <span class='ocrx_word' id='word_1_105' title='bbox 252 1468 466 1535; x_wconf 83' lang='lat' dir='ltr'><strong>peperit,</strong></span> <span class='ocrx_word' id='word_1_106' title='bbox 504 1466 776 1514; x_wconf 86' lang='lat' dir='ltr'><strong>amiserunt</strong></span> <span class='ocrx_word' id='word_1_107' title='bbox 811 1481 923 1512; x_wconf 91' lang='lat' dir='ltr'><strong>eum</strong></span> <span class='ocrx_word' id='word_1_108' title='bbox 959 1464 1180 1515; x_wconf 82' lang='lat' dir='ltr'><strong>Gratiae.</strong></span> 
     </span>
    </p>

    <p class='ocr_par' dir='ltr' id='par_1_3' title="bbox 139 1542 1823 2413">
     <span class='ocr_line' id='line_1_16' title="bbox 275 1542 1821 1612; baseline -0.002 -15"><span class='ocrx_word' id='word_1_109' title='bbox 275 1547 512 1611; x_wconf 86' lang='lat' dir='ltr'><strong>Sequitur</strong></span> <span class='ocrx_word' id='word_1_110' title='bbox 546 1545 964 1612; x_wconf 87' lang='lat' dir='ltr'><strong>praestantissima</strong></span> <span class='ocrx_word' id='word_1_111' title='bbox 986 1545 1202 1593; x_wconf 87' lang='lat' dir='ltr'><strong>narratio</strong></span> <span class='ocrx_word' id='word_1_112' title='bbox 1227 1542 1290 1592; x_wconf 88' lang='lat' dir='ltr'><strong>de</strong></span> <span class='ocrx_word' id='word_1_113' title='bbox 1313 1543 1577 1609; x_wconf 85' lang='lat' dir='ltr'><strong>Hippolyti</strong></span> <span class='ocrx_word' id='word_1_114' title='bbox 1601 1544 1821 1604; x_wconf 87' lang='lat' dir='ltr'><strong>interitu,</strong></span> 
     </span>
     <span class='ocr_line' id='line_1_17' title="bbox 144 1620 1822 1695; baseline -0.002 -17"><span class='ocrx_word' id='word_1_115' title='bbox 144 1643 291 1695; x_wconf 90' lang='lat' dir='ltr'><strong>quam</strong></span> <span class='ocrx_word' id='word_1_116' title='bbox 328 1636 380 1677; x_wconf 87' lang='lat' dir='ltr'><strong>et</strong></span> <span class='ocrx_word' id='word_1_117' title='bbox 413 1627 618 1675; x_wconf 78' lang='lat' dir='ltr'><strong>Ovidius</strong></span> <span class='ocrx_word' id='word_1_118' title='bbox 653 1631 704 1674; x_wconf 87' lang='lat' dir='ltr'><strong>et</strong></span> <span class='ocrx_word' id='word_1_119' title='bbox 737 1624 928 1674; x_wconf 87' lang='lat' dir='ltr'><strong>Seneca</strong></span> <span class='ocrx_word' id='word_1_120' title='bbox 962 1630 1015 1674; x_wconf 92' lang='lat' dir='ltr'><strong>et</strong></span> <span class='ocrx_word' id='word_1_121' title='bbox 1034 1620 1269 1673; x_wconf 82' lang='lat' dir='ltr'><strong>Racinius</strong></span> <span class='ocrx_word' id='word_1_122' title='bbox 1293 1625 1469 1673; x_wconf 90' lang='lat' dir='ltr'><strong>imitati</strong></span> <span class='ocrx_word' id='word_1_123' title='bbox 1491 1630 1620 1674; x_wconf 88' lang='lat' dir='ltr'><strong>sunt.</strong></span> <span class='ocrx_word' id='word_1_124' title='bbox 1658 1623 1822 1674; x_wconf 86' lang='lat' dir='ltr'><strong>Comi-</strong></span> 
     </span>
     <span class='ocr_line' id='line_1_18' title="bbox 139 1704 1823 1768; baseline -0.002 -10"><span class='ocrx_word' id='word_1_125' title='bbox 139 1710 356 1758; x_wconf 87' lang='lat' dir='ltr'><strong>tantibus</strong></span> <span class='ocrx_word' id='word_1_126' title='bbox 389 1707 560 1756; x_wconf 90' lang='lat' dir='ltr'><strong>amicis</strong></span> <span class='ocrx_word' id='word_1_127' title='bbox 589 1707 649 1755; x_wconf 87' lang='lat' dir='ltr'><strong>ad</strong></span> <span class='ocrx_word' id='word_1_128' title='bbox 679 1707 832 1767; x_wconf 78' lang='lat' dir='ltr'><strong>littus,</strong></span> <span class='ocrx_word' id='word_1_129' title='bbox 870 1707 950 1754; x_wconf 92' lang='lat' dir='ltr'><strong>ubi</strong></span> <span class='ocrx_word' id='word_1_130' title='bbox 985 1720 1137 1768; x_wconf 90' lang='lat' dir='ltr'><strong>equos</strong></span> <span class='ocrx_word' id='word_1_131' title='bbox 1172 1704 1382 1752; x_wconf 88' lang='lat' dir='ltr'><strong>ministri</strong></span> <span class='ocrx_word' id='word_1_132' title='bbox 1418 1705 1670 1766; x_wconf 87' lang='lat' dir='ltr'><strong>curabant,</strong></span> <span class='ocrx_word' id='word_1_133' title='bbox 1707 1706 1823 1754; x_wconf 89' lang='lat' dir='ltr'><strong>ado-</strong></span> 
     </span>
     <span class='ocr_line' id='line_1_19' title="bbox 143 1777 1823 1850; baseline -0.002 -13"><span class='ocrx_word' id='word_1_134' title='bbox 143 1791 340 1838; x_wconf 87' lang='lat' dir='ltr'><strong>lescens</strong></span> <span class='ocrx_word' id='word_1_135' title='bbox 392 1777 649 1836; x_wconf 85' lang='lat' dir='ltr'><strong>lacrimans</strong></span> <span class='ocrx_word' id='word_1_136' title='bbox 699 1786 808 1850; x_wconf 90' lang='lat' dir='ltr'><strong>ipse</strong></span> <span class='ocrx_word' id='word_1_137' title='bbox 857 1802 969 1834; x_wconf 90' lang='lat' dir='ltr'><strong>cum</strong></span> <span class='ocrx_word' id='word_1_138' title='bbox 1016 1785 1386 1833; x_wconf 88' lang='lat' dir='ltr'><strong>lacrimantibus</strong></span> <span class='ocrx_word' id='word_1_139' title='bbox 1438 1785 1690 1835; x_wconf 90' lang='lat' dir='ltr'><strong>sodalibus</strong></span> <span class='ocrx_word' id='word_1_140' title='bbox 1734 1786 1823 1834; x_wconf 91' lang='lat' dir='ltr'><strong>de-</strong></span> 
     </span>
     <span class='ocr_line' id='line_1_20' title="bbox 140 1865 1823 1930; baseline -0.002 -11"><span class='ocrx_word' id='word_1_141' title='bbox 140 1869 346 1919; x_wconf 90' lang='lat' dir='ltr'><strong>scendit.</strong></span> <span class='ocrx_word' id='word_1_142' title='bbox 381 1868 592 1917; x_wconf 86' lang='lat' dir='ltr'><strong>Currum</strong></span> <span class='ocrx_word' id='word_1_143' title='bbox 621 1867 956 1915; x_wconf 86' lang='lat' dir='ltr'><strong>conscendens</strong></span> <span class='ocrx_word' id='word_1_144' title='bbox 993 1865 1196 1930; x_wconf 88' lang='lat' dir='ltr'><strong>optavit,</strong></span> <span class='ocrx_word' id='word_1_145' title='bbox 1231 1871 1300 1924; x_wconf 87' lang='lat' dir='ltr'><strong>ut,</strong></span> <span class='ocrx_word' id='word_1_146' title='bbox 1325 1865 1426 1913; x_wconf 86' lang='lat' dir='ltr'><strong>sive</strong></span> <span class='ocrx_word' id='word_1_147' title='bbox 1451 1865 1688 1914; x_wconf 88' lang='lat' dir='ltr'><strong>moriatur</strong></span> <span class='ocrx_word' id='word_1_148' title='bbox 1720 1867 1823 1915; x_wconf 89' lang='lat' dir='ltr'><strong>sive</strong></span> 
     </span>
     <span class='ocr_line' id='line_1_21' title="bbox 140 1943 1823 2011; baseline -0.003 -12"><span class='ocrx_word' id='word_1_149' title='bbox 140 1951 300 1999; x_wconf 90' lang='lat' dir='ltr'><strong>lucem</strong></span> <span class='ocrx_word' id='word_1_150' title='bbox 348 1946 541 2007; x_wconf 73' lang='lat' dir='ltr'><strong>videat,</strong></span> <span class='ocrx_word' id='word_1_151' title='bbox 588 1946 791 1995; x_wconf 90' lang='lat' dir='ltr'><strong>sceleris</strong></span> <span class='ocrx_word' id='word_1_152' title='bbox 828 1947 1105 2011; x_wconf 86' lang='lat' dir='ltr'><strong>suspicione</strong></span> <span class='ocrx_word' id='word_1_153' title='bbox 1139 1945 1393 1995; x_wconf 87' lang='lat' dir='ltr'><strong>liberetur.</strong></span> <span class='ocrx_word' id='word_1_154' title='bbox 1473 1943 1640 1994; x_wconf 88' lang='lat' dir='ltr'><strong>Tauro</strong></span> <span class='ocrx_word' id='word_1_155' title='bbox 1684 1962 1823 1995; x_wconf 89' lang='lat' dir='ltr'><strong>mon-</strong></span> 
     </span>
     <span class='ocr_line' id='line_1_22' title="bbox 140 2026 1823 2091; baseline -0.003 -12"><span class='ocrx_word' id='word_1_156' title='bbox 140 2035 307 2080; x_wconf 82' lang='lat' dir='ltr'><strong>stroso</strong></span> <span class='ocrx_word' id='word_1_157' title='bbox 342 2043 404 2078; x_wconf 81' lang='lat' dir='ltr'><strong>ex</strong></span> <span class='ocrx_word' id='word_1_158' title='bbox 436 2027 586 2076; x_wconf 87' lang='lat' dir='ltr'><strong>maris</strong></span> <span class='ocrx_word' id='word_1_159' title='bbox 621 2026 765 2074; x_wconf 90' lang='lat' dir='ltr'><strong>undis</strong></span> <span class='ocrx_word' id='word_1_160' title='bbox 801 2029 1088 2091; x_wconf 85' lang='lat' dir='ltr'><strong>emergente</strong></span> <span class='ocrx_word' id='word_1_161' title='bbox 1110 2029 1484 2073; x_wconf 83' lang='lat' dir='ltr'><strong>consternantur</strong></span> <span class='ocrx_word' id='word_1_162' title='bbox 1507 2026 1639 2088; x_wconf 90' lang='lat' dir='ltr'><strong>equi,</strong></span> <span class='ocrx_word' id='word_1_163' title='bbox 1676 2041 1823 2074; x_wconf 88' lang='lat' dir='ltr'><strong>curru</strong></span> 
     </span>
     <span class='ocr_line' id='line_1_23' title="bbox 141 2104 1822 2172; baseline -0.004 -13"><span class='ocrx_word' id='word_1_164' title='bbox 141 2108 386 2159; x_wconf 72' lang='lat' dir='ltr'><strong>excutitur</strong></span> <span class='ocrx_word' id='word_1_165' title='bbox 411 2107 734 2172; x_wconf 73' lang='lat' dir='ltr'><strong>HippolthS,</strong></span> <span class='ocrx_word' id='word_1_166' title='bbox 763 2122 883 2156; x_wconf 86' lang='lat' dir='ltr'><strong>saxo</strong></span> <span class='ocrx_word' id='word_1_167' title='bbox 908 2105 1139 2164; x_wconf 88' lang='lat' dir='ltr'><strong>alliditur,</strong></span> <span class='ocrx_word' id='word_1_168' title='bbox 1173 2105 1390 2168; x_wconf 88' lang='lat' dir='ltr'><strong>lorisque</strong></span> <span class='ocrx_word' id='word_1_169' title='bbox 1414 2104 1685 2169; x_wconf 86' lang='lat' dir='ltr'><strong>implicitus</strong></span> <span class='ocrx_word' id='word_1_170' title='bbox 1710 2122 1822 2153; x_wconf 91' lang='lat' dir='ltr'><strong>cum</strong></span> 
     </span>
     <span class='ocr_line' id='line_1_24' title="bbox 140 2184 1822 2249; baseline -0.004 -10"><span class='ocrx_word' id='word_1_171' title='bbox 140 2202 316 2239; x_wconf 81' lang='lat' dir='ltr'><strong>everso</strong></span> <span class='ocrx_word' id='word_1_172' title='bbox 353 2205 503 2238; x_wconf 88' lang='lat' dir='ltr'><strong>curru</strong></span> <span class='ocrx_word' id='word_1_173' title='bbox 522 2187 706 2236; x_wconf 89' lang='lat' dir='ltr'><strong>misere</strong></span> <span class='ocrx_word' id='word_1_174' title='bbox 732 2188 971 2247; x_wconf 81' lang='lat' dir='ltr'><strong>trahitur3</strong></span> <span class='ocrx_word' id='word_1_175' title='bbox 1008 2186 1219 2248; x_wconf 80' lang='lat' dir='ltr'><strong>(lenique</strong></span> <span class='ocrx_word' id='word_1_176' title='bbox 1236 2185 1394 2249; x_wconf 69' lang='lat' dir='ltr'><strong>ruptis</strong></span> <span class='ocrx_word' id='word_1_177' title='bbox 1423 2184 1560 2245; x_wconf 82' lang='lat' dir='ltr'><strong>loris,</strong></span> <span class='ocrx_word' id='word_1_178' title='bbox 1597 2186 1822 2233; x_wconf 87' lang='lat' dir='ltr'><strong>semiani-</strong></span> 
     </span>
     <span class='ocr_line' id='line_1_25' title="bbox 143 2263 1820 2334; baseline -0.002 -16"><span class='ocrx_word' id='word_1_179' title='bbox 143 2269 257 2331; x_wconf 88' lang='lat' dir='ltr'><strong>mis,</strong></span> <span class='ocrx_word' id='word_1_180' title='bbox 293 2268 687 2334; x_wconf 86' lang='lat' dir='ltr'><strong>proripientibus</strong></span> <span class='ocrx_word' id='word_1_181' title='bbox 712 2283 767 2315; x_wconf 90' lang='lat' dir='ltr'><strong>se</strong></span> <span class='ocrx_word' id='word_1_182' title='bbox 795 2267 952 2330; x_wconf 85' lang='lat' dir='ltr'><strong>equis,</strong></span> <span class='ocrx_word' id='word_1_183' title='bbox 988 2266 1299 2328; x_wconf 87' lang='lat' dir='ltr'><strong>relinquitur.</strong></span> <span class='ocrx_word' id='word_1_184' title='bbox 1367 2263 1461 2312; x_wconf 87' lang='lat' dir='ltr'><strong>His</strong></span> <span class='ocrx_word' id='word_1_185' title='bbox 1486 2265 1668 2314; x_wconf 88' lang='lat' dir='ltr'><strong>auditis</strong></span> <span class='ocrx_word' id='word_1_186' title='bbox 1685 2264 1820 2314; x_wconf 87' lang='lat' dir='ltr'><strong>The-</strong></span> 
     </span>
     <span class='ocr_line' id='line_1_26' title="bbox 142 2346 1178 2413; baseline -0.009 -13"><span class='ocrx_word' id='word_1_187' title='bbox 142 2365 258 2400; x_wconf 86' lang='lat' dir='ltr'><strong>seus</strong></span> <span class='ocrx_word' id='word_1_188' title='bbox 291 2350 469 2413; x_wconf 86' lang='lat' dir='ltr'><strong>partim</strong></span> <span class='ocrx_word' id='word_1_189' title='bbox 506 2347 687 2412; x_wconf 85' lang='lat' dir='ltr'><strong>gaudet</strong></span> <span class='ocrx_word' id='word_1_190' title='bbox 719 2347 900 2412; x_wconf 89' lang='lat' dir='ltr'><strong>partim</strong></span> <span class='ocrx_word' id='word_1_191' title='bbox 937 2346 1102 2392; x_wconf 86' lang='lat' dir='ltr'><strong>dolet:</strong></span> <span class='ocrx_word' id='word_1_192' title='bbox 1176 2362 1178 2364; x_wconf 68' lang='grc'>’</span> 
     </span>
    </p>

    <p class='ocr_par' dir='ltr' id='par_1_4' title="bbox 278 2423 1457 2490">
     <span class='ocr_line' id='line_1_27' title="bbox 278 2423 1457 2490; baseline -0.006 -13"><span class='ocrx_word' id='word_1_193' title='bbox 278 2427 551 2490; x_wconf 82' lang='lat' dir='ltr'><strong>„occidere</strong></span> <span class='ocrx_word' id='word_1_194' title='bbox 582 2427 725 2475; x_wconf 80' lang='lat' dir='ltr'><strong>volui</strong></span> <span class='ocrx_word' id='word_1_195' title='bbox 757 2426 994 2484; x_wconf 70' lang='lat' dir='ltr'><strong>nox—ium,</strong></span> <span class='ocrx_word' id='word_1_196' title='bbox 1033 2423 1272 2472; x_wconf 77' lang='lat' dir='ltr'><strong>amissum</strong></span> <span class='ocrx_word' id='word_1_197' title='bbox 1293 2424 1457 2485; x_wconf 82' lang='lat' dir='ltr'><strong>fleo.”</strong></span> 
     </span>
    </p>
   </div>
   <div class='ocr_carea' id='block_1_3' title="bbox 142 2502 1904 2571">
    <p class='ocr_par' dir='ltr' id='par_1_5' title="bbox 142 2502 1904 2571">
     <span class='ocr_line' id='line_1_28' title="bbox 142 2502 1904 2571; baseline -0.004 -12"><span class='ocrx_word' id='word_1_198' title='bbox 142 2509 325 2560; x_wconf 88' lang='lat' dir='ltr'><strong>Afferri</strong></span> <span class='ocrx_word' id='word_1_199' title='bbox 358 2513 524 2557; x_wconf 89' lang='lat' dir='ltr'><strong>autem</strong></span> <span class='ocrx_word' id='word_1_200' title='bbox 557 2511 858 2571; x_wconf 88' lang='lat' dir='ltr'><strong>prostratum</strong></span> <span class='ocrx_word' id='word_1_201' title='bbox 885 2504 1042 2561; x_wconf 85' lang='lat' dir='ltr'><strong>iubet,</strong></span> <span class='ocrx_word' id='word_1_202' title='bbox 1077 2509 1132 2552; x_wconf 88' lang='lat' dir='ltr'><strong>ut</strong></span> <span class='ocrx_word' id='word_1_203' title='bbox 1158 2503 1262 2551; x_wconf 88' lang='lat' dir='ltr'><strong>eius</strong></span> <span class='ocrx_word' id='word_1_204' title='bbox 1299 2502 1614 2551; x_wconf 84' lang='lat' dir='ltr'><strong>confessione</strong></span> <span class='ocrx_word' id='word_1_205' title='bbox 1639 2504 1821 2552; x_wconf 87' lang='lat' dir='ltr'><strong>veritas</strong></span> <span class='ocrx_word' id='word_1_206' title='bbox 1901 2541 1904 2544; x_wconf 47' lang='lat'><strong>&gt;</strong></span> 
     </span>
    </p>
   </div>
   <div class='ocr_carea' id='block_1_4' title="bbox 140 2576 1822 3441">
    <p class='ocr_par' dir='ltr' id='par_1_6' title="bbox 140 2576 1822 2811">
     <span class='ocr_line' id='line_1_29' title="bbox 142 2576 1822 2655; baseline -0.004 -16"><span class='ocrx_word' id='word_1_207' title='bbox 142 2576 405 2655; x_wconf 79' lang='lat' dir='ltr'><strong>aperiatur.</strong></span> <span class='ocrx_word' id='word_1_208' title='bbox 471 2586 671 2635; x_wconf 90' lang='lat' dir='ltr'><strong>Interim</strong></span> <span class='ocrx_word' id='word_1_209' title='bbox 699 2586 880 2633; x_wconf 89' lang='lat' dir='ltr'><strong>chorus</strong></span> <span class='ocrx_word' id='word_1_210' title='bbox 908 2584 1214 2642; x_wconf 80' lang='lat' dir='ltr'><strong>brevissimo,</strong></span> <span class='ocrx_word' id='word_1_211' title='bbox 1250 2582 1339 2630; x_wconf 87' lang='lat' dir='ltr'><strong>sed</strong></span> <span class='ocrx_word' id='word_1_212' title='bbox 1374 2583 1573 2647; x_wconf 77' lang='lat' dir='ltr'><strong>egregio</strong></span> <span class='ocrx_word' id='word_1_213' title='bbox 1608 2585 1822 2633; x_wconf 88' lang='lat' dir='ltr'><strong>carmine</strong></span> 
     </span>
     <span class='ocr_line' id='line_1_30' title="bbox 141 2662 1820 2729; baseline -0.004 -10"><span class='ocrx_word' id='word_1_214' title='bbox 141 2685 310 2718; x_wconf 84' lang='lat' dir='ltr'><strong>veram</strong></span> <span class='ocrx_word' id='word_1_215' title='bbox 344 2666 635 2716; x_wconf 87' lang='lat' dir='ltr'><strong>calamitatis</strong></span> <span class='ocrx_word' id='word_1_216' title='bbox 672 2680 895 2714; x_wconf 84' lang='lat' dir='ltr'><strong>caussam</strong></span> <span class='ocrx_word' id='word_1_217' title='bbox 921 2664 1075 2712; x_wconf 89' lang='lat' dir='ltr'><strong>innuit</strong></span> <span class='ocrx_word' id='word_1_218' title='bbox 1108 2662 1320 2712; x_wconf 89' lang='lat' dir='ltr'><strong>Veneris</strong></span> <span class='ocrx_word' id='word_1_219' title='bbox 1358 2662 1708 2726; x_wconf 87' lang='lat' dir='ltr'><strong>amplissimam</strong></span> <span class='ocrx_word' id='word_1_220' title='bbox 1731 2680 1820 2729; x_wconf 88' lang='lat' dir='ltr'><strong>po-</strong></span> 
     </span>
     <span class='ocr_line' id='line_1_31' title="bbox 140 2746 730 2811; baseline -0.005 -12"><span class='ocrx_word' id='word_1_221' title='bbox 140 2749 346 2799; x_wconf 88' lang='lat' dir='ltr'><strong>tentiam</strong></span> <span class='ocrx_word' id='word_1_222' title='bbox 381 2746 730 2811; x_wconf 89' lang='lat' dir='ltr'><strong>praedicando.</strong></span> 
     </span>
    </p>

    <p class='ocr_par' dir='ltr' id='par_1_7' title="bbox 144 2819 1822 3441">
     <span class='ocr_line' id='line_1_32' title="bbox 273 2819 1821 2890; baseline -0.003 -14"><span class='ocrx_word' id='word_1_223' title='bbox 273 2829 545 2890; x_wconf 85' lang='lat' dir='ltr'><strong>Antequam</strong></span> <span class='ocrx_word' id='word_1_224' title='bbox 579 2832 742 2875; x_wconf 91' lang='lat' dir='ltr'><strong>autem</strong></span> <span class='ocrx_word' id='word_1_225' title='bbox 777 2823 1077 2889; x_wconf 81' lang='lat' dir='ltr'><strong>Hippolytus</strong></span> <span class='ocrx_word' id='word_1_226' title='bbox 1113 2822 1361 2882; x_wconf 86' lang='lat' dir='ltr'><strong>afferatur,</strong></span> <span class='ocrx_word' id='word_1_227' title='bbox 1398 2819 1549 2870; x_wconf 89' lang='lat' dir='ltr'><strong>Diana</strong></span> <span class='ocrx_word' id='word_1_228' title='bbox 1585 2823 1649 2871; x_wconf 91' lang='lat' dir='ltr'><strong>de</strong></span> <span class='ocrx_word' id='word_1_229' title='bbox 1684 2824 1821 2873; x_wconf 91' lang='lat' dir='ltr'><strong>coelo</strong></span> 
     </span>
     <span class='ocr_line' id='line_1_33' title="bbox 144 2898 1822 2967; baseline -0.003 -10"><span class='ocrx_word' id='word_1_230' title='bbox 144 2898 453 2958; x_wconf 74' lang='lat' dir='ltr'><strong>desce&#39;ndens</strong></span> <span class='ocrx_word' id='word_1_231' title='bbox 487 2922 652 2956; x_wconf 90' lang='lat' dir='ltr'><strong>rerum</strong></span> <span class='ocrx_word' id='word_1_232' title='bbox 689 2919 887 2954; x_wconf 90' lang='lat' dir='ltr'><strong>caussas</strong></span> <span class='ocrx_word' id='word_1_233' title='bbox 922 2904 1030 2967; x_wconf 90' lang='lat' dir='ltr'><strong>ipsa</strong></span> <span class='ocrx_word' id='word_1_234' title='bbox 1054 2902 1282 2967; x_wconf 87' lang='lat' dir='ltr'><strong>explicat.</strong></span> <span class='ocrx_word' id='word_1_235' title='bbox 1352 2901 1513 2949; x_wconf 90' lang='lat' dir='ltr'><strong>Huius</strong></span> <span class='ocrx_word' id='word_1_236' title='bbox 1543 2903 1822 2952; x_wconf 88' lang='lat' dir='ltr'><strong>interventu</strong></span> 
     </span>
     <span class='ocr_line' id='line_1_34' title="bbox 144 2981 1820 3052; baseline -0.004 -14"><span class='ocrx_word' id='word_1_237' title='bbox 144 2988 207 3038; x_wconf 89' lang='lat' dir='ltr'><strong>ad</strong></span> <span class='ocrx_word' id='word_1_238' title='bbox 241 2987 573 3052; x_wconf 81' lang='lat' dir='ltr'><strong>expediendas</strong></span> <span class='ocrx_word' id='word_1_239' title='bbox 606 3001 687 3034; x_wconf 87' lang='lat' dir='ltr'><strong>res</strong></span> <span class='ocrx_word' id='word_1_240' title='bbox 722 2986 919 3033; x_wconf 92' lang='lat' dir='ltr'><strong>minime</strong></span> <span class='ocrx_word' id='word_1_241' title='bbox 953 2998 1076 3048; x_wconf 88' lang='lat' dir='ltr'><strong>opus</strong></span> <span class='ocrx_word' id='word_1_242' title='bbox 1122 2981 1277 3031; x_wconf 87' lang='lat' dir='ltr'><strong>fuisse</strong></span> <span class='ocrx_word' id='word_1_243' title='bbox 1321 2982 1520 3046; x_wconf 86' lang='lat' dir='ltr'><strong>planum</strong></span> <span class='ocrx_word' id='word_1_244' title='bbox 1572 2987 1666 3034; x_wconf 88' lang='lat' dir='ltr'><strong>est.</strong></span> <span class='ocrx_word' id='word_1_245' title='bbox 1734 2983 1820 3032; x_wconf 92' lang='lat' dir='ltr'><strong>Li-</strong></span> 
     </span>
     <span class='ocr_line' id='line_1_35' title="bbox 145 3063 1821 3130; baseline -0.002 -14"><span class='ocrx_word' id='word_1_246' title='bbox 145 3068 291 3117; x_wconf 87' lang='lat' dir='ltr'><strong>cebat</strong></span> <span class='ocrx_word' id='word_1_247' title='bbox 325 3066 455 3115; x_wconf 87' lang='lat' dir='ltr'><strong>enim</strong></span> <span class='ocrx_word' id='word_1_248' title='bbox 490 3066 765 3130; x_wconf 82' lang='lat' dir='ltr'><strong>Hippolyto</strong></span> <span class='ocrx_word' id='word_1_249' title='bbox 801 3080 927 3112; x_wconf 90' lang='lat' dir='ltr'><strong>nunc</strong></span> <span class='ocrx_word' id='word_1_250' title='bbox 963 3063 1162 3112; x_wconf 90' lang='lat' dir='ltr'><strong>demum</strong></span> <span class='ocrx_word' id='word_1_251' title='bbox 1211 3066 1347 3110; x_wconf 86' lang='lat' dir='ltr'><strong>certe</strong></span> <span class='ocrx_word' id='word_1_252' title='bbox 1381 3077 1556 3110; x_wconf 89' lang='lat' dir='ltr'><strong>arcana</strong></span> <span class='ocrx_word' id='word_1_253' title='bbox 1590 3063 1821 3126; x_wconf 89' lang='lat' dir='ltr'><strong>prodere,</strong></span> 
     </span>
     <span class='ocr_line' id='line_1_36' title="bbox 144 3141 1821 3207; baseline -0.003 -11"><span class='ocrx_word' id='word_1_254' title='bbox 144 3163 250 3197; x_wconf 53' lang='lat' dir='ltr'><strong>nec&lt;</strong></span> <span class='ocrx_word' id='word_1_255' title='bbox 270 3147 543 3195; x_wconf 90' lang='lat' dir='ltr'><strong>timendum</strong></span> <span class='ocrx_word' id='word_1_256' title='bbox 578 3151 701 3203; x_wconf 88' lang='lat' dir='ltr'><strong>erat,</strong></span> <span class='ocrx_word' id='word_1_257' title='bbox 735 3161 798 3194; x_wconf 89' lang='lat' dir='ltr'><strong>ne</strong></span> <span class='ocrx_word' id='word_1_258' title='bbox 830 3144 1048 3193; x_wconf 87' lang='lat' dir='ltr'><strong>tumidus</strong></span> <span class='ocrx_word' id='word_1_259' title='bbox 1081 3142 1237 3207; x_wconf 78' lang='lat' dir='ltr'><strong>patris</strong></span> <span class='ocrx_word' id='word_1_260' title='bbox 1274 3142 1463 3190; x_wconf 86' lang='lat' dir='ltr'><strong>animus</strong></span> <span class='ocrx_word' id='word_1_261' title='bbox 1500 3141 1650 3198; x_wconf 87' lang='lat' dir='ltr'><strong>fidem</strong></span> <span class='ocrx_word' id='word_1_262' title='bbox 1674 3143 1821 3192; x_wconf 91' lang='lat' dir='ltr'><strong>dictis</strong></span> 
     </span>
     <span class='ocr_line' id='line_1_37' title="bbox 145 3222 1820 3292; baseline -0.002 -17"><span class='ocrx_word' id='word_1_263' title='bbox 145 3227 436 3292; x_wconf 83' lang='lat' dir='ltr'><strong>derogaret3</strong></span> <span class='ocrx_word' id='word_1_264' title='bbox 470 3226 649 3275; x_wconf 85' lang='lat' dir='ltr'><strong>licebat</strong></span> <span class='ocrx_word' id='word_1_265' title='bbox 683 3225 921 3274; x_wconf 88' lang='lat' dir='ltr'><strong>nutricem</strong></span> <span class='ocrx_word' id='word_1_266' title='bbox 956 3223 1005 3272; x_wconf 93' lang='lat' dir='ltr'><strong>in</strong></span> <span class='ocrx_word' id='word_1_267' title='bbox 1033 3222 1368 3271; x_wconf 89' lang='lat' dir='ltr'><strong>testimonium</strong></span> <span class='ocrx_word' id='word_1_268' title='bbox 1402 3222 1668 3282; x_wconf 81' lang='lat' dir='ltr'><strong>adhibere3</strong></span> <span class='ocrx_word' id='word_1_269' title='bbox 1699 3222 1820 3271; x_wconf 91' lang='lat' dir='ltr'><strong>lice-</strong></span> 
     </span>
     <span class='ocr_line' id='line_1_38' title="bbox 144 3291 1822 3369; baseline -0.002 -15"><span class='ocrx_word' id='word_1_270' title='bbox 144 3307 230 3355; x_wconf 90' lang='lat' dir='ltr'><strong>bat</strong></span> <span class='ocrx_word' id='word_1_271' title='bbox 263 3307 413 3354; x_wconf 86' lang='lat' dir='ltr'><strong>etiam</strong></span> <span class='ocrx_word' id='word_1_272' title='bbox 449 3306 652 3354; x_wconf 87' lang='lat' dir='ltr'><strong>chorum</strong></span> <span class='ocrx_word' id='word_1_273' title='bbox 689 3305 751 3353; x_wconf 87' lang='lat' dir='ltr'><strong>ad</strong></span> <span class='ocrx_word' id='word_1_274' title='bbox 800 3308 969 3369; x_wconf 88' lang='lat' dir='ltr'><strong>partes</strong></span> <span class='ocrx_word' id='word_1_275' title='bbox 1012 3319 1206 3351; x_wconf 76' lang='lat' dir='ltr'><strong>vocare.</strong></span> <span class='ocrx_word' id='word_1_276' title='bbox 1275 3291 1503 3351; x_wconf 81' lang='lat' dir='ltr'><strong>Adhibita</strong></span> <span class='ocrx_word' id='word_1_277' title='bbox 1547 3302 1697 3367; x_wconf 81' lang='lat' dir='ltr'><strong>igitur</strong></span> <span class='ocrx_word' id='word_1_278' title='bbox 1744 3307 1822 3350; x_wconf 88' lang='lat' dir='ltr'><strong>est</strong></span> 
     </span>
     <span class='ocr_line' id='line_1_39' title="bbox 144 3381 1820 3441; baseline -0.003 -7"><span class='ocrx_word' id='word_1_279' title='bbox 144 3387 239 3435; x_wconf 90' lang='lat' dir='ltr'><strong>dea</strong></span> <span class='ocrx_word' id='word_1_280' title='bbox 265 3386 514 3434; x_wconf 81' lang='lat' dir='ltr'><strong>sedandis</strong></span> <span class='ocrx_word' id='word_1_281' title='bbox 571 3385 741 3436; x_wconf 89' lang='lat' dir='ltr'><strong>animis</strong></span> <span class='ocrx_word' id='word_1_282' title='bbox 788 3390 840 3433; x_wconf 90' lang='lat' dir='ltr'><strong>et</strong></span> <span class='ocrx_word' id='word_1_283' title='bbox 886 3381 1310 3441; x_wconf 82' lang='lat' dir='ltr'><strong>consummandis,</strong></span> <span class='ocrx_word' id='word_1_284' title='bbox 1358 3396 1455 3430; x_wconf 88' lang='lat' dir='ltr'><strong>non</strong></span> <span class='ocrx_word' id='word_1_285' title='bbox 1505 3382 1820 3439; x_wconf 79' lang='lat' dir='ltr'><strong>extricandiS,</strong></span> 
     </span>
    </p>
   </div>
   <div class='ocr_carea' id='block_1_5' title="bbox 145 3459 1821 3588">
    <p class='ocr_par' dir='ltr' id='par_1_8' title="bbox 145 3459 1821 3588">
     <span class='ocr_line' id='line_1_40' title="bbox 145 3459 1821 3516; baseline -0.002 -2"><span class='ocrx_word' id='word_1_286' title='bbox 145 3467 309 3516; x_wconf 87' lang='lat' dir='ltr'><strong>rebus.</strong></span> <span class='ocrx_word' id='word_1_287' title='bbox 377 3465 608 3515; x_wconf 77' lang='lat' dir='ltr'><strong>Detracta</strong></span> <span class='ocrx_word' id='word_1_288' title='bbox 647 3468 811 3515; x_wconf 88' lang='lat' dir='ltr'><strong>autem</strong></span> <span class='ocrx_word' id='word_1_289' title='bbox 858 3464 1111 3514; x_wconf 86' lang='lat' dir='ltr'><strong>involucro</strong></span> <span class='ocrx_word' id='word_1_290' title='bbox 1154 3462 1251 3511; x_wconf 91' lang='lat' dir='ltr'><strong>hoc</strong></span> <span class='ocrx_word' id='word_1_291' title='bbox 1284 3461 1430 3511; x_wconf 91' lang='lat' dir='ltr'><strong>docet</strong></span> <span class='ocrx_word' id='word_1_292' title='bbox 1453 3460 1643 3511; x_wconf 63' lang='lat' dir='ltr'><strong>*Dianaz</strong></span> <span class='ocrx_word' id='word_1_293' title='bbox 1712 3459 1821 3510; x_wconf 90' lang='lat' dir='ltr'><strong>Non</strong></span> 
     </span>
     <span class='ocr_line' id='line_1_41' title="bbox 1429 3541 1493 3588; baseline -0.016 0"><span class='ocrx_word' id='word_1_294' title='bbox 1429 3541 1493 3588; x_wconf 77' lang='lat'><strong>27</strong></span> 
     </span>
    </p>
   </div>
  </div>
 </body>
</html>
