2144 3854
964 284 1077 341 133

183 431 309 482 Nam
341 429 574 480 Socrates
599 443 793 495 qnoque
825 427 1045 477 sublimis
1078 428 1110 476 i.
1147 443 1191 477 e.
1225 425 1629 492 μετεωρολόγος,
1663 428 1715 476 in
1748 442 1850 476 ma-

184 511 328 562 china
358 509 580 578 pendens
614 510 675 560 ab
708 508 880 558 eodem
915 510 1063 571 poeta
1092 505 1363 568 inducitur,
1410 507 1673 572 statiuiqne
1703 507 1853 556 rusti-

186 607 274 641 cus
306 591 421 651 ille,
473 590 558 639 ubi
589 586 924 638 mendicorum
957 585 1130 649 pannis
1162 584 1361 634 indutus
1395 591 1501 649 est,
1550 585 1754 652 argutiis
1798 601 1854 636 se

185 671 444 737 impletum
474 683 587 719 esse
619 666 804 716 sentit:

314 742 373 800 εὖ
403 748 474 814 γ’,
506 738 625 797 οῖον
655 743 758 811 ἤδη
791 741 1062 809 ῥηματίων
1094 739 1470 808 ἐμπίμπλαμαι.

184 827 409 880 Vidimus
428 825 725 876 Phoenicem
757 839 948 874 summa
965 824 1236 874 constantia
1261 823 1506 884 exsilium,
1529 823 1854 888 privationem

184 908 457 970 oculorum,
489 904 799 971 ignominiam
822 904 1172 969 infamiamque
1200 902 1468 961 ferentem3
1502 901 1712 962 vidimus
1734 921 1853 954 eun—

182 985 297 1036 dem
344 984 619 1036 admirabili
662 984 998 1033 moderatione
1047 983 1107 1032 ab
1150 982 1336 1033 ultione
1380 982 1535 1047 patris
1565 982 1856 1046 iniquissimi

181 1065 518 1116 abstinentem.
583 1063 757 1128 Neque
791 1062 876 1112 hic
910 1079 1068 1127 neque
1101 1062 1400 1126 reliquorum
1434 1061 1692 1126 quisquam
1725 1063 1855 1121 ideo,

181 1145 312 1208 quod
354 1144 615 1209 impatiens
666 1143 732 1193 sit
774 1141 957 1192 doloris
1001 1147 1151 1206 atque
1194 1141 1450 1199 miseriae,
1501 1145 1710 1190 mortem
1760 1144 1854 1194 sibi

178 1224 451 1276 consciscit.

306 1303 615 1353 Acerrimum
662 1303 877 1352 omnium
919 1302 1209 1367 Euripidem
1257 1317 1372 1352 esse
1426 1302 1479 1352 in
1527 1301 1858 1366 exprimendis

176 1383 454 1444 affectibus,
487 1383 536 1431 in
569 1382 740 1431 furore
774 1398 960 1443 eorum,
994 1382 1078 1446 qui
1110 1387 1291 1443 amant,
1327 1383 1409 1446 qui
1446 1382 1741 1442 irascuntur,
1774 1382 1858 1446 qui

178 1463 414 1524 invident,
448 1463 530 1527 qui
563 1462 780 1527 cupiunt,
817 1463 901 1527 qui
933 1463 1123 1524 timent7
1157 1462 1243 1526 qui
1279 1466 1521 1521 moerent,
1556 1461 1641 1524 qui
1672 1461 1883 1522 laetitia,

180 1542 470 1603 efferuntur,
492 1542 830 1591 vehementius
855 1540 1176 1601 ostendendo,
1201 1542 1308 1604 quis
1333 1542 1524 1604 ignorat
1542 1540 1622 1588 vel
1633 1541 1742 1604 quis
1765 1555 1857 1590 un-

181 1639 328 1686 quam
360 1621 597 1670 infitiatus
633 1622 747 1670 est‘!
812 1618 977 1669 Testis
1011 1625 1090 1668 est
1122 1619 1331 1679 Medea,
1366 1621 1430 1668 ad
1462 1635 1579 1669 suos
1611 1619 1766 1684 ipsius
1797 1619 1858 1668 li-

180 1703 328 1750 beros
360 1700 674 1750 trucidandos
707 1699 871 1748 rivalis
905 1699 1166 1762 maritique
1209 1697 1321 1748 odio
1368 1701 1597 1763 abrepta,
1640 1699 1861 1764 itemque

181 1780 469 1841 Tbemist03
515 1780 659 1829 testis
702 1780 945 1844 Amyntor
992 1779 1147 1827 filium
1193 1794 1492 1839 excoecans‚
1542 1792 1692 1840 quum
1732 1778 1861 1829 falsa

182 1859 461 1925 suspicione
493 1860 717 1916 ducatur,
752 1859 893 1907 testis
927 1858 1241 1908 Stheneboea
1272 1874 1504 1923 pegasum
1541 1874 1653 1907 cum
1677 1858 1862 1908 amasio

181 1938 533 2000 conscendens,
575 1943 731 1988 testes
779 1938 1010 1987 Eteocles
1055 1942 1107 1987 et
1137 1937 1400 2000 Polynices
1434 1937 1615 1987 fratres
1650 1953 1707 1987 se
1737 1938 1860 1987 invi-

182 2034 290 2069 cem
321 2018 693 2079 interficientes,
727 2018 940 2082 denique
973 2017 1148 2082 plenae
1183 2021 1294 2065 sunt
1321 2017 1496 2066 horum
1522 2016 1860 2083 exemplorum

182 2097 377 2149 fabulae
409 2113 594 2146 omnes,
660 2098 713 2146 ln
747 2098 1092 2163 Aristophanis
1126 2097 1564 2162 reprehensionem
1584 2097 1711 2147 haec
1739 2112 1860 2162 quo-

179 2193 276 2243 que
305 2179 630 2239 incurrerunt,
664 2179 748 2242 qui
782 2177 901 2227 facit
932 2177 1233 2242 Aeschylum
1266 2177 1588 2243 gloriantem:

310 2255 420 2309 ἀλλ’
468 2255 535 2308 οὐ
578 2255 652 2322 μὰ
698 2255 806 2318 Δί’,
861 2256 926 2309 οὐ
974 2255 1216 2322 Φαίδρας
1247 2252 1468 2308 ἐποίουν
1499 2256 1705 2321 πόρνας
1734 2254 1862 2308 οὐδὲ

235 2337 239 2341 “
1009 2336 1357 2404 Σθενεβοίας,

312 2416 428 2470 οὐδ’
462 2411 564 2469 οἶδ’
599 2415 773 2479 οὐδεὶς
820 2416 986 2485 ἥντιν’
1039 2416 1249 2483 ἐρῶσαν
1280 2417 1479 2470 πώποτ’
1513 2415 1734 2483 ἐποίησα
1765 2432 1860 2482 γυ-

1014 2501 1190 2551 ναῖκα.

182 2580 277 2630 eui
309 2584 446 2629 recte
481 2580 744 2644 Euripides
778 2580 1082 2644 respondere
1113 2580 1334 2629 videtur:

312 2656 385 2725 μὰ
418 2658 528 2718 Δί’,
565 2657 631 2709 οὐ
662 2656 766 2724 γὰρ
800 2655 948 2725 ἐπῆν·
968 2661 1061 2724 τῆς
1086 2651 1403 2724 Ἀφροδίτης
1435 2656 1599 2709 οὐδέν
1629 2667 1730 2711 σοι.

181 2739 405 2805 Ineptum
447 2755 567 2790 vero
613 2756 671 2790 ac
710 2755 999 2805 perversum
1054 2744 1132 2788 est
1148 2773 1162 2797 ‚
1211 2739 1343 2802 quod
1387 2739 1739 2802 Aristophanes
1785 2738 1861 2788 at*-

180 2819 373 2870 firmat:

313 2929 375 2939 -
445 2929 508 2937 —
575 2898 684 2950 ἀλλ’
732 2897 1089 2964 ἀποκρύπτειν
1131 2896 1229 2966 χρὴ
1274 2899 1335 2951 τὸ
1381 2895 1621 2965 πονηρὸν
1663 2898 1759 2950 τόν
1803 2914 1864 2963 γε

999 2979 1242 3046 ποιητήν.
1651 3040 1653 3043 Α

182 3076 343 3125 neque
389 3061 520 3110 enim
570 3061 773 3111 celando
819 3061 1018 3111 vulnera
1077 3065 1304 3112 sanantur
1322 3097 1338 3122 ,
1398 3077 1559 3128 neque
1603 3062 1863 3126 quisquam

182 3146 332 3206 poeta
362 3142 522 3191 bonus
555 3141 827 3190 omittenda
858 3141 1165 3207 tegendaque
1197 3157 1310 3192 esse
1343 3141 1483 3192 duxit
1524 3158 1613 3205 ea,
1655 3141 1707 3190 in
1752 3141 1863 3206 qui-

183 3221 275 3270 bus
323 3221 651 3285 exprimendis
698 3221 775 3270 vel
817 3221 1031 3270 maxime
1078 3222 1150 3270 vis
1194 3223 1373 3287 ingenii
1404 3224 1657 3286 virtusque
1688 3225 1864 3286 poetae

185 3299 469 3361 excelleret,
502 3316 662 3365 neque
695 3300 781 3350 ille
807 3302 916 3366 ipse
947 3306 1197 3352 veterator
1228 3303 1343 3353 talia
1376 3303 1568 3354 celavit.
1633 3301 1697 3351 At
1730 3299 1861 3350 cela-

185 3380 253 3428 vit
285 3379 435 3429 homo
468 3380 770 3442 malitiosus,
805 3382 864 3430 ab
901 3381 1074 3432 eodem
1120 3382 1359 3450 Euripide
1393 3388 1444 3433 et
1475 3381 1653 3432 auxilia
1685 3380 1862 3430 sedan-

186 3460 355 3509 darum
412 3461 831 3525 perturbationum
888 3462 1171 3513 firmissima
1228 3463 1601 3527 certissimaque
1659 3461 1861 3511 demon-
