2144 3854
1110 256 1192 316 56

303 411 454 463 etiam
485 409 569 475 qui
600 406 791 459 tabulas
825 406 1087 472 pinxerunt
1120 406 1199 456 vel
1230 407 1368 471 signa
1392 404 1623 455 fabricati
1648 410 1780 468 sunt,
1813 407 1857 457 si
1879 407 1989 472 qui-

302 490 418 541 dem
449 490 630 540 vellent
662 503 816 553 opera
850 503 947 536 aua·
972 486 1168 552 populis
1203 485 1535 536 commendari
1585 482 1795 551 (debent
1822 491 1989 538 autem

301 585 473 620 omnes
507 568 687 628 velle),
723 566 1158 617 accommodarunt
1191 584 1248 617 ea
1282 570 1335 616 et
1367 566 1620 615 hominum
1662 566 1990 617 voluntatibus

298 649 579 713 studiisque
612 652 665 697 et
695 647 939 697 festorum
972 647 1301 712 ludorumque
1333 653 1563 707 naturae,
1611 651 1661 695 et
1709 653 1989 712 temporum

299 729 762 793 opportunitatibuS,
798 735 851 779 et
883 728 1105 777 locorum
1139 728 1218 777 vel
1251 728 1615 786 aedificiorum,
1654 743 1780 792 quae
1813 743 1990 776 ornare

295 808 607 870 iubebantur,
641 808 847 874 spatiis:
881 824 975 858 nec
1009 808 1258 874 profecto,
1293 825 1442 873 quum
1467 809 1545 857 his
1568 823 1736 856 rerum
1755 807 1989 872 angustiis

293 887 651 954 hominumque
676 889 854 937 studiis
870 895 1122 954 parerent,
1148 889 1496 938 detrimentum
1511 888 1743 937 fecerunt
1758 891 1988 936 venusta-

294 968 378 1018 tis.
446 967 616 1019 Nubes
651 969 780 1019 enim
815 974 865 1018 et
898 969 1060 1019 inania
1093 974 1294 1035 captare
1329 968 1516 1028 solent,
1565 968 1648 1032 qui
1681 966 1798 1016 talia
1829 967 1988 1032 negli-

292 1052 432 1113 gunt.
500 1049 738 1100 Scenicos
772 1065 891 1098 vero
926 1057 1102 1116 poetas
1138 1051 1180 1099 si
1211 1050 1562 1115 respiciemus»,
1599 1064 1627 1096 a
1660 1048 1857 1098 nemine
1896 1064 1987 1097 un-

292 1141 466 1192 quam,
512 1129 596 1195 qui
640 1130 719 1179 vel
752 1130 913 1184 minus
947 1136 1118 1181 nosset
1150 1132 1460 1180 theatrorum
1496 1134 1721 1178 naturam
1770 1129 1848 1179 vel
1900 1144 1986 1178 co-

289 1208 479 1272 gnitam
506 1210 798 1278 negligeret,
833 1211 985 1262 bonas
1006 1216 1058 1261 et
1075 1216 1384 1277 praestantes
1417 1210 1547 1259 omni
1562 1225 1767 1258 numero
1791 1208 1985 1259 fabulas

290 1290 593 1355 compositas
626 1308 739 1341 esse
773 1293 1095 1343 inveniemus,
1164 1291 1496 1354 Quamobrem
1523 1305 1691 1339 veram
1725 1304 1839 1338 esse
1861 1293 1985 1355 puto

289 1383 401 1418 eam
432 1371 801 1437 tetralogiarum
832 1374 1102 1432 rationem,
1146 1387 1291 1436 quam
1336 1371 1596 1436 proposuit
1641 1369 1704 1418 G.
1738 1370 1985 1418 Herman-

287 1462 381 1498 nus
417 1455 468 1500 et
497 1453 832 1517 comprobavit
857 1452 1122 1504 Goethius.
1192 1452 1526 1501 Confirmatur
1549 1451 1678 1499 enim
1703 1456 1808 1499 tum
1839 1448 1986 1504 fabu-

286 1526 447 1580 larum
479 1531 700 1597 ipsarum
731 1540 932 1596 natura,
979 1549 1183 1597 quarum
1220 1532 1436 1596 singulas
1471 1535 1833 1581 consummatas
1869 1542 1983 1578 esse

285 1606 608 1676 intelligimus
644 1617 824 1677 atque,
879 1618 935 1662 ut
969 1613 1249 1663 Stoicorum
1283 1613 1541 1672 virtutem,
1577 1627 1692 1659 sese
1726 1613 1983 1657 contentas

285 1688 550 1755 omniaque
583 1704 673 1741 sua
707 1693 1021 1758 complexas,
1056 1708 1219 1757 neque
1251 1692 1564 1742 extrinsecus
1596 1689 1827 1754 religatas
1863 1704 1984 1753 pen-

285 1766 410 1819 dere
441 1785 603 1836 neque
637 1788 879 1836 quaerere
898 1774 1164 1839 quidquam
1197 1771 1410 1834 aliunde,
1446 1777 1551 1820 tum
1579 1785 1696 1820 vero
1722 1769 1872 1818 etiam
1907 1773 1983 1817 te-

285 1849 528 1900 stimoniis
561 1858 789 1902 veterum
823 1855 1139 1919 scriptorum,
1175 1868 1383 1917 quorum
1418 1866 1564 1900 nemo
1589 1866 1803 1914 unquam
1833 1850 1981 1898 ullam

282 1928 409 1979 dixit
443 1929 678 1991 fabulam,
714 1939 993 1999 separatam
1027 1949 1055 1981 a
1087 1933 1310 1996 reliquis,
1345 1932 1639 1996 quibuscum
1675 1946 1772 1979 una
1795 1929 1846 1979 in
1872 1945 1981 1979 cer-

281 2011 450 2060 tamen
482 2010 699 2059 demissa
731 2018 897 2071 esset,
933 2013 1122 2072 minus,
1157 2013 1316 2076 qualis
1350 2016 1488 2061 esset
1520 2011 1599 2060 vel
1633 2027 1729 2076 quo
1762 2011 1981 2075 pertine-

281 2093 380 2150 ret,
413 2088 622 2154 intelligi
654 2107 842 2156 posse„
886 2090 1242 2142 Verumtamen
1276 2096 1466 2141 certam
1501 2091 1660 2157 legem
1689 2095 1980 2155 certumque

281 2167 507 2218 ordinem
540 2169 592 2218 in
626 2171 943 2220 conficiendis
977 2172 1249 2238 tetralogiis
1277 2172 1593 2238 propositum
1619 2170 1774 2220 fuisse
1797 2170 1980 2235 poetis,

281 2251 340 2297 ut
371 2248 519 2297 aliam
553 2249 616 2298 ad
649 2251 859 2312 mentis,
908 2251 1053 2301 aliam
1087 2251 1149 2300 ad
1183 2253 1400 2312 aurium,
1447 2252 1592 2300 aliam
1626 2251 1689 2300 ad
1723 2250 1980 2300 oculorum

281 2327 663 2378 delectationem
698 2330 1015 2396 potissimum
1049 2331 1267 2381 fabulam
1302 2337 1659 2398 componerent
1704 2336 1782 2390 et,
1835 2331 1979 2394 quasi

280 2409 523 2474 separatis
555 2410 810 2460 hominum
845 2411 1105 2473 sensibuS‚
1152 2412 1234 2460 alii
1277 2419 1391 2477 post
1421 2413 1571 2460 alium
1606 2410 1978 2470 satisfacerent,

278 2503 441 2553 neque
475 2495 856 2539 consentaneum
890 2497 968 2539 est
1000 2507 1162 2555 neque
1198 2493 1427 2541 convenit
1458 2493 1505 2540 in
1540 2491 1866 2552 didascaliaS,
1915 2489 1980 2540 de

278 2567 457 2632 quibus
492 2569 746 2633 proditum
783 2576 860 2620 est
894 2572 1180 2622 memoriae.
1258 2571 1430 2620 Potius
1463 2572 1514 2619 in
1550 2576 1800 2621 structura
1835 2570 1978 2620 fabu-

276 2646 437 2698 larum
478 2650 689 2700 varietas
740 2651 1020 2715 quaerenda
1066 2650 1174 2702 fuit.
1241 2651 1444 2701 Monuit
1476 2657 1640 2700 autem
1673 2650 1976 2700 Aristoteles

278 2721 437 2793 (poet.
473 2744 516 2781 c.
553 2729 651 2795 10.)
705 2731 826 2780 alias
894 2731 1191 2796 simplici
1251 2748 1365 2780 esse
1416 2736 1703 2796 argumento
1763 2729 1973 2789 fabulas,

276 2808 396 2858 alias
429 2809 771 2875 implicato
804 2811 900 2874 vel,
936 2811 1071 2877 quod
1104 2812 1185 2860 alii
1218 2815 1469 2872 vocarent,
1506 2809 1764 2874 duplici
1801 2807 1869 2873 (c.
1891 2811 1972 2872 13,

274 2889 326 2936 4.
363 2894 417 2938 et
449 2888 539 2955 7.).
608 2890 895 2956 Simplicem
928 2892 1050 2941 dicit
1082 2892 1346 2951 actionem,
1382 2891 1519 2939 cuius
1569 2890 1675 2938 sine
1718 2890 1972 2955 inopinato

275 2983 396 3017 casu
428 2969 508 3018 vel
540 2970 789 3034 agnitione
821 2972 910 3021 fiat
944 2972 1167 3035 mutatio,
1202 2971 1520 3038 implicatam,
1557 2985 1682 3033 quae
1722 2970 1800 3019 vel
1834 2970 1973 3037 agni-

273 3049 460 3098 tionem
493 3049 572 3098 vel
607 3066 774 3100 casum
808 3052 1113 3116 inopinatum
1164 3053 1243 3102 vel
1275 3057 1541 3114 utrumque
1575 3050 1774 3100 habeat.
1842 3050 1971 3100 Sim-

272 3119 459 3195 plicem
493 3130 705 3180 eandem
741 3132 1081 3195 aequalem
1128 3137 1179 3182 et
1225 3131 1598 3182 continuam
1634 3130 1787 3193 dicit,
1837 3129 1970 3195 quod

275 3226 376 3276 quo
408 3225 490 3260 res
525 3211 586 3260 ab
620 3210 759 3259 initio
794 3212 1003 3261 tendere
1037 3212 1323 3279 coeperint,
1356 3201 1546 3259 'eodem
1582 3210 1817 3260 continuo
1850 3224 1968 3274 pro-

273 3289 469 3351 cedant,
504 3305 666 3356 neque
698 3291 800 3340 ulla
835 3292 997 3341 subita
1031 3298 1181 3357 atque
1209 3291 1457 3356 inopinata
1485 3292 1806 3342 conversione
1823 3288 1967 3355 (qua-

273 3370 373 3420 lem
406 3371 563 3437 gignit
596 3387 821 3422 errorum
855 3372 1076 3437 priorum
1111 3371 1349 3438 cognitio)
1395 3371 1446 3419 in
1493 3371 1792 3420 contrarium
1845 3384 1970 3418 con-

273 3455 544 3503 vertantur.
614 3450 867 3518 Simplicis
898 3452 1048 3518 igitur
1081 3452 1359 3520 argumenti
1393 3451 1672 3516 exemplum
1697 3454 1811 3500 sunt
1843 3449 1968 3498 Pro—
