2144 3854
1140 292 1263 350 338

371 446 610 500 beneficia
642 445 708 492 ait
740 445 1056 505 compensata
1090 455 1204 490 esse
1235 441 1329 489 hac
1360 453 1457 488 una
1489 454 1571 498 re,
1619 441 1749 503 quod
1773 455 1825 490 c
1855 440 2033 490 barba-

369 530 439 578 ris
471 525 533 574 ad
569 523 789 572 Graecos
822 521 1064 586 perducta
1098 520 1334 570 beneflcio
1368 518 1532 583 legum
1566 520 1789 581 vitaeque
1815 520 2036 569 cultioris

368 612 535 657 utatur
567 603 836 665 simulque,
881 600 1059 664 ingenii
1087 600 1180 647 sui
1228 598 1478 648 sollertiae
1512 599 1797 664 prodendae
1826 599 2038 648 faculta—

369 692 472 735 tem
496 683 692 746 adepta‚
726 681 879 744 gloria
910 696 1002 744 per
1026 683 1178 727 totam
1209 678 1468 726 Graeciam
1496 679 1806 740 celebr-etun
1840 679 2037 743 nuptias

368 769 533 815 autem
567 778 623 811 se
655 761 778 811 dicit
808 759 935 809 inire
966 774 1062 808 non
1095 759 1293 821 virginis
1328 759 1560 823 cupidine
1592 759 1901 823 perculsum,
1947 757 2037 807 scd

368 847 554 895 liberos
586 857 702 891 suos
737 840 1067 902 Medeamque
1111 839 1270 903 ipsam
1322 839 1581 888 adiuvandi
1629 839 1796 887 studio
1841 853 2038 904 permo-

370 930 504 984 tum,
556 938 717 985 neque
764 919 995 968 Medeam
1043 918 1230 966 factum
1278 919 1593 967 utilissimum
1651 919 2038 982 improbaturum

369 1004 547 1061 fuisse,
582 1001 676 1050 nisi
710 1001 803 1049 tori
837 999 1086 1047 consortio
1118 999 1191 1047 uti
1226 1015 1363 1048 more
1398 999 1611 1047 omnium
1647 998 1907 1046 mulierum
1936 997 2038 1061 pri-

369 1099 504 1132 mum
536 1097 648 1130 esse
681 1081 899 1129 duceret.
967 1077 1105 1126 Haec
1138 1095 1235 1127 uno
1269 1080 1417 1127 verbo
1452 1077 1632 1127 Medea
1682 1077 1895 1127 refutat:
1946 1077 2040 1125 de-

369 1162 538 1213 buisse
584 1161 713 1209 enim
759 1161 1009 1217 Iasonem,
1061 1158 1104 1204 si
1155 1158 1280 1206 bene
1326 1158 1429 1206 suis
1475 1158 1734 1206 consulere
1778 1157 2036 1216 voluisset,

370 1257 468 1291 non
501 1241 627 1289 clam
661 1254 821 1302 neque
853 1237 1003 1285 invita
1036 1252 1191 1285 uxore
1224 1237 1406 1302 priore,
1441 1238 1531 1286 sed
1560 1239 1917 1295 consentiente,
1950 1252 2040 1285 no-

370 1322 489 1369 vam'
523 1321 722 1369 ducere.
803 1317 1039 1365 Ceterum
1086 1317 1301 1380 hospitia
1342 1317 1473 1365 illius
1518 1322 1567 1365 et
1616 1317 1779 1366 oblata
1824 1316 2076 1366 subsidia*

371 1403 661 1465 aspernatur
695 1397 959 1462 ipsumque
993 1411 1106 1445 cum
1141 1396 1288 1444 domo
1323 1397 1430 1444 eius
1464 1402 1708 1445 exsecrat.

502 1476 641 1525 Haec
676 1476 910 1526 dramatis
945 1491 1093 1539 pars,
1130 1475 1223 1524 etsi
1257 1476 1318 1524 ad
1353 1491 1434 1524 res
1468 1475 1749 1524 enodandas
1783 1475 2041 1525 minimum

371 1563 656 1624 promovet,
704 1562 868 1604 tamen
905 1571 996 1615 eo,
1033 1554 1163 1619 quod
1198 1571 1396 1604 caussas
1427 1571 1596 1603 rerum
1631 1561 1682 1604 et
1714 1554 1916 1625 consilia
1947 1555 2040 1603 ho-

370 1639 555 1687 minum
589 1650 854 1699 moresque
888 1634 1142 1698 explanat,
1187 1635 1340 1683 totius
1386 1634 1581 1683 fabulae
1627 1635 1915 1700 gravissima
1947 1639 2040 1685 est.

370 1718 630 1768 Actionem
664 1722 831 1764 autem
866 1731 1032 1763 rerum
1067 1714 1258 1762 etiamsi
1287 1730 1383 1763 non
1407 1714 1574 1763 statim
1597 1715 1844 1781 provehit,
1877 1719 2042 1763 tamen

370 1796 595 1863 augendo
628 1795 831 1844 ultionis
863 1795 1209 1843 necessitatem
1245 1799 1472 1846 maturat.

504 1875 597 1924 His
621 1875 743 1923 actis
767 1876 948 1923 chorus
969 1874 1392 1939 praestantissimo
1412 1875 1631 1923 carmine
1650 1875 1862 1939 primum
1888 1878 2044 1939 optat,

372 1960 429 2006 ut
477 1955 538 2004 ab
584 1955 896 2003 immoderati
944 1954 1124 2001 amoris
1170 1953 1410 2014 stimulis,
1471 1956 1555 2018 qui
1600 1959 1653 2003 et
1694 1955 1943 2003 honestati
1991 1958 2046 2002 et

372 2035 493 2085 fidei
526 2034 752 2082 inimicus
789 2033 872 2093 sit,
907 2039 1147 2097 perpetuo
1182 2039 1353 2091 vacet3
1390 2032 1570 2081 deinde
1601 2034 1787 2097 patria,
1823 2033 2043 2095 cognatis

372 2113 758 2180 propinquisque
792 2113 999 2175 privari,
1049 2127 1197 2174 quum
1231 2110 1283 2159 in
1317 2100 1458 2159 unius
1492 2112 1704 2160 hominis
1737 2112 1839 2160 fide
1872 2112 2044 2175 acqui-

374 2208 544 2252 escas,
593 2191 926 2239 miserrimum
962 2205 1074 2237 esse
1108 2190 1229 2238 dicit
1262 2196 1314 2237 et
1346 2196 1503 2239 morte
1534 2191 1641 2255 ipsa
1673 2191 1846 2256 peius:
1878 2191 2045 2255 itaque

375 2272 589 2321 Medeae
622 2276 808 2319 sortem
844 2269 1095 2334 deplorat,
1142 2269 1330 2317 Iasonis
1364 2277 1530 2319 autem
1564 2271 1821 2335 perfidiam
1857 2271 2044 2320 abomi-

375 2357 534 2401 natur.

505 2430 650 2493 Quod
699 2428 923 2492 sequitur
956 2428 1232 2492 episodium
1267 2445 1496 2494 magnum
1530 2436 1829 2480 momentum
1865 2432 1927 2480 ad
1959 2446 2044 2480 res

376 2510 710 2575 expediendas
741 2508 888 2558 affert
909 2507 1202 2570 efficiendo,
1238 2515 1292 2558 ut
1325 2509 1522 2570 Medea,
1557 2526 1685 2574 quae
1705 2511 1867 2560 adhuc
1890 2511 2046 2560 inan-

377 2589 516 2653 cipiti
548 2589 900 2637 deliberatione
931 2588 1222 2648 haesitavit,
1271 2596 1479 2653 repente
1522 2597 1674 2639 totam
1720 2591 1895 2655 agendi
1927 2591 2046 2639 rati-

377 2684 522 2718 onem
556 2669 855 2716 constituere
889 2673 1038 2730 queat
1073 2673 1125 2716 et
1157 2669 1264 2717 sine
1299 2670 1610 2718 cunctatione
1643 2685 1768 2733 quae
1801 2669 1904 2718 vult
1929 2685 2045 2733 per-

376 2748 543 2798 ficere.
610 2748 755 2809 Quod
790 2753 1085 2795 momentum
1121 2749 1218 2796 etsi
1252 2765 1281 2797 e
1313 2748 1521 2797 fortuito
1554 2750 1706 2812 Aegei
1729 2748 1940 2797 adventu
1961 2765 2045 2798 na-

376 2833 483 2876 tum
517 2827 823 2876 extrinsecus
858 2827 1084 2886 infertur,
1119 2834 1282 2876 tamen
1315 2828 1461 2876 etiam
1496 2828 1682 2876 interna
1716 2828 1924 2892 quadam
1957 2844 2046 2877 ne—

378 2906 682 2955 cessitudine
728 2918 838 2954 cum
887 2906 1077 2969 reliquo
1132 2906 1329 2955 fabulae
1385 2913 1676 2971 argumento
1723 2909 2044 2956 connectitur.

377 2985 537 3032 Iasoni
571 2985 717 3043 enim,
753 2985 892 3033 novis
926 2986 1105 3049 nuptiis
1138 2987 1206 3034 ita
1242 2986 1476 3044 studenti,
1510 2992 1564 3034 ut
1589 2986 1774 3035 liberos
1803 3001 1865 3034 ex
1891 2985 2046 3050 priori

378 3064 687 3112 matrimonio
721 3069 980 3128 susceptos
1014 3065 1216 3128 perdat,
1267 3064 1622 3129 quodammodo
1656 3063 1932 3113 contrariu·
1967 3070 2047 3114 est

378 3142 575 3207 Aegeus
611 3142 763 3207 prolia
797 3142 1153 3192 nanciscendae
1198 3159 1368 3193 caussa
1401 3149 1449 3207 et
1496 3143 1749 3193 oraculum
1782 3143 1952 3193 adiens
1995 3149 2046 3193 et

379 3219 636 3270 Troezena
669 3221 988 3285 proficiscens
1023 3228 1072 3272 et
1105 3223 1336 3273 Medeam
1369 3223 1630 3288 recipiens,
1666 3222 1873 3285 denique
1905 3223 2045 3288 prole

380 3299 591 3349 donatus
626 3301 850 3349 eiusdem
881 3301 1096 3351 feminae
1123 3319 1288 3367 opera,
1326 3302 1462 3352 cuius
1486 3303 1568 3351 ille
1590 3302 1826 3366 privatur.
1863 3301 2045 3364 Quam-

382 3378 553 3428 obrem
598 3395 695 3428 uon
739 3386 875 3429 recte
907 3381 1202 3433 Aristoteles
1236 3382 1522 3448 Euripidem
1557 3382 1938 3447 reprehendisse
1971 3381 2044 3431 vi-

381 3457 557 3517 detur,
603 3459 737 3523 quod
785 3460 941 3526 Aegei
972 3478 1234 3526 personam
1267 3467 1465 3527 praeter
1495 3469 1718 3512 naturam
1751 3461 2045 3521 adhibuerit,
