2176 3874
1115 323 1137 335 Ω

975 358 1095 414 471

329 504 554 572 ἄρξουσι
588 504 635 557 δ’
670 504 782 556 ἀλλ’
819 498 900 565 οἷς
931 503 1083 571 τήνδ’
1119 502 1222 571 ἐγὼ
1258 503 1412 555 σώσω
1447 504 1603 557 πόλιν
1622 506 1705 572 *);

324 584 497 638 ἐκεῖνο
534 583 583 636 δ’
622 588 689 637 οὔ
724 603 818 652 μοι
847 587 1094 637 πλεῖστον
1130 583 1188 636 ἐν
1220 591 1386 652 κοινῷ
1419 584 1605 652 μέρος;

322 667 424 719 οὐκ
458 666 594 729 ἔσθ’,
631 664 855 733 ἑκούσης
888 668 982 732 τῆς
1017 664 1146 734 ἐμῆς
1179 670 1380 736 ψυχῆς,
1418 666 1556 735 άνὴρ

326 749 616 815 προγόνων
647 746 846 800 παλαιὰ
878 744 1054 812 θέσμι’
1091 745 1228 808 ὅςτις
1261 747 1487 813 ἐκβαλεῖ,

325 829 444 881 οὐδ’
479 830 594 882 ἄντ’
631 827 786 890 ἐλάας
818 827 1046 895 χρυσέας
1078 845 1134 878 τε
1171 830 1451 895 Γοργόνος

327 910 572 975 τρίαιναν
605 909 778 977 ὀρθὴν
813 915 1015 973 στᾶσαν
1049 908 1109 961 ἐν
1143 910 1346 970 πόλεως
1381 909 1609 975 βάθροις

324 995 616 1057 Εὔμολπος
651 995 771 1043 οὔτε
810 991 954 1059 Θρᾷξ
989 989 1273 1054 άναστέψει
1306 990 1436 1051 λεὼς
1453 991 1535 1055 **)

321 1074 657 1138 στεφάνοισι,
695 1071 913 1134 Παλλὰς
947 1073 995 1125 δ’
1033 1073 1280 1139 οὐδαμοῦ
1313 1073 1596 1139 τιμήσεται.

320 1157 529 1224 χρῆσθ’,
569 1148 610 1206 ὦ
644 1157 884 1214 πολῖται,
919 1159 1033 1216 τοῖς
1069 1154 1215 1221 ἐμοῖς
1249 1154 1588 1222 λοχεύμασιν,

327 1237 586 1299 σώζεσθε,
622 1239 810 1288 νικᾶτ’.
850 1236 969 1288 άντὶ
1001 1236 1104 1304 γὰρ
1142 1240 1316 1305 ψυχῆς
1351 1241 1474 1301 μιᾶς

324 1317 425 1369 οὐκ
460 1316 574 1369 ἐσθ’
612 1315 758 1378 ὅπως
793 1317 860 1369 οὐ
900 1319 1049 1386 τήνδ’
1086 1318 1189 1386 ἐγὼ
1224 1318 1378 1370 σώσω
1413 1317 1583 1369 πόλιν.

322 1391 365 1450 ὦ
398 1399 615 1464 πατρίς,
653 1399 766 1450 εἴθε
802 1400 1021 1464 πάντες,
1059 1402 1112 1453 οἳ
1145 1399 1363 1453 ναίουσί
1396 1410 1470 1459 σε,

325 1478 466 1531 οὕτω
503 1482 713 1546 φιλοῖεν
749 1479 820 1541 ὥς
855 1479 988 1548 ἐγώ,
1025 1480 1115 1534 καὶ
1151 1482 1351 1552 ῥᾳδίως

321 1561 523 1612 οἰκοῖεν
557 1564 627 1613 ἄν
662 1573 718 1613 σε
740 1602 752 1625 ,
789 1563 986 1615 κούδὲν
1021 1562 1089 1614 ἂν
1122 1565 1347 1630 πάσχοις
1380 1560 1564 1615 κακόν.

190 1646 331 1694 Haec
364 1661 463 1694 non
497 1645 656 1693 solum
694 1649 874 1710 probat
907 1663 1013 1708 rex,
1052 1649 1142 1696 sed
1175 1649 1323 1696 etiam
1359 1647 1410 1695 in
1444 1645 1650 1693 eandem
1688 1645 1886 1690 senteu-

189 1727 308 1775 tiam
344 1726 488 1791 piura
523 1727 774 1792 disputat:

323 1804 369 1856 εἰ
403 1803 471 1871 δὴ
507 1806 782 1872 πάρεργον
814 1805 915 1874 χρή
948 1825 999 1858 τι
1031 1807 1330 1873 κομπάσαι,
1366 1806 1544 1872 γύναι,

322 1885 562 1952 οὐρανὸν
594 1887 730 1955 ὑπὲρ
764 1891 864 1957 γῆς
899 1887 1085 1955 ἔχομεν
1121 1884 1179 1941 εὗ
1214 1885 1562 1953 κεκραμένον,

320 1966 391 2018 ἵν’
428 1971 540 2020 οὔτ’
576 1971 717 2035 ἄγαν
749 1975 861 2036 πῦρ
900 1972 1021 2021 οὔτε
1054 1974 1207 2037 χεῖμα
1242 1969 1551 2034 συμπίτνει·

327 2050 362 2100 ἃ
396 2049 443 2100 δ’
471 2042 661 2111 Ἑλλὰς
693 2045 842 2101 Ἀσία
875 2053 920 2101 τ’
956 2050 1197 2117 ἐκτρέφει
1231 2052 1461 2103 κάλλιστ’
1496 2048 1592 2110 άεί,

323 2131 523 2196 χθονὸς
558 2131 741 2195 δέλεαρ
778 2130 984 2199 ἔχοντες
1019 2133 1085 2184 οὐ
1119 2132 1425 2198 θηρεύομεν
1443 2130 1577 2194 ***)·

321 2213 378 2262 In
427 2215 584 2262 aciem
627 2214 860 2279 profecto
908 2232 1060 2278 rege,
1112 2215 1230 2263 dum
1278 2215 1505 2263 victimae
1553 2210 1891 2269 immolantur,

194 2294 377 2344 chorus
412 2295 587 2343 tertius
622 2300 877 2356 cantatur,
936 2295 1075 2342 cuius
1128 2295 1384 2343 materiam
1437 2308 1589 2356 quum
1624 2291 1890 2356 colloquio,

190 2374 322 2438 quod
357 2375 659 2431 antecessit,
708 2374 920 2422 simiiem
956 2375 1117 2423 fuisse
1150 2382 1354 2440 putem,
1401 2375 1528 2422 haec
1562 2373 1752 2421 incerta
1787 2372 1888 2421 fra-

192 2460 391 2520 gmenta
427 2452 495 2517 (n.
530 2457 610 2501 88.
648 2457 700 2502 et
734 2453 876 2518 215.)
911 2454 1011 2502 huc
1044 2455 1310 2504 referenda
1346 2470 1460 2503 esse
1493 2469 1703 2502 censeo:

320 2533 510 2598 θάρσει
545 2531 644 2598 μὲν
679 2530 856 2592 οὐδεὶς
891 2531 1132 2599 οὐδέπω,
1167 2534 1319 2602 πόνῳ
1355 2531 1414 2585 δὲ
1447 2529 1539 2584 καὶ

322 2615 655 2681 γενναιότητι
688 2613 979 2682 κάπιεικείᾳ

319 2695 514 2763 άρετὴν
547 2693 868 2762 ἐπεκτήσατο

320 2851 423 2909 σὺν
450 2852 657 2924 Ἀθηνᾷ
689 2855 780 2908 καὶ
813 2859 962 2924 χεῖρα
995 2860 1145 2908 κινεῖ.

189 2940 367 2990 Statim
401 2946 515 3005 post
548 2941 681 2989 hunc
718 2947 914 2988 cantum
950 2940 1176 2988 nuntium
1212 2939 1381 2989 redire
1416 2940 1669 3006 oportuit,
1706 2939 1790 3004 qui
1824 2937 1889 2986 de

187 3021 526 3070 immolatione
578 3021 860 3070 Chthoniae
905 3025 956 3069 et
998 3020 1271 3070 voluntaria
1314 3037 1541 3071 sororum
1582 3021 1692 3070 cius
1726 3022 1891 3069 morte

246 3212 298 3266 ³⁸²)
328 3211 477 3267 Vulgo
522 3206 714 3268 ἄρξουσι
755 3207 796 3255 δ’
836 3206 963 3253 ἄλλοι
1005 3207 1136 3265 τήνδ’
1173 3213 1268 3254 κτλ.
1336 3211 1438 3253 Hoc
1478 3211 1586 3254 dicit
1613 3211 1888 3254 Praxithea:

330 3282 513 3335 „Etiam
541 3283 579 3325 si
610 3297 754 3337 neque
786 3296 866 3323 nos
894 3297 1038 3336 neque
1079 3282 1212 3324 liberi
1248 3282 1386 3324 nostri
1425 3281 1623 3325 fructum
1663 3280 1890 3338 percipia-

333 3365 459 3405 mus,
480 3353 612 3395 'certe
641 3369 833 3411 regnum
865 3357 908 3395 et
936 3353 1236 3408 principatum
1264 3338 1380 3396 inter
1410 3354 1608 3397 Graecos
1636 3353 1893 3396 retinebunt

333 3421 387 3473 ii,
419 3422 582 3476 quibus
612 3423 725 3466 illud
754 3424 918 3466 virtute
947 3428 1098 3466 nostra
1127 3424 1486 3478 paraverimus.”

220 3491 298 3546 Η)
327 3492 477 3549 Vulgo
507 3489 633 3537 οὐδέ.

194 3561 300 3616 *³3⁹0
329 3562 477 3619 Vulgo
505 3565 589 3620 τῆς
617 3579 666 3619 γε
699 3562 859 3622 δέλεαρ
888 3578 972 3620 pro
1002 3562 1175 3621 χθονὸς
1205 3565 1380 3624 δέλεαρ.
