2144 3854
1151 261 1234 318 68

483 406 589 462 ἀλλ’
620 408 713 474 ἥδε
745 409 798 472 μ’
835 402 1095 467 ἐξέσωσεν,
1130 404 1222 473 ἥδε
1255 422 1346 471 μοι
1379 406 1593 471 τροφός,

483 492 667 557 μήτηρ,
703 485 920 553 άδελφή,
955 485 1135 550 δμωΐς,
1170 485 1394 551 ἄγκυρα,
1431 484 1583 552 στέγη
1605 483 1666 553 *).

353 571 511 622 Simul
555 586 610 618 se
652 568 850 618 felicem
898 568 1147 632 praedicat
1191 568 1277 617 tali
1321 569 1534 617 virorum
1582 566 1860 633 principum
1905 581 2017 615 con-

353 650 531 699 sortioz

484 725 514 776 6
547 723 648 791 γὰρ
683 723 857 787 ξυνὼν
889 723 1050 786 κακὸς
1081 726 1178 790 μὲν
1208 725 1278 792 ἢν
1309 726 1436 792 τύχῃ
1469 725 1650 792 γεγώς,

482 805 719 865 τοιούςδε
751 798 875 865 τοὺς
909 804 1164 868 ξυνόντας
1200 803 1572 870 ἐκπαιδεύεται,

485 879 744 953 χρηστοὺς
780 885 826 935 δ’
863 885 893 936 6
926 886 1176 951 χρηστός·
1211 886 1340 937 ἀλλὰ
1373 885 1464 946 τὰς
1498 885 1700 953 ὁμιλίας

486 965 678 1026 ἐσθλὰς
711 965 933 1028 διώκειν,
971 967 1012 1016 ὠ
1046 965 1172 1030 νέοι,
1206 967 1534 1030 σπουδάζετε.

356 1049 491 1098 Idem
541 1053 878 1111 argumentum
925 1048 1075 1096 etiam
1118 1048 1390 1112 Sophocles
1436 1023 1751 1108 tractaverat,
1812 1048 2025 1094 exstant

358 1144 453 1193 que
485 1127 813 1175 narrationum
859 1127 1149 1187 varietates,
1196 1143 1320 1190 quae
1366 1129 1510 1176 huius
1557 1127 1773 1176 dramate
1821 1126 1911 1175 niti
1950 1124 2028 1172 vi-

357 1208 580 1266 deantur,
612 1206 746 1254 velut
778 1206 1065 1270 Apollodori
1101 1211 1246 1270 atque
1286 1206 1483 1256 Tzetzis
1517 1208 1579 1255 ad
1630 1206 1876 1270 Lycophr.
1913 1206 2027 1255 175.

355 1286 452 1336 His
485 1287 612 1335 enim
646 1286 855 1335 testibus
889 1301 987 1334 non
1027 1293 1162 1335 recta
1197 1302 1256 1334 ex
1291 1286 1529 1336 Colchide
1562 1287 1721 1335 redux
1751 1286 1812 1334 ad
1842 1283 2030 1333 Peliam

360 1366 692 1414 ulciscendum
739 1380 793 1413 se
838 1365 978 1414 Iason
1025 1366 1254 1425 accinxit,
1303 1366 1391 1414 sed
1439 1366 1631 1431 placide
1678 1380 1847 1430 regem
1892 1362 2031 1422 adiit,

359 1445 639 1507 traditoque
672 1444 857 1492 vellere
889 1461 1066 1506 aureo,
1101 1445 1390 1494 Corinthum
1427 1462 1482 1494 se
1516 1445 1751 1493 contulit:
1787 1443 1918 1503 inde,
1953 1443 2029 1491 di-

359 1524 526 1573 missis
561 1523 853 1587 Argonautis
910 1525 1140 1587 initisque
1189 1541 1298 1573 cum
1345 1525 1528 1574 Medea
1562 1525 1763 1573 ultionis
1797 1522 2030 1581 consiliis,

362 1619 511 1668 quum
543 1603 595 1652 in
627 1601 933 1650 Thessaliam
969 1619 1195 1652 reversus
1244 1608 1407 1664 esset,
1454 1609 1558 1652 tum
1607 1605 1806 1670 demum
1846 1601 2033 1650 Peliam

361 1700 390 1732 a
422 1682 588 1730 liberis
631 1681 1024 1731 interficiendum
1070 1683 1283 1731 curavit:
1327 1683 1537 1746 denique
1580 1680 2031 1748 perpetratofaci-

361 1777 484 1812 nore
516 1760 657 1811 lason
688 1777 798 1808 cum
831 1761 1011 1810 Medea
1042 1763 1101 1810 ab
1136 1763 1315 1811 Acasto
1347 1764 1550 1823 eiectuS,
1583 1761 1742 1810 Pelias
1771 1765 1934 1809 autem
1952 1775 2031 1808 se-

363 1842 528 1907 pultus
563 1845 655 1891 est.
738 1840 948 1889 Mutatis
992 1843 1212 1891 vestibus
1260 1842 1526 1905 habituque
1573 1840 1842 1889 sacerdotis
1890 1841 2034 1888 etiam

364 1921 494 1986 apud
528 1919 820 1984 Sophoclem
854 1919 1083 1970 Medeam
1116 1923 1167 1970 in
1201 1938 1395 1970 scenam
1428 1921 1690 1986 prodiisse,
1720 1919 1893 1967 Iasone
1921 1934 2035 1983 pro-

366 2002 446 2050 cul
478 2005 704 2049 eventum
739 2005 1083 2064 exspectante,
1128 2001 1388 2050 verisimile
1419 2004 1513 2048 est.
1580 2000 1655 2048 Eo
1691 2000 1820 2047 enim
1854 1998 2034 2047 chorus

367 2078 656 2144 ῥιζοτόμων
688 2079 839 2138 ducit,
873 2095 1016 2142 quem
1052 2081 1233 2130 circum
1269 2098 1323 2130 se
1359 2083 1756 2146 congregaverat,
1791 2083 1842 2126 et
1875 2095 1901 2128 a
1939 2095 2033 2142 quo

367 2175 544 2209 nomen
577 2158 770 2207 fabulae
802 2158 984 2207 factum
1021 2166 1155 2220 erat3
1191 2161 1257 2209 cf.
1292 2160 1481 2209 Welck.
1516 2159 1579 2207 Τ.
1613 2160 1650 2211 I.
1685 2176 1733 2223 p.
1769 2161 1867 2207 340
1899 2174 2034 2222 seqq.

368 2243 418 2288 et
449 2238 621 2302 fragm.
656 2237 783 2302 apud
820 2236 882 2289 G.
918 2238 1139 2288 Dindorf.
1174 2257 1221 2303 p.
1256 2243 1336 2290 53.

499 2318 672 2368 Tertia
705 2318 914 2366 narratio
949 2320 1076 2383 apud
1124 2319 1408 2367 Pausaniam
1456 2319 1597 2379 VIII,
1635 2321 1710 2368 11.
1745 2336 1798 2384 p.
1840 2321 1953 2368 620.
1988 2323 2037 2368 et

369 2399 483 2448 621.
511 2398 770 2463 reperitur.
836 2397 910 2446 Ibi
930 2397 1109 2446 Medea
1142 2414 1198 2447 se
1232 2399 1525 2448 simultatem
1561 2415 1670 2448 cum
1692 2398 1864 2447 Iasone
1893 2414 2036 2447 exer-

372 2494 487 2528 cere
521 2477 747 2536 simulat,
798 2492 969 2526 revera
1017 2493 1127 2527 cum
1171 2493 1231 2526 eo
1270 2479 1320 2526 in
1353 2478 1624 2542 perniciem
1658 2477 1823 2526 Peliae
1856 2478 2038 2541 libero-

369 2573 577 2620 rumque
627 2557 729 2604 eius
776 2557 1049 2605 coniurata:
1098 2573 1242 2621 quem
1290 2558 1405 2605 dum
1450 2574 1512 2606 ex
1556 2573 1674 2606 sene
1715 2558 1936 2606 iuvenem
1984 2574 2039 2607 se

369 2636 609 2687 facturam
644 2650 755 2684 esse
788 2635 1062 2699 pollicetur,
1097 2637 1194 2685 hoc
1225 2654 1371 2702 agere
1403 2638 1610 2698 videtur,
1645 2642 1699 2686 ut
1731 2636 1873 2687 Iason
1903 2638 2039 2700 regni

371 2716 686 2766 successione
719 2715 1018 2766 excludatur.
1084 2715 1243 2765 Simul
1277 2718 1378 2769 suis
1421 2717 1642 2765 manibus
1676 2731 1798 2780 opus
1829 2716 2039 2780 perficit,

372 2795 480 2861 ipsa
513 2794 697 2843 Peliam
740 2794 970 2844 occidens
1016 2800 1068 2844 et
1113 2796 1163 2844 in
1208 2811 1382 2844 aenum
1405 2797 1691 2845 ,coniiciens
1758 2794 2040 2846 Miserrime

372 2873 680 2930 interfectus,
713 2874 862 2922 etiam
896 2875 1145 2940 sepultura
1177 2875 1484 2934 destituitur;
1518 2875 1645 2922 filiae
1678 2878 1842 2923 autem
1870 2875 1919 2924 in
1946 2875 2039 2923 Ar-

375 2952 563 3001 cadiam
598 2951 897 3015 confugiunt.
964 2954 1171 3020 Dignum
1206 2959 1281 3003 est
1312 2958 1598 3015 memoratu,
1634 2954 1763 3017 quod
1796 2954 1859 3003 de
1882 2954 2038 3003 nomi-

374 3031 515 3081 nibus
550 3030 758 3079 filiarum
793 3032 1051 3081 Pausanias
1086 3034 1278 3083 adiicit:
1327 3031 1560 3098 ὀνόματα
1593 3029 1649 3083 δὲ
1684 3032 1858 3084 αὐτῶν
1888 3049 2039 3098 ποιη-

376 3109 467 3176 τὴς
508 3106 604 3173 μὲν
647 3106 795 3161 ἔθετο
832 3110 1020 3175 οὐδείς,
1066 3105 1177 3162 οἷά
1221 3114 1269 3177 γ’
1319 3110 1778 3178 ἐπελεξάμεθα
1822 3111 2038 3179 ἡμεῖς,

377 3188 575 3240 Μίκων
608 3186 664 3240 δὲ
692 3187 721 3240 6
749 3188 1025 3256 ζωγράφος
1042 3185 1401 3258 Ἀστερόπειάν
1423 3211 1476 3244 τε
1494 3188 1629 3245 εἶναι
1651 3191 1742 3245 καὶ
1770 3186 2041 3257 ’.Αντινόην

379 3267 464 3322 ἐπὶ
496 3271 609 3329 ταῖς
641 3268 836 3321 εἰκόσιν
867 3265 1046 3323 αὐτῶν
1078 3270 1348 3340 ἐπέγραψε.
1427 3275 1651 3339 Hyginus
1685 3262 1813 3340 unde
1846 3274 2040 3324 nomina

448 3424 492 3479 *)
521 3425 703 3482 Fragm.
732 3425 816 3470 inc.
847 3425 1095 3472 CLXXXV.
