<?xml version="1.0" encoding="UTF-8"?>
<!DOCTYPE html PUBLIC "-//W3C//DTD XHTML 1.0 Transitional//EN"
    "http://www.w3.org/TR/xhtml1/DTD/xhtml1-transitional.dtd">
<html xmlns="http://www.w3.org/1999/xhtml" xml:lang="en" lang="en">
 <head>
  <title>
</title>
<meta http-equiv="Content-Type" content="text/html;charset=utf-8" />
  <meta name='ocr-system' content='tesseract 3.04.00' />
  <meta name='ocr-capabilities' content='ocr_page ocr_carea ocr_par ocr_line ocrx_word'/>
</head>
<body>
  <div class='ocr_page' id='page_1' title='image "./euripidesrestitu01hartuoft_0309.png"; bbox 0 0 2144 3854; ppageno 0'>
   <div class='ocr_carea' id='block_1_1' title="bbox 974 307 1095 366">
    <p class='ocr_par' dir='ltr' id='par_1_1' title="bbox 974 307 1095 366">
     <span class='ocr_line' id='line_1_1' title="bbox 974 307 1095 366; baseline -0.017 0"><span class='ocrx_word' id='word_1_1' title='bbox 974 307 1095 366; x_wconf 77' lang='lat'><strong>291</strong></span> 
     </span>
    </p>
   </div>
   <div class='ocr_carea' id='block_1_2' title="bbox 190 455 1895 3169">
    <p class='ocr_par' dir='ltr' id='par_1_2' title="bbox 190 455 1884 1482">
     <span class='ocr_line' id='line_1_2' title="bbox 191 455 1878 523; baseline -0.001 -12"><span class='ocrx_word' id='word_1_2' title='bbox 191 461 308 511; x_wconf 85' lang='lat' dir='ltr'><strong>liam</strong></span> <span class='ocrx_word' id='word_1_3' title='bbox 341 459 519 519; x_wconf 85' lang='lat' dir='ltr'><strong>mittit,</strong></span> <span class='ocrx_word' id='word_1_4' title='bbox 555 457 706 522; x_wconf 85' lang='lat' dir='ltr'><strong>hique</strong></span> <span class='ocrx_word' id='word_1_5' title='bbox 741 459 935 514; x_wconf 86' lang='lat' dir='ltr'><strong>cuncta,</strong></span> <span class='ocrx_word' id='word_1_6' title='bbox 972 470 1097 518; x_wconf 89' lang='lat' dir='ltr'><strong>quae</strong></span> <span class='ocrx_word' id='word_1_7' title='bbox 1131 455 1463 518; x_wconf 77' lang='lat' dir='ltr'><strong>gerebantur,</strong></span> <span class='ocrx_word' id='word_1_8' title='bbox 1493 455 1796 523; x_wconf 78' lang='lat' dir='ltr'><strong>insidiasque</strong></span> <span class='ocrx_word' id='word_1_9' title='bbox 1828 459 1878 509; x_wconf 89' lang='lat' dir='ltr'><strong>ei</strong></span> 
     </span>
     <span class='ocr_line' id='line_1_3' title="bbox 190 534 1876 608; baseline -0.001 -18"><span class='ocrx_word' id='word_1_10' title='bbox 190 546 386 608; x_wconf 79' lang='lat' dir='ltr'><strong>paratas</strong></span> <span class='ocrx_word' id='word_1_11' title='bbox 418 555 510 605; x_wconf 89' lang='lat' dir='ltr'><strong>per</strong></span> <span class='ocrx_word' id='word_1_12' title='bbox 544 541 780 589; x_wconf 81' lang='lat' dir='ltr'><strong>Acastum</strong></span> <span class='ocrx_word' id='word_1_13' title='bbox 825 536 886 584; x_wconf 89' lang='lat' dir='ltr'><strong>ab</strong></span> <span class='ocrx_word' id='word_1_14' title='bbox 924 534 1202 596; x_wconf 81' lang='lat' dir='ltr'><strong>Assandro,</strong></span> <span class='ocrx_word' id='word_1_15' title='bbox 1257 551 1351 584; x_wconf 92' lang='lat' dir='ltr'><strong>non</strong></span> <span class='ocrx_word' id='word_1_16' title='bbox 1387 536 1545 585; x_wconf 87' lang='lat' dir='ltr'><strong>alieno</strong></span> <span class='ocrx_word' id='word_1_17' title='bbox 1579 537 1747 600; x_wconf 87' lang='lat' dir='ltr'><strong>Pelei,</strong></span> <span class='ocrx_word' id='word_1_18' title='bbox 1791 555 1876 588; x_wconf 92' lang='lat' dir='ltr'><strong>co-</strong></span> 
     </span>
     <span class='ocr_line' id='line_1_4' title="bbox 190 614 1877 688; baseline -0.001 -17"><span class='ocrx_word' id='word_1_19' title='bbox 190 625 453 688; x_wconf 80' lang='lat' dir='ltr'><strong>gnoscunt.</strong></span> <span class='ocrx_word' id='word_1_20' title='bbox 522 618 570 668; x_wconf 90' lang='lat' dir='ltr'><strong>Is</strong></span> <span class='ocrx_word' id='word_1_21' title='bbox 605 631 819 679; x_wconf 88' lang='lat' dir='ltr'><strong>namque</strong></span> <span class='ocrx_word' id='word_1_22' title='bbox 853 614 1161 674; x_wconf 81' lang='lat' dir='ltr'><strong>Assandrus,</strong></span> <span class='ocrx_word' id='word_1_23' title='bbox 1209 615 1515 679; x_wconf 86' lang='lat' dir='ltr'><strong>iniquitatem</strong></span> <span class='ocrx_word' id='word_1_24' title='bbox 1550 620 1742 681; x_wconf 81' lang='lat' dir='ltr'><strong>tyranni</strong></span> <span class='ocrx_word' id='word_1_25' title='bbox 1775 621 1877 670; x_wconf 81' lang='lat' dir='ltr'><strong>evi-</strong></span> 
     </span>
     <span class='ocr_line' id='line_1_5' title="bbox 196 694 1879 765; baseline -0.001 -14"><span class='ocrx_word' id='word_1_26' title='bbox 196 709 326 759; x_wconf 87' lang='lat' dir='ltr'><strong>tans,</strong></span> <span class='ocrx_word' id='word_1_27' title='bbox 362 700 424 748; x_wconf 81' lang='lat' dir='ltr'><strong>ad</strong></span> <span class='ocrx_word' id='word_1_28' title='bbox 459 715 628 765; x_wconf 87' lang='lat' dir='ltr'><strong>agrum</strong></span> <span class='ocrx_word' id='word_1_29' title='bbox 660 696 797 746; x_wconf 89' lang='lat' dir='ltr'><strong>Pelei</strong></span> <span class='ocrx_word' id='word_1_30' title='bbox 823 698 1154 744; x_wconf 80' lang='lat' dir='ltr'><strong>concesserat.</strong></span> <span class='ocrx_word' id='word_1_31' title='bbox 1223 694 1394 759; x_wconf 88' lang='lat' dir='ltr'><strong>ltaque</strong></span> <span class='ocrx_word' id='word_1_32' title='bbox 1419 696 1504 744; x_wconf 87' lang='lat' dir='ltr'><strong>ubi</strong></span> <span class='ocrx_word' id='word_1_33' title='bbox 1527 705 1716 759; x_wconf 89' lang='lat' dir='ltr'><strong>cuncta,</strong></span> <span class='ocrx_word' id='word_1_34' title='bbox 1752 716 1879 765; x_wconf 88' lang='lat' dir='ltr'><strong>quae</strong></span> 
     </span>
     <span class='ocr_line' id='line_1_6' title="bbox 195 775 1879 845; baseline -0.005 -17"><span class='ocrx_word' id='word_1_35' title='bbox 195 781 465 838; x_wconf 78' lang='lat' dir='ltr'><strong>voluerant,</strong></span> <span class='ocrx_word' id='word_1_36' title='bbox 502 791 792 842; x_wconf 83' lang='lat' dir='ltr'><strong>cognovere,</strong></span> <span class='ocrx_word' id='word_1_37' title='bbox 828 775 889 823; x_wconf 91' lang='lat' dir='ltr'><strong>ad</strong></span> <span class='ocrx_word' id='word_1_38' title='bbox 923 789 1091 837; x_wconf 84' lang='lat' dir='ltr'><strong>regem</strong></span> <span class='ocrx_word' id='word_1_39' title='bbox 1128 775 1340 822; x_wconf 86' lang='lat' dir='ltr'><strong>redeunt</strong></span> <span class='ocrx_word' id='word_1_40' title='bbox 1374 780 1426 823; x_wconf 87' lang='lat' dir='ltr'><strong>et</strong></span> <span class='ocrx_word' id='word_1_41' title='bbox 1459 777 1646 841; x_wconf 85' lang='lat' dir='ltr'><strong>singula</strong></span> <span class='ocrx_word' id='word_1_42' title='bbox 1678 796 1771 845; x_wconf 84' lang='lat' dir='ltr'><strong>per</strong></span> <span class='ocrx_word' id='word_1_43' title='bbox 1802 796 1879 829; x_wconf 75' lang='lat' dir='ltr'><strong>or.</strong></span> 
     </span>
     <span class='ocr_line' id='line_1_7' title="bbox 194 853 1880 919; baseline 0.001 -10"><span class='ocrx_word' id='word_1_44' title='bbox 194 860 362 910; x_wconf 88' lang='lat' dir='ltr'><strong>dinem</strong></span> <span class='ocrx_word' id='word_1_45' title='bbox 399 864 614 909; x_wconf 87' lang='lat' dir='ltr'><strong>narrant.</strong></span> <span class='ocrx_word' id='word_1_46' title='bbox 683 856 761 905; x_wconf 80' lang='lat' dir='ltr'><strong>ob</strong></span> <span class='ocrx_word' id='word_1_47' title='bbox 809 870 937 919; x_wconf 87' lang='lat' dir='ltr'><strong>quae</strong></span> <span class='ocrx_word' id='word_1_48' title='bbox 985 860 1184 903; x_wconf 83' lang='lat' dir='ltr'><strong>coactus</strong></span> <span class='ocrx_word' id='word_1_49' title='bbox 1231 853 1619 918; x_wconf 81' lang='lat' dir='ltr'><strong>NeoptolemuS,</strong></span> <span class='ocrx_word' id='word_1_50' title='bbox 1671 861 1880 910; x_wconf 90' lang='lat' dir='ltr'><strong>adverso</strong></span> 
     </span>
     <span class='ocr_line' id='line_1_8' title="bbox 193 934 1880 1000; baseline 0 -11"><span class='ocrx_word' id='word_1_51' title='bbox 193 940 317 989; x_wconf 80' lang='lat' dir='ltr'><strong>mari</strong></span> <span class='ocrx_word' id='word_1_52' title='bbox 353 943 406 988; x_wconf 90' lang='lat' dir='ltr'><strong>et</strong></span> <span class='ocrx_word' id='word_1_53' title='bbox 439 938 606 988; x_wconf 88' lang='lat' dir='ltr'><strong>multis</strong></span> <span class='ocrx_word' id='word_1_54' title='bbox 641 937 854 1000; x_wconf 78' lang='lat' dir='ltr'><strong>regionis</strong></span> <span class='ocrx_word' id='word_1_55' title='bbox 891 935 999 984; x_wconf 91' lang='lat' dir='ltr'><strong>eius</strong></span> <span class='ocrx_word' id='word_1_56' title='bbox 1033 934 1443 999; x_wconf 86' lang='lat' dir='ltr'><strong>prohibentibus,</strong></span> <span class='ocrx_word' id='word_1_57' title='bbox 1493 937 1699 986; x_wconf 80' lang='lat' dir='ltr'><strong>classem</strong></span> <span class='ocrx_word' id='word_1_58' title='bbox 1736 955 1880 989; x_wconf 86' lang='lat' dir='ltr'><strong>exor-</strong></span> 
     </span>
     <span class='ocr_line' id='line_1_9' title="bbox 192 1015 1881 1084; baseline 0.001 -15"><span class='ocrx_word' id='word_1_59' title='bbox 192 1025 279 1069; x_wconf 88' lang='lat' dir='ltr'><strong>nat</strong></span> <span class='ocrx_word' id='word_1_60' title='bbox 313 1019 633 1082; x_wconf 80' lang='lat' dir='ltr'><strong>ascenditque</strong></span> <span class='ocrx_word' id='word_1_61' title='bbox 666 1018 793 1082; x_wconf 88' lang='lat' dir='ltr'><strong>ipse.</strong></span> <span class='ocrx_word' id='word_1_62' title='bbox 862 1015 985 1063; x_wconf 89' lang='lat' dir='ltr'><strong>Dein</strong></span> <span class='ocrx_word' id='word_1_63' title='bbox 1032 1015 1235 1063; x_wconf 84' lang='lat' dir='ltr'><strong>saevitia</strong></span> <span class='ocrx_word' id='word_1_64' title='bbox 1270 1015 1449 1063; x_wconf 73' lang='lat' dir='ltr'><strong>hiemis</strong></span> <span class='ocrx_word' id='word_1_65' title='bbox 1484 1017 1609 1065; x_wconf 90' lang='lat' dir='ltr'><strong>mari</strong></span> <span class='ocrx_word' id='word_1_66' title='bbox 1646 1017 1881 1084; x_wconf 85' lang='lat' dir='ltr'><strong>fatigatus</strong></span> 
     </span>
     <span class='ocr_line' id='line_1_10' title="bbox 191 1095 1881 1164; baseline 0.001 -16"><span class='ocrx_word' id='word_1_67' title='bbox 191 1099 531 1164; x_wconf 85' lang='lat' dir='ltr'><strong>appulsusque</strong></span> <span class='ocrx_word' id='word_1_68' title='bbox 576 1098 638 1146; x_wconf 90' lang='lat' dir='ltr'><strong>ad</strong></span> <span class='ocrx_word' id='word_1_69' title='bbox 674 1096 1020 1162; x_wconf 88' lang='lat' dir='ltr'><strong>Sepiadum</strong></span> <span class='ocrx_word' id='word_1_70' title='bbox 1067 1095 1294 1155; x_wconf 78' lang='lat' dir='ltr'><strong>littus,</strong></span> <span class='ocrx_word' id='word_1_71' title='bbox 1331 1097 1463 1159; x_wconf 91' lang='lat' dir='ltr'><strong>quod</strong></span> <span class='ocrx_word' id='word_1_72' title='bbox 1497 1103 1703 1163; x_wconf 89' lang='lat' dir='ltr'><strong>propter</strong></span> <span class='ocrx_word' id='word_1_73' title='bbox 1737 1114 1881 1149; x_wconf 85' lang='lat' dir='ltr'><strong>saxo-</strong></span> 
     </span>
     <span class='ocr_line' id='line_1_11' title="bbox 190 1174 1882 1239; baseline 0 -11"><span class='ocrx_word' id='word_1_74' title='bbox 190 1195 302 1228; x_wconf 89' lang='lat' dir='ltr'><strong>rum</strong></span> <span class='ocrx_word' id='word_1_75' title='bbox 351 1177 698 1227; x_wconf 85' lang='lat' dir='ltr'><strong>difficultatem</strong></span> <span class='ocrx_word' id='word_1_76' title='bbox 757 1192 939 1225; x_wconf 91' lang='lat' dir='ltr'><strong>nomen</strong></span> <span class='ocrx_word' id='word_1_77' title='bbox 998 1174 1242 1224; x_wconf 88' lang='lat' dir='ltr'><strong>eiusmodi</strong></span> <span class='ocrx_word' id='word_1_78' title='bbox 1299 1176 1604 1239; x_wconf 79' lang='lat' dir='ltr'><strong>quaesierat,</strong></span> <span class='ocrx_word' id='word_1_79' title='bbox 1663 1194 1802 1228; x_wconf 89' lang='lat' dir='ltr'><strong>omn</strong></span> <span class='ocrx_word' id='word_1_80' title='bbox 1817 1196 1882 1230; x_wconf 87' lang='lat' dir='ltr'><strong>es</strong></span> 
     </span>
     <span class='ocr_line' id='line_1_12' title="bbox 193 1256 1883 1322; baseline 0.002 -16"><span class='ocrx_word' id='word_1_81' title='bbox 193 1259 340 1307; x_wconf 84' lang='lat' dir='ltr'><strong>fere</strong></span> <span class='ocrx_word' id='word_1_82' title='bbox 385 1273 578 1307; x_wconf 73' lang='lat' dir='ltr'><strong>naves</strong></span> <span class='ocrx_word' id='word_1_83' title='bbox 627 1257 912 1317; x_wconf 88' lang='lat' dir='ltr'><strong>amittit,</strong></span> <span class='ocrx_word' id='word_1_84' title='bbox 958 1257 1061 1304; x_wconf 82' lang='lat' dir='ltr'><strong>vix</strong></span> <span class='ocrx_word' id='word_1_85' title='bbox 1094 1256 1241 1320; x_wconf 73' lang='lat' dir='ltr'><strong>ipse</strong></span> <span class='ocrx_word' id='word_1_86' title='bbox 1300 1272 1437 1305; x_wconf 90' lang='lat' dir='ltr'><strong>cum</strong></span> <span class='ocrx_word' id='word_1_87' title='bbox 1481 1256 1610 1317; x_wconf 74' lang='lat' dir='ltr'><strong>hie,</strong></span> <span class='ocrx_word' id='word_1_88' title='bbox 1662 1259 1771 1322; x_wconf 85' lang='lat' dir='ltr'><strong>qui</strong></span> <span class='ocrx_word' id='word_1_89' title='bbox 1820 1260 1883 1310; x_wconf 91' lang='lat' dir='ltr'><strong>in</strong></span> 
     </span>
     <span class='ocr_line' id='line_1_13' title="bbox 193 1335 1884 1404; baseline 0.001 -17"><span class='ocrx_word' id='word_1_90' title='bbox 193 1338 422 1387; x_wconf 89' lang='lat' dir='ltr'><strong>eodem</strong></span> <span class='ocrx_word' id='word_1_91' title='bbox 466 1339 744 1404; x_wconf 32' lang='lat' dir='ltr'><strong>navigio*</strong></span> <span class='ocrx_word' id='word_1_92' title='bbox 774 1337 1068 1398; x_wconf 84' lang='lat' dir='ltr'><strong>fuerant,</strong></span> <span class='ocrx_word' id='word_1_93' title='bbox 1114 1335 1463 1385; x_wconf 87' lang='lat' dir='ltr'><strong>liberatus.</strong></span> <span class='ocrx_word' id='word_1_94' title='bbox 1544 1336 1639 1386; x_wconf 87' lang='lat' dir='ltr'><strong>lbi</strong></span> <span class='ocrx_word' id='word_1_95' title='bbox 1684 1338 1884 1389; x_wconf 86' lang='lat' dir='ltr'><strong>Pelea</strong></span> 
     </span>
     <span class='ocr_line' id='line_1_14' title="bbox 190 1419 834 1482; baseline 0 -14"><span class='ocrx_word' id='word_1_96' title='bbox 190 1434 369 1468; x_wconf 84' lang='lat' dir='ltr'><strong>avum</strong></span> <span class='ocrx_word' id='word_1_97' title='bbox 404 1419 704 1482; x_wconf 89' lang='lat' dir='ltr'><strong>reperit”</strong></span> <span class='ocrx_word' id='word_1_98' title='bbox 741 1423 834 1468; x_wconf 91' lang='lat' dir='ltr'><strong>etc.</strong></span> 
     </span>
    </p>

    <p class='ocr_par' dir='ltr' id='par_1_3' title="bbox 193 1496 1895 3169">
     <span class='ocr_line' id='line_1_15' title="bbox 322 1496 1883 1565; baseline 0.001 -18"><span class='ocrx_word' id='word_1_99' title='bbox 322 1498 486 1547; x_wconf 86' lang='lat' dir='ltr'><strong>Locus</strong></span> <span class='ocrx_word' id='word_1_100' title='bbox 521 1498 685 1563; x_wconf 88' lang='lat' dir='ltr'><strong>igitur,</strong></span> <span class='ocrx_word' id='word_1_101' title='bbox 721 1499 772 1547; x_wconf 91' lang='lat' dir='ltr'><strong>in</strong></span> <span class='ocrx_word' id='word_1_102' title='bbox 808 1513 907 1563; x_wconf 87' lang='lat' dir='ltr'><strong>quo</strong></span> <span class='ocrx_word' id='word_1_103' title='bbox 943 1512 1025 1546; x_wconf 90' lang='lat' dir='ltr'><strong>res</strong></span> <span class='ocrx_word' id='word_1_104' title='bbox 1061 1496 1352 1563; x_wconf 75' lang='lat' dir='ltr'><strong>agebantur,</strong></span> <span class='ocrx_word' id='word_1_105' title='bbox 1390 1503 1499 1547; x_wconf 85' lang='lat' dir='ltr'><strong>erat</strong></span> <span class='ocrx_word' id='word_1_106' title='bbox 1533 1498 1672 1548; x_wconf 89' lang='lat' dir='ltr'><strong>littus</strong></span> <span class='ocrx_word' id='word_1_107' title='bbox 1707 1498 1883 1565; x_wconf 86' lang='lat' dir='ltr'><strong>Sepia-</strong></span> 
     </span>
     <span class='ocr_line' id='line_1_16' title="bbox 196 1576 1886 1642; baseline 0.001 -13"><span class='ocrx_word' id='word_1_108' title='bbox 196 1580 333 1640; x_wconf 86' lang='lat' dir='ltr'><strong>dnm,</strong></span> <span class='ocrx_word' id='word_1_109' title='bbox 367 1576 500 1642; x_wconf 89' lang='lat' dir='ltr'><strong>quod</strong></span> <span class='ocrx_word' id='word_1_110' title='bbox 535 1585 644 1628; x_wconf 89' lang='lat' dir='ltr'><strong>erat</strong></span> <span class='ocrx_word' id='word_1_111' title='bbox 676 1579 888 1628; x_wconf 85' lang='lat' dir='ltr'><strong>Phthiae</strong></span> <span class='ocrx_word' id='word_1_112' title='bbox 921 1578 1253 1642; x_wconf 88' lang='lat' dir='ltr'><strong>propinquum</strong></span> <span class='ocrx_word' id='word_1_113' title='bbox 1286 1578 1336 1627; x_wconf 90' lang='lat' dir='ltr'><strong>in</strong></span> <span class='ocrx_word' id='word_1_114' title='bbox 1379 1577 1716 1628; x_wconf 89' lang='lat' dir='ltr'><strong>Molossorum</strong></span> <span class='ocrx_word' id='word_1_115' title='bbox 1751 1585 1886 1630; x_wconf 83' lang='lat' dir='ltr'><strong>terra</strong></span> 
     </span>
     <span class='ocr_line' id='line_1_17' title="bbox 193 1658 1886 1724; baseline 0.001 -16"><span class='ocrx_word' id='word_1_116' title='bbox 193 1660 341 1709; x_wconf 87' lang='lat' dir='ltr'><strong>situm</strong></span> <span class='ocrx_word' id='word_1_117' title='bbox 368 1658 434 1721; x_wconf 62' lang='lat'><strong>⁴⁴²),</strong></span> <span class='ocrx_word' id='word_1_118' title='bbox 482 1663 535 1707; x_wconf 92' lang='lat' dir='ltr'><strong>et</strong></span> <span class='ocrx_word' id='word_1_119' title='bbox 581 1659 768 1723; x_wconf 87' lang='lat' dir='ltr'><strong>prodiit</strong></span> <span class='ocrx_word' id='word_1_120' title='bbox 809 1660 998 1724; x_wconf 88' lang='lat' dir='ltr'><strong>primus</strong></span> <span class='ocrx_word' id='word_1_121' title='bbox 1035 1658 1391 1721; x_wconf 85' lang='lat' dir='ltr'><strong>Neoptolemus</strong></span> <span class='ocrx_word' id='word_1_122' title='bbox 1438 1658 1661 1724; x_wconf 84' lang='lat' dir='ltr'><strong>naufragi</strong></span> <span class='ocrx_word' id='word_1_123' title='bbox 1695 1660 1886 1722; x_wconf 87' lang='lat' dir='ltr'><strong>habitu,</strong></span> 
     </span>
     <span class='ocr_line' id='line_1_18' title="bbox 194 1738 1885 1803; baseline 0.001 -15"><span class='ocrx_word' id='word_1_124' title='bbox 194 1739 260 1788; x_wconf 86' lang='lat' dir='ltr'><strong>de</strong></span> <span class='ocrx_word' id='word_1_125' title='bbox 293 1738 455 1788; x_wconf 84' lang='lat' dir='ltr'><strong>reditu</strong></span> <span class='ocrx_word' id='word_1_126' title='bbox 490 1753 551 1786; x_wconf 82' lang='lat' dir='ltr'><strong>ex</strong></span> <span class='ocrx_word' id='word_1_127' title='bbox 586 1738 766 1798; x_wconf 84' lang='lat' dir='ltr'><strong>Troia,</strong></span> <span class='ocrx_word' id='word_1_128' title='bbox 818 1739 882 1787; x_wconf 90' lang='lat' dir='ltr'><strong>de</strong></span> <span class='ocrx_word' id='word_1_129' title='bbox 926 1743 1225 1803; x_wconf 88' lang='lat' dir='ltr'><strong>tempestate</strong></span> <span class='ocrx_word' id='word_1_130' title='bbox 1273 1738 1654 1803; x_wconf 83' lang='lat' dir='ltr'><strong>naufragioque,</strong></span> <span class='ocrx_word' id='word_1_131' title='bbox 1706 1740 1770 1789; x_wconf 91' lang='lat' dir='ltr'><strong>de</strong></span> <span class='ocrx_word' id='word_1_132' title='bbox 1805 1741 1885 1802; x_wconf 89' lang='lat' dir='ltr'><strong>iis,</strong></span> 
     </span>
     <span class='ocr_line' id='line_1_19' title="bbox 195 1818 1888 1885; baseline 0.001 -17"><span class='ocrx_word' id='word_1_133' title='bbox 195 1836 321 1885; x_wconf 89' lang='lat' dir='ltr'><strong>quae</strong></span> <span class='ocrx_word' id='word_1_134' title='bbox 355 1834 513 1883; x_wconf 83' lang='lat' dir='ltr'><strong>nuper</strong></span> <span class='ocrx_word' id='word_1_135' title='bbox 546 1819 605 1866; x_wconf 89' lang='lat' dir='ltr'><strong>ab</strong></span> <span class='ocrx_word' id='word_1_136' title='bbox 644 1820 894 1868; x_wconf 86' lang='lat' dir='ltr'><strong>Assandro</strong></span> <span class='ocrx_word' id='word_1_137' title='bbox 930 1818 1149 1866; x_wconf 88' lang='lat' dir='ltr'><strong>nuntiata</strong></span> <span class='ocrx_word' id='word_1_138' title='bbox 1183 1818 1394 1882; x_wconf 82' lang='lat' dir='ltr'><strong>accepit,</strong></span> <span class='ocrx_word' id='word_1_139' title='bbox 1432 1819 1596 1881; x_wconf 88' lang='lat' dir='ltr'><strong>deque</strong></span> <span class='ocrx_word' id='word_1_140' title='bbox 1629 1820 1689 1868; x_wconf 91' lang='lat' dir='ltr'><strong>iis</strong></span> <span class='ocrx_word' id='word_1_141' title='bbox 1724 1822 1888 1870; x_wconf 89' lang='lat' dir='ltr'><strong>omni-</strong></span> 
     </span>
     <span class='ocr_line' id='line_1_20' title="bbox 195 1897 1886 1964; baseline -0.001 -13"><span class='ocrx_word' id='word_1_142' title='bbox 195 1901 289 1951; x_wconf 88' lang='lat' dir='ltr'><strong>bus</strong></span> <span class='ocrx_word' id='word_1_143' title='bbox 324 1899 504 1958; x_wconf 86' lang='lat' dir='ltr'><strong>rebus,</strong></span> <span class='ocrx_word' id='word_1_144' title='bbox 554 1915 678 1961; x_wconf 84' lang='lat' dir='ltr'><strong>quas</strong></span> <span class='ocrx_word' id='word_1_145' title='bbox 714 1900 888 1964; x_wconf 85' lang='lat' dir='ltr'><strong>Dictys</strong></span> <span class='ocrx_word' id='word_1_146' title='bbox 923 1898 1109 1956; x_wconf 83' lang='lat' dir='ltr'><strong>refert,</strong></span> <span class='ocrx_word' id='word_1_147' title='bbox 1146 1913 1411 1961; x_wconf 82' lang='lat' dir='ltr'><strong>exponens.</strong></span> <span class='ocrx_word' id='word_1_148' title='bbox 1481 1897 1597 1947; x_wconf 91' lang='lat' dir='ltr'><strong>Sola</strong></span> <span class='ocrx_word' id='word_1_149' title='bbox 1633 1901 1761 1948; x_wconf 90' lang='lat' dir='ltr'><strong>enim</strong></span> <span class='ocrx_word' id='word_1_150' title='bbox 1798 1917 1886 1949; x_wconf 90' lang='lat' dir='ltr'><strong>no-</strong></span> 
     </span>
     <span class='ocr_line' id='line_1_21' title="bbox 194 1977 1886 2045; baseline 0 -16"><span class='ocrx_word' id='word_1_151' title='bbox 194 1980 326 2029; x_wconf 84' lang='lat' dir='ltr'><strong>mina</strong></span> <span class='ocrx_word' id='word_1_152' title='bbox 360 1978 632 2044; x_wconf 83' lang='lat' dir='ltr'><strong>Chrysippi</strong></span> <span class='ocrx_word' id='word_1_153' title='bbox 666 1981 905 2043; x_wconf 87' lang='lat' dir='ltr'><strong>Aratique</strong></span> <span class='ocrx_word' id='word_1_154' title='bbox 940 1978 1004 2026; x_wconf 89' lang='lat' dir='ltr'><strong>de</strong></span> <span class='ocrx_word' id='word_1_155' title='bbox 1038 1992 1128 2025; x_wconf 88' lang='lat' dir='ltr'><strong>suo</strong></span> <span class='ocrx_word' id='word_1_156' title='bbox 1162 1977 1246 2025; x_wconf 93' lang='lat' dir='ltr'><strong>ille</strong></span> <span class='ocrx_word' id='word_1_157' title='bbox 1280 1977 1559 2035; x_wconf 84' lang='lat' dir='ltr'><strong>addidisse,</strong></span> <span class='ocrx_word' id='word_1_158' title='bbox 1596 1980 1646 2028; x_wconf 92' lang='lat' dir='ltr'><strong>in</strong></span> <span class='ocrx_word' id='word_1_159' title='bbox 1679 1981 1886 2045; x_wconf 89' lang='lat' dir='ltr'><strong>reliquis</strong></span> 
     </span>
     <span class='ocr_line' id='line_1_22' title="bbox 193 2058 1889 2124; baseline 0 -14"><span class='ocrx_word' id='word_1_160' title='bbox 193 2059 445 2124; x_wconf 82' lang='lat' dir='ltr'><strong>Euripidis</strong></span> <span class='ocrx_word' id='word_1_161' title='bbox 480 2060 685 2123; x_wconf 84' lang='lat' dir='ltr'><strong>vestigia</strong></span> <span class='ocrx_word' id='word_1_162' title='bbox 718 2060 959 2108; x_wconf 84' lang='lat' dir='ltr'><strong>fidissime</strong></span> <span class='ocrx_word' id='word_1_163' title='bbox 994 2063 1194 2107; x_wconf 87' lang='lat' dir='ltr'><strong>secutus</strong></span> <span class='ocrx_word' id='word_1_164' title='bbox 1224 2074 1337 2106; x_wconf 88' lang='lat' dir='ltr'><strong>esse</strong></span> <span class='ocrx_word' id='word_1_165' title='bbox 1367 2058 1580 2110; x_wconf 81' lang='lat' dir='ltr'><strong>videtur.</strong></span> <span class='ocrx_word' id='word_1_166' title='bbox 1650 2059 1889 2110; x_wconf 73' lang='lat' dir='ltr'><strong>Prodiase</strong></span> 
     </span>
     <span class='ocr_line' id='line_1_23' title="bbox 196 2138 1887 2203; baseline 0.001 -15"><span class='ocrx_word' id='word_1_167' title='bbox 196 2138 379 2189; x_wconf 88' lang='lat' dir='ltr'><strong>deinde</strong></span> <span class='ocrx_word' id='word_1_168' title='bbox 413 2153 474 2187; x_wconf 84' lang='lat' dir='ltr'><strong>ex</strong></span> <span class='ocrx_word' id='word_1_169' title='bbox 511 2140 746 2203; x_wconf 85' lang='lat' dir='ltr'><strong>spelunca</strong></span> <span class='ocrx_word' id='word_1_170' title='bbox 780 2140 986 2188; x_wconf 89' lang='lat' dir='ltr'><strong>Peleum</strong></span> <span class='ocrx_word' id='word_1_171' title='bbox 1023 2139 1295 2188; x_wconf 86' lang='lat' dir='ltr'><strong>verisimile</strong></span> <span class='ocrx_word' id='word_1_172' title='bbox 1331 2144 1422 2189; x_wconf 90' lang='lat' dir='ltr'><strong>est.</strong></span> <span class='ocrx_word' id='word_1_173' title='bbox 1492 2138 1566 2187; x_wconf 90' lang='lat' dir='ltr'><strong>De</strong></span> <span class='ocrx_word' id='word_1_174' title='bbox 1586 2141 1726 2189; x_wconf 87' lang='lat' dir='ltr'><strong>cuius</strong></span> <span class='ocrx_word' id='word_1_175' title='bbox 1753 2156 1887 2189; x_wconf 89' lang='lat' dir='ltr'><strong>com-</strong></span> 
     </span>
     <span class='ocr_line' id='line_1_24' title="bbox 195 2219 1890 2284; baseline 0 -15"><span class='ocrx_word' id='word_1_176' title='bbox 195 2219 469 2269; x_wconf 87' lang='lat' dir='ltr'><strong>moratione</strong></span> <span class='ocrx_word' id='word_1_177' title='bbox 515 2219 564 2267; x_wconf 89' lang='lat' dir='ltr'><strong>in</strong></span> <span class='ocrx_word' id='word_1_178' title='bbox 614 2220 694 2268; x_wconf 89' lang='lat' dir='ltr'><strong>his</strong></span> <span class='ocrx_word' id='word_1_179' title='bbox 742 2221 864 2268; x_wconf 88' lang='lat' dir='ltr'><strong>locis</strong></span> <span class='ocrx_word' id='word_1_180' title='bbox 908 2220 1034 2268; x_wconf 91' lang='lat' dir='ltr'><strong>haec</strong></span> <span class='ocrx_word' id='word_1_181' title='bbox 1080 2219 1283 2268; x_wconf 86' lang='lat' dir='ltr'><strong>tradidit</strong></span> <span class='ocrx_word' id='word_1_182' title='bbox 1333 2219 1535 2284; x_wconf 77' lang='lat' dir='ltr'><strong>Dictys:</strong></span> <span class='ocrx_word' id='word_1_183' title='bbox 1584 2220 1692 2280; x_wconf 84' lang='lat' dir='ltr'><strong>„lbi</strong></span> <span class='ocrx_word' id='word_1_184' title='bbox 1737 2219 1890 2269; x_wconf 86' lang='lat' dir='ltr'><strong>Pelea</strong></span> 
     </span>
     <span class='ocr_line' id='line_1_25' title="bbox 195 2299 1888 2365; baseline -0.001 -16"><span class='ocrx_word' id='word_1_185' title='bbox 195 2316 338 2349; x_wconf 85' lang='lat' dir='ltr'><strong>avum</strong></span> <span class='ocrx_word' id='word_1_186' title='bbox 375 2299 589 2363; x_wconf 87' lang='lat' dir='ltr'><strong>reperit,</strong></span> <span class='ocrx_word' id='word_1_187' title='bbox 637 2300 938 2349; x_wconf 88' lang='lat' dir='ltr'><strong>occultatum</strong></span> <span class='ocrx_word' id='word_1_188' title='bbox 986 2299 1238 2365; x_wconf 59' lang='lat' dir='ltr'><strong>spelunca·⁴</strong></span> <span class='ocrx_word' id='word_1_189' title='bbox 1253 2299 1418 2348; x_wconf 85' lang='lat' dir='ltr'><strong>abdita</strong></span> <span class='ocrx_word' id='word_1_190' title='bbox 1463 2305 1512 2347; x_wconf 85' lang='lat' dir='ltr'><strong>et</strong></span> <span class='ocrx_word' id='word_1_191' title='bbox 1559 2300 1888 2362; x_wconf 84' lang='lat' dir='ltr'><strong>tenebricosa,</strong></span> 
     </span>
     <span class='ocr_line' id='line_1_26' title="bbox 194 2379 1890 2443; baseline -0.001 -13"><span class='ocrx_word' id='word_1_192' title='bbox 194 2380 282 2430; x_wconf 89' lang='lat' dir='ltr'><strong>ubi</strong></span> <span class='ocrx_word' id='word_1_193' title='bbox 316 2395 486 2438; x_wconf 83' lang='lat' dir='ltr'><strong>senex,</strong></span> <span class='ocrx_word' id='word_1_194' title='bbox 521 2380 619 2428; x_wconf 85' lang='lat' dir='ltr'><strong>vim</strong></span> <span class='ocrx_word' id='word_1_195' title='bbox 656 2386 808 2443; x_wconf 85' lang='lat' dir='ltr'><strong>atque</strong></span> <span class='ocrx_word' id='word_1_196' title='bbox 842 2380 1043 2428; x_wconf 89' lang='lat' dir='ltr'><strong>insidias</strong></span> <span class='ocrx_word' id='word_1_197' title='bbox 1079 2379 1249 2428; x_wconf 87' lang='lat' dir='ltr'><strong>Acasti</strong></span> <span class='ocrx_word' id='word_1_198' title='bbox 1285 2379 1508 2440; x_wconf 75' lang='lat' dir='ltr'><strong>evitans,</strong></span> <span class='ocrx_word' id='word_1_199' title='bbox 1559 2380 1757 2430; x_wconf 87' lang='lat' dir='ltr'><strong>assidue</strong></span> <span class='ocrx_word' id='word_1_200' title='bbox 1802 2397 1890 2429; x_wconf 89' lang='lat' dir='ltr'><strong>ne-</strong></span> 
     </span>
     <span class='ocr_line' id='line_1_27' title="bbox 195 2459 1891 2530; baseline -0.002 -17"><span class='ocrx_word' id='word_1_201' title='bbox 195 2465 327 2530; x_wconf 85' lang='lat' dir='ltr'><strong>potis</strong></span> <span class='ocrx_word' id='word_1_202' title='bbox 362 2460 611 2511; x_wconf 88' lang='lat' dir='ltr'><strong>desiderio</strong></span> <span class='ocrx_word' id='word_1_203' title='bbox 646 2461 928 2521; x_wconf 85' lang='lat' dir='ltr'><strong>navigantes</strong></span> <span class='ocrx_word' id='word_1_204' title='bbox 965 2466 1016 2508; x_wconf 91' lang='lat' dir='ltr'><strong>et</strong></span> <span class='ocrx_word' id='word_1_205' title='bbox 1050 2460 1091 2507; x_wconf 90' lang='lat' dir='ltr'><strong>si</strong></span> <span class='ocrx_word' id='word_1_206' title='bbox 1127 2460 1211 2523; x_wconf 91' lang='lat' dir='ltr'><strong>qui</strong></span> <span class='ocrx_word' id='word_1_207' title='bbox 1244 2459 1376 2508; x_wconf 88' lang='lat' dir='ltr'><strong>forte</strong></span> <span class='ocrx_word' id='word_1_208' title='bbox 1411 2475 1471 2507; x_wconf 92' lang='lat' dir='ltr'><strong>eo</strong></span> <span class='ocrx_word' id='word_1_209' title='bbox 1499 2459 1694 2524; x_wconf 88' lang='lat' dir='ltr'><strong>appulsi</strong></span> <span class='ocrx_word' id='word_1_210' title='bbox 1722 2467 1891 2510; x_wconf 90' lang='lat' dir='ltr'><strong>essent</strong></span> 
     </span>
     <span class='ocr_line' id='line_1_28' title="bbox 198 2536 1890 2610; baseline -0.002 -17"><span class='ocrx_word' id='word_1_211' title='bbox 198 2542 445 2610; x_wconf 83' lang='lat' dir='ltr'><strong>speculari</strong></span> <span class='ocrx_word' id='word_1_212' title='bbox 474 2536 786 2590; x_wconf 87' lang='lat' dir='ltr'><strong>consuerat.”</strong></span> <span class='ocrx_word' id='word_1_213' title='bbox 833 2539 975 2588; x_wconf 88' lang='lat' dir='ltr'><strong>Hanc</strong></span> <span class='ocrx_word' id='word_1_214' title='bbox 1004 2540 1290 2604; x_wconf 86' lang='lat' dir='ltr'><strong>speluncam</strong></span> <span class='ocrx_word' id='word_1_215' title='bbox 1318 2538 1562 2602; x_wconf 89' lang='lat' dir='ltr'><strong>colloquio</strong></span> <span class='ocrx_word' id='word_1_216' title='bbox 1589 2539 1890 2603; x_wconf 88' lang='lat' dir='ltr'><strong>descriptam</strong></span> 
     </span>
     <span class='ocr_line' id='line_1_29' title="bbox 198 2618 1890 2688; baseline -0.004 -15"><span class='ocrx_word' id='word_1_217' title='bbox 198 2624 359 2674; x_wconf 89' lang='lat' dir='ltr'><strong>fuisse</strong></span> <span class='ocrx_word' id='word_1_218' title='bbox 395 2621 663 2688; x_wconf 88' lang='lat' dir='ltr'><strong>putandum</strong></span> <span class='ocrx_word' id='word_1_219' title='bbox 699 2624 800 2667; x_wconf 88' lang='lat' dir='ltr'><strong>est:</strong></span> <span class='ocrx_word' id='word_1_220' title='bbox 838 2626 1096 2684; x_wconf 88' lang='lat' dir='ltr'><strong>receptum</strong></span> <span class='ocrx_word' id='word_1_221' title='bbox 1133 2620 1261 2667; x_wconf 90' lang='lat' dir='ltr'><strong>enim</strong></span> <span class='ocrx_word' id='word_1_222' title='bbox 1298 2634 1355 2666; x_wconf 91' lang='lat' dir='ltr'><strong>ac</strong></span> <span class='ocrx_word' id='word_1_223' title='bbox 1384 2618 1663 2682; x_wconf 83' lang='lat' dir='ltr'><strong>perfugium</strong></span> <span class='ocrx_word' id='word_1_224' title='bbox 1690 2620 1784 2668; x_wconf 86' lang='lat' dir='ltr'><strong>sibi</strong></span> <span class='ocrx_word' id='word_1_225' title='bbox 1808 2636 1890 2668; x_wconf 91' lang='lat' dir='ltr'><strong>so-</strong></span> 
     </span>
     <span class='ocr_line' id='line_1_30' title="bbox 199 2699 1893 2767; baseline -0.003 -14"><span class='ocrx_word' id='word_1_226' title='bbox 199 2705 388 2767; x_wconf 88' lang='lat' dir='ltr'><strong>ciisque</strong></span> <span class='ocrx_word' id='word_1_227' title='bbox 435 2702 703 2767; x_wconf 86' lang='lat' dir='ltr'><strong>quaerebat</strong></span> <span class='ocrx_word' id='word_1_228' title='bbox 751 2699 1126 2763; x_wconf 89' lang='lat' dir='ltr'><strong>Neoptolemus.</strong></span> <span class='ocrx_word' id='word_1_229' title='bbox 1200 2699 1371 2747; x_wconf 86' lang='lat' dir='ltr'><strong>Genus</strong></span> <span class='ocrx_word' id='word_1_230' title='bbox 1423 2713 1566 2746; x_wconf 90' lang='lat' dir='ltr'><strong>suum</strong></span> <span class='ocrx_word' id='word_1_231' title='bbox 1614 2713 1893 2763; x_wconf 88' lang='lat' dir='ltr'><strong>nomenque</strong></span> 
     </span>
     <span class='ocr_line' id='line_1_31' title="bbox 199 2777 1892 2846; baseline -0.003 -13"><span class='ocrx_word' id='word_1_232' title='bbox 199 2789 251 2834; x_wconf 91' lang='lat' dir='ltr'><strong>et</strong></span> <span class='ocrx_word' id='word_1_233' title='bbox 284 2783 435 2832; x_wconf 90' lang='lat' dir='ltr'><strong>Peleo</strong></span> <span class='ocrx_word' id='word_1_234' title='bbox 472 2789 524 2831; x_wconf 90' lang='lat' dir='ltr'><strong>et</strong></span> <span class='ocrx_word' id='word_1_235' title='bbox 558 2780 887 2846; x_wconf 87' lang='lat' dir='ltr'><strong>Neoptolemo</strong></span> <span class='ocrx_word' id='word_1_236' title='bbox 919 2785 1124 2843; x_wconf 88' lang='lat' dir='ltr'><strong>propter</strong></span> <span class='ocrx_word' id='word_1_237' title='bbox 1159 2778 1327 2827; x_wconf 86' lang='lat' dir='ltr'><strong>Acasti</strong></span> <span class='ocrx_word' id='word_1_238' title='bbox 1361 2777 1564 2826; x_wconf 86' lang='lat' dir='ltr'><strong>insidias</strong></span> <span class='ocrx_word' id='word_1_239' title='bbox 1602 2779 1892 2843; x_wconf 81' lang='lat' dir='ltr'><strong>celantibuS,</strong></span> 
     </span>
     <span class='ocr_line' id='line_1_32' title="bbox 199 2858 1894 2929; baseline -0.002 -16"><span class='ocrx_word' id='word_1_240' title='bbox 199 2870 379 2914; x_wconf 86' lang='lat' dir='ltr'><strong>neuter</strong></span> <span class='ocrx_word' id='word_1_241' title='bbox 429 2864 640 2912; x_wconf 87' lang='lat' dir='ltr'><strong>alterum</strong></span> <span class='ocrx_word' id='word_1_242' title='bbox 690 2861 1006 2926; x_wconf 86' lang='lat' dir='ltr'><strong>agnoscebat.</strong></span> <span class='ocrx_word' id='word_1_243' title='bbox 1075 2858 1314 2907; x_wconf 85' lang='lat' dir='ltr'><strong>Invitatus</strong></span> <span class='ocrx_word' id='word_1_244' title='bbox 1360 2858 1409 2906; x_wconf 91' lang='lat' dir='ltr'><strong>in</strong></span> <span class='ocrx_word' id='word_1_245' title='bbox 1457 2858 1747 2929; x_wconf 87' lang='lat' dir='ltr'><strong>speluncam</strong></span> <span class='ocrx_word' id='word_1_246' title='bbox 1776 2862 1894 2909; x_wconf 79' lang='lat' dir='ltr'><strong>&#39;cum</strong></span> 
     </span>
     <span class='ocr_line' id='line_1_33' title="bbox 198 2937 1895 2999; baseline -0.003 -5"><span class='ocrx_word' id='word_1_247' title='bbox 198 2943 350 2994; x_wconf 88' lang='lat' dir='ltr'><strong>Peleo</strong></span> <span class='ocrx_word' id='word_1_248' title='bbox 385 2960 441 2993; x_wconf 91' lang='lat' dir='ltr'><strong>se</strong></span> <span class='ocrx_word' id='word_1_249' title='bbox 476 2942 672 2992; x_wconf 81' lang='lat' dir='ltr'><strong>confert</strong></span> <span class='ocrx_word' id='word_1_250' title='bbox 721 2940 932 2989; x_wconf 83' lang='lat' dir='ltr'><strong>iuvenis.</strong></span> <span class='ocrx_word' id='word_1_251' title='bbox 1003 2939 1204 2987; x_wconf 88' lang='lat' dir='ltr'><strong>Interim</strong></span> <span class='ocrx_word' id='word_1_252' title='bbox 1255 2937 1378 2986; x_wconf 89' lang='lat' dir='ltr'><strong>socii</strong></span> <span class='ocrx_word' id='word_1_253' title='bbox 1425 2939 1598 2999; x_wconf 80' lang='lat' dir='ltr'><strong>huius,</strong></span> <span class='ocrx_word' id='word_1_254' title='bbox 1651 2942 1784 2988; x_wconf 85' lang='lat' dir='ltr'><strong>vecti</strong></span> <span class='ocrx_word' id='word_1_255' title='bbox 1835 2956 1895 2989; x_wconf 93' lang='lat' dir='ltr'><strong>eo</strong></span> 
     </span>
     <span class='ocr_line' id='line_1_34' title="bbox 200 3019 1895 3090; baseline -0.002 -17"><span class='ocrx_word' id='word_1_256' title='bbox 200 3025 411 3090; x_wconf 85' lang='lat' dir='ltr'><strong>navigio,</strong></span> <span class='ocrx_word' id='word_1_257' title='bbox 449 3022 578 3088; x_wconf 94' lang='lat' dir='ltr'><strong>quod</strong></span> <span class='ocrx_word' id='word_1_258' title='bbox 616 3021 775 3070; x_wconf 88' lang='lat' dir='ltr'><strong>solum</strong></span> <span class='ocrx_word' id='word_1_259' title='bbox 813 3036 874 3068; x_wconf 85' lang='lat' dir='ltr'><strong>ex</strong></span> <span class='ocrx_word' id='word_1_260' title='bbox 908 3019 1164 3084; x_wconf 89' lang='lat' dir='ltr'><strong>naufragio</strong></span> <span class='ocrx_word' id='word_1_261' title='bbox 1210 3023 1456 3067; x_wconf 88' lang='lat' dir='ltr'><strong>servatum</strong></span> <span class='ocrx_word' id='word_1_262' title='bbox 1494 3024 1599 3080; x_wconf 85' lang='lat' dir='ltr'><strong>est,</strong></span> <span class='ocrx_word' id='word_1_263' title='bbox 1641 3020 1895 3069; x_wconf 87' lang='lat' dir='ltr'><strong>dominum</strong></span> 
     </span>
     <span class='ocr_line' id='line_1_35' title="bbox 201 3098 1894 3169; baseline -0.003 -14"><span class='ocrx_word' id='word_1_264' title='bbox 201 3105 568 3169; x_wconf 85' lang='lat' dir='ltr'><strong>subsequuntur</strong></span> <span class='ocrx_word' id='word_1_265' title='bbox 615 3106 667 3151; x_wconf 90' lang='lat' dir='ltr'><strong>et</strong></span> <span class='ocrx_word' id='word_1_266' title='bbox 715 3101 765 3150; x_wconf 91' lang='lat' dir='ltr'><strong>in</strong></span> <span class='ocrx_word' id='word_1_267' title='bbox 813 3115 1010 3149; x_wconf 88' lang='lat' dir='ltr'><strong>scenam</strong></span> <span class='ocrx_word' id='word_1_268' title='bbox 1055 3099 1305 3164; x_wconf 87' lang='lat' dir='ltr'><strong>prodeunt</strong></span> <span class='ocrx_word' id='word_1_269' title='bbox 1348 3098 1588 3164; x_wconf 80' lang='lat' dir='ltr'><strong>parodum</strong></span> <span class='ocrx_word' id='word_1_270' title='bbox 1625 3106 1894 3150; x_wconf 75' lang='lat' dir='ltr'><strong>cantantes,</strong></span> 
     </span>
    </p>
   </div>
   <div class='ocr_carea' id='block_1_3' title="bbox 262 3279 1899 3614">
    <p class='ocr_par' dir='ltr' id='par_1_4' title="bbox 262 3279 1899 3614">
     <span class='ocr_line' id='line_1_36' title="bbox 262 3279 1896 3345; baseline -0.005 -11"><span class='ocrx_word' id='word_1_271' title='bbox 262 3290 312 3345; x_wconf 66' lang='lat'><strong>²⁸²)</strong></span> <span class='ocrx_word' id='word_1_272' title='bbox 343 3289 501 3333; x_wconf 84' lang='lat' dir='ltr'><strong>schol.</strong></span> <span class='ocrx_word' id='word_1_273' title='bbox 530 3289 679 3345; x_wconf 80' lang='lat' dir='ltr'><strong>A&#39;poll.</strong></span> <span class='ocrx_word' id='word_1_274' title='bbox 707 3288 756 3339; x_wconf 92' lang='lat'><strong>1,</strong></span> <span class='ocrx_word' id='word_1_275' title='bbox 786 3286 894 3330; x_wconf 80' lang='lat'>582:</span> <span class='ocrx_word' id='word_1_276' title='bbox 946 3283 1128 3342; x_wconf 76' lang='grc' dir='ltr'><strong><em>Σηπιὰς</em></strong></span> <span class='ocrx_word' id='word_1_277' title='bbox 1158 3282 1444 3343; x_wconf 70' lang='grc' dir='ltr'><em>ἀκρωτήριον</em></span> <span class='ocrx_word' id='word_1_278' title='bbox 1472 3283 1747 3339; x_wconf 80' lang='grc' dir='ltr'><strong><em>Μαγνησίας</em></strong></span> <span class='ocrx_word' id='word_1_279' title='bbox 1776 3279 1896 3326; x_wconf 66' lang='grc' dir='ltr'><strong><em>οὕτω</em></strong></span> 
     </span>
     <span class='ocr_line' id='line_1_37' title="bbox 344 3352 1899 3416; baseline -0.005 -12"><span class='ocrx_word' id='word_1_280' title='bbox 344 3358 542 3416; x_wconf 80' lang='grc' dir='ltr'><strong><em>κληθέν,</em></strong></span> <span class='ocrx_word' id='word_1_281' title='bbox 587 3355 658 3404; x_wconf 80' lang='grc' dir='ltr'><strong>ὅτι</strong></span> <span class='ocrx_word' id='word_1_282' title='bbox 700 3355 728 3415; x_wconf 82' lang='grc' dir='ltr'><em>ἢ</em></span> <span class='ocrx_word' id='word_1_283' title='bbox 774 3357 903 3409; x_wconf 76' lang='grc' dir='ltr'><strong><em>Θέτις</em></strong></span> <span class='ocrx_word' id='word_1_284' title='bbox 943 3354 1037 3401; x_wconf 74' lang='grc' dir='ltr'><strong><em>ἐκεῖ</em></strong></span> <span class='ocrx_word' id='word_1_285' title='bbox 1064 3357 1129 3407; x_wconf 82' lang='grc' dir='ltr'><strong>εἰς</strong></span> <span class='ocrx_word' id='word_1_286' title='bbox 1158 3357 1329 3411; x_wconf 81' lang='grc' dir='ltr'><strong><em>σηπίαν</em></strong></span> <span class='ocrx_word' id='word_1_287' title='bbox 1356 3352 1698 3413; x_wconf 79' lang='grc' dir='ltr'><em>μετεμορφώθη</em></span> <span class='ocrx_word' id='word_1_288' title='bbox 1727 3355 1899 3398; x_wconf 81' lang='grc' dir='ltr'><em>διωκο-</em></span> 
     </span>
     <span class='ocr_line' id='line_1_38' title="bbox 347 3424 1896 3487; baseline -0.006 -12"><span class='ocrx_word' id='word_1_289' title='bbox 347 3427 461 3487; x_wconf 78' lang='grc' dir='ltr'><strong><em>μένη</em></strong></span> <span class='ocrx_word' id='word_1_290' title='bbox 490 3428 582 3475; x_wconf 72' lang='grc' dir='ltr'><strong>ὐπὸ</strong></span> <span class='ocrx_word' id='word_1_291' title='bbox 616 3431 701 3474; x_wconf 86' lang='grc' dir='ltr'><strong>τοῦ</strong></span> <span class='ocrx_word' id='word_1_292' title='bbox 733 3427 933 3484; x_wconf 81' lang='grc' dir='ltr'><strong><em>Πηλέως.</em></strong></span> <span class='ocrx_word' id='word_1_293' title='bbox 994 3428 1064 3471; x_wconf 85' lang='lat' dir='ltr'><strong>Cf.</strong></span> <span class='ocrx_word' id='word_1_294' title='bbox 1093 3426 1337 3474; x_wconf 83' lang='lat' dir='ltr'><strong>Dederichi</strong></span> <span class='ocrx_word' id='word_1_295' title='bbox 1365 3430 1516 3470; x_wconf 84' lang='lat' dir='ltr'><strong>annot.</strong></span> <span class='ocrx_word' id='word_1_296' title='bbox 1547 3426 1606 3470; x_wconf 83' lang='lat' dir='ltr'><strong>ad</strong></span> <span class='ocrx_word' id='word_1_297' title='bbox 1634 3424 1896 3477; x_wconf 78' lang='lat' dir='ltr'><strong>Dict.vl‚7.</strong></span> 
     </span>
     <span class='ocr_line' id='line_1_39' title="bbox 347 3495 1738 3557; baseline -0.005 -13"><span class='ocrx_word' id='word_1_298' title='bbox 347 3500 505 3557; x_wconf 86' lang='lat' dir='ltr'><strong>Eurip.</strong></span> <span class='ocrx_word' id='word_1_299' title='bbox 538 3501 748 3545; x_wconf 75' lang='lat' dir='ltr'><strong>Androm.</strong></span> <span class='ocrx_word' id='word_1_300' title='bbox 778 3498 904 3544; x_wconf 77' lang='lat'>1265.</span> <span class='ocrx_word' id='word_1_301' title='bbox 1732 3495 1738 3507; x_wconf 64' lang='lat'><em>³</em></span> 
     </span>
     <span class='ocr_line' id='line_1_40' title="bbox 1444 3564 1556 3614; baseline 0 0"><span class='ocrx_word' id='word_1_302' title='bbox 1444 3569 1506 3614; x_wconf 83' lang='lat'><strong>19</strong></span> <span class='ocrx_word' id='word_1_303' title='bbox 1528 3564 1556 3594; x_wconf 75' lang='lat'><strong>&#39;⁸‘</strong></span> 
     </span>
    </p>
   </div>
  </div>
 </body>
</html>
