2176 3874
1150 288 1276 349 528

367 443 527 494 titiam
562 439 732 497 dolor,
784 436 1010 487 dolorem
1055 437 1245 487 laetitia
1289 437 1490 503 excipit.
1558 438 1707 503 Quod
1740 437 1785 489 si
1818 437 2055 490 detractis

367 520 630 573 involucris
676 518 847 567 futura
891 533 1089 582 semper
1133 520 1423 583 prospicere
1474 518 1676 581 liceret,
1722 535 1885 584 neque
1920 517 2058 568 felici

366 617 537 653 rerum
571 602 749 648 eventu
784 598 1079 648 efferremur
1111 614 1277 663 neque
1300 599 1662 651 calamitatibus
1686 599 2057 661 afflictaremur‚

366 683 458 732 sed
492 681 747 729 imminuta
783 684 834 728 et
868 679 1057 728 laetitia
1092 683 1144 728 et
1176 680 1485 744 aegritudine
1523 679 1717 730 facilius
1753 681 2053 745 aequitatem

366 763 643 811 animorum
687 765 739 809 et
783 761 1107 809 constantiam
1157 775 1481 810 servaremus.
1546 761 1660 810 Hoc
1710 766 1879 810 autem
1929 760 2055 810 illud

367 846 463 903 est,
498 843 546 890 in
582 856 679 906 quo
713 839 979 890 efficiendo
1014 840 1092 888 vel
1117 840 1331 890 maxime
1363 841 1619 905 tragoedia
1653 840 1890 900 elaborat,
1925 855 2054 906 quae

366 922 625 972 extricatis
661 921 759 969 iam
794 921 943 970 rebus
978 921 1236 984 solutoque
1270 921 1401 969 nodo
1425 920 1674 985 quomodo
1699 920 1975 981 efficacius,
2009 917 2055 968 si

366 1002 485 1067 quid
520 1006 679 1051 restat
711 1000 926 1062 turbidi,
974 1001 1177 1061 sedare,
1225 1002 1470 1064 quomodo
1506 1002 1711 1066 aequius
1743 1001 1871 1050 votis
1905 999 2052 1048 satis-

363 1083 562 1144 facere,
610 1080 858 1144 quomodo
904 1081 1097 1145 plenius
1143 1097 1225 1129 res
1273 1096 1615 1130 consummare
1665 1085 1858 1147 potest,
1906 1095 2053 1144 quam

364 1161 673 1212 ostendendo
710 1177 794 1223 ea,
845 1177 971 1224 quae
1005 1161 1347 1224 praesentibus
1381 1162 1531 1211 rebus
1566 1178 1754 1210 annexa
1787 1159 2053 1227 postmodo

365 1247 601 1292 eventura
637 1241 790 1289 sunt?
857 1240 1140 1290 Cohaerent
1172 1246 1339 1291 autem
1359 1258 1434 1302 ea,
1468 1258 1593 1307 quae
1625 1247 1762 1291 vates
1783 1240 2053 1307 praedixit,

364 1338 478 1373 cum
527 1320 872 1385 praesentibus
918 1322 1065 1370 rebus
1113 1322 1208 1370 hac
1258 1323 1475 1371 ratione:
1537 1322 1890 1386 Conspirantes
1938 1336 2052 1370 cum

362 1402 572 1452 Hecuba
604 1401 809 1450 Atridae
842 1405 994 1465 atque
1028 1402 1208 1451 Graeci
1251 1403 1464 1450 amicum
1497 1390 1785 1465 sociumque
1817 1399 2052 1466 prodide-

361 1487 508 1542 runt3
543 1497 659 1531 mox
693 1481 918 1530 eiusdem
952 1481 1168 1530 feminae
1202 1482 1472 1531 acerbitate
1508 1482 1658 1531 animi
1691 1488 1842 1546 atque
1876 1483 2050 1530 contu-

361 1563 520 1613 macia
554 1562 770 1611 lacessiti
805 1567 1017 1611 mortem
1067 1563 1115 1611 ei
1149 1563 1392 1612 iutensuri
1426 1570 1542 1613 sunt
1574 1561 1643 1628 *).
1711 1562 2053 1628 Agamemnon

359 1643 555 1711 pellicis
589 1643 743 1706 gratia
778 1644 881 1706 regi
927 1643 1182 1692 interitum
1229 1644 1394 1708 parari
1440 1660 1619 1710 passus
1670 1648 1776 1703 est3
1823 1639 2052 1691 eiusdem

359 1723 552 1789 pellicis
611 1739 786 1772 caussa
837 1722 996 1772 redux
1040 1725 1091 1772 in
1136 1725 1348 1788 patriam
1391 1730 1607 1774 mortem
1655 1724 1717 1772 ab
1761 1738 1919 1772 uxore
1963 1736 2054 1770 sua

359 1819 599 1868 passurus
635 1809 729 1855 est.
799 1802 1033 1852 Ceterum
1067 1805 1306 1854 Hecubae
1349 1805 1673 1854 mutationem
1706 1802 1808 1853 noli
1840 1801 2053 1852 credere

361 1900 571 1950 poenam
631 1900 745 1933 esse
802 1884 1140 1947 crudelitatis,
1202 1902 1297 1949 qua
1342 1885 1740 1950 Polymestorem
1783 1882 2047 1948 puniverit.

360 1964 523 2014 Simili
558 1966 687 2014 enim
721 1966 871 2014 modo
907 1965 1126 2014 Cadmus
1162 1966 1213 2014 in
1246 1966 1463 2030 lapidem
1510 1965 1681 2031 anguis
1715 1964 1926 2012 formam
1963 1977 2052 2011 ex-

357 2045 616 2094 hibentem
652 2061 918 2094 conversus
968 2046 1245 2109 eodemque
1278 2053 1503 2111 tempore
1536 2046 1587 2094 in
1623 2046 1881 2094 beatorum
1913 2042 2052 2092 inau—

359 2126 434 2175 las
485 2126 750 2174 translatus
794 2130 887 2175 est.
972 2124 1157 2173 Contra
1201 2124 1516 2188 Polymestor
1561 2140 1626 2173 ne
1669 2138 1800 2171 nunc
1845 2122 2048 2185 quidem

361 2206 480 2255 satis
512 2219 688 2268 magno
724 2204 970 2269 supplicio
1005 2204 1216 2253 affectus
1252 2220 1366 2253 esse
1406 2205 1632 2261 videtur,
1680 2202 1777 2251 nisi
1811 2200 1965 2250 etiam
1995 2201 2049 2251 in

359 2286 559 2335 deserta
590 2285 749 2333 insula
781 2289 1058 2350 exponatur
1092 2290 1368 2333 monstrum
1402 2284 1577 2333 divinis
1610 2282 1942 2344 humanisque
1972 2281 2051 2330 iu-

360 2366 496 2414 ribus
531 2370 584 2414 et
618 2366 874 2414 universae
909 2365 1139 2414 societati
1183 2365 1428 2414 humanae
1475 2363 1743 2414 inimicum.
1793 2361 2051 2411 'Ceterum

361 2445 458 2494 hoc
503 2459 563 2493 eo
615 2445 822 2494 consilio
867 2446 1092 2496 decernit
1135 2447 1513 2509 Agamemnon,
1563 2450 1623 2493 ut
1667 2444 1732 2492 de
1775 2442 1898 2491 socii
1945 2439 2051 2492 fato

363 2524 546 2574 Graeci
578 2525 820 2577 celentur.

491 2604 724 2671 Magnam
776 2606 926 2655 huius
969 2606 1252 2669 tragoediae
1310 2605 1444 2671 apud
1503 2608 1703 2654 veteres
1757 2601 2050 2669 dignitatem

358 2685 518 2735 fuisse
553 2701 615 2734 ex
645 2686 976 2736 imitationum
1020 2691 1073 2735 et
1106 2685 1630 2736 commemorationum
1660 2683 1942 2748 frequentia
1972 2683 2050 2733 in-

359 2765 610 2830 telligitur.
676 2766 923 2830 Respexit
969 2767 1032 2816 ad
1081 2784 1192 2816 eam
1227 2767 1584 2832 Aristophanes
1626 2765 1679 2814 in
1710 2763 1937 2813 Nubibus
1971 2752 2051 2812 bis

360 2845 429 2908 (v.
460 2848 572 2895 718.
609 2851 659 2895 et
693 2845 881 2911 1165.),
914 2847 1132 2911 itemque
1156 2848 1207 2895 in
1226 2847 1493 2911 Gerytadis
1527 2846 1706 2910 fragm.
1728 2843 1766 2893 Ι.
1802 2848 1856 2893 et
1885 2842 1966 2904 IL,
1998 2843 2050 2893 in

359 2924 482 2974 Rau.
516 2927 646 2974 1331
669 2942 805 2991 seqq.
841 2932 893 2976 et
925 2927 976 2976 in
1001 2928 1193 2976 incerto
1218 2927 1396 2991 fragm.
1430 2944 1508 2991 ap.
1528 2925 1708 2976 Athen.
1742 2923 1828 2974 ΙΙΙ.
1861 2920 1912 2989 p.
1933 2921 2049 2973 112.

358 3006 451 3055 E:
485 3001 598 3070 ἥκω
626 3005 927 3069 Θεαρίωνος
953 3005 1286 3071 ἀρτοπώλιον
1307 3004 1493 3069 λιπών,
1528 3002 1599 3055 ἵν’
1634 2999 1743 3054 ἐστὶ
1773 3001 2049 3067 κριβάνων

358 3080 565 3136 ἑδώλια.
635 3086 877 3152 Respexit
909 3089 1060 3136 simili
1091 3089 1285 3138 ratione
1319 3089 1381 3137 ad
1415 3103 1459 3139 v,
1499 3088 1548 3138 1.
1582 3085 1833 3134 Lucianus
1865 3083 1919 3131 iu
1943 3081 2047 3132 Ne-

360 3181 521 3230 cyom.
570 3182 628 3215 ac
661 3166 869 3216 Plautus
921 3168 983 3216 ad
1017 3184 1062 3216 v.
1101 3171 1215 3219 740.
1250 3170 1300 3218 in
1334 3168 1471 3219 Asin.
1503 3165 1566 3228 ΙΙ,
1601 3167 1651 3223 2,
1686 3168 1736 3216 8.
1803 3162 1898 3217 Usi
1930 3169 2048 3212 sunt

359 3247 510 3296 dictis
546 3247 840 3310 quibusdam
872 3247 1178 3313 philosophi,
1213 3249 1354 3300 velut
1387 3247 1698 3312 Chrysippus
1731 3261 1778 3298 v,
1805 3247 1918 3295 783.
1954 3241 2047 3308 (cf.

417 3471 468 3527 ³⁸³)
500 3472 569 3516 Cf.
599 3473 754 3519 schol.
785 3476 842 3520 ad
870 3490 915 3518 v.
946 3474 1071 3519 1237.
1104 3481 1149 3520 et
1178 3475 1303 3520 1241.
