2144 3854
927 276 1047 335 127

144 429 358 476 revocat.
439 424 564 474 Cum
614 423 921 490 Lycotherse
964 423 1219 488 disputans
1276 423 1401 473 haec
1446 422 1615 474 dicere
1659 421 1818 488 potuit

147 504 350 571 (fragm.
385 505 503 554 dub.
538 503 634 569 ⁷.):

281 583 344 635 ἰὼ
376 584 615 650 τυραννί,
651 580 938 648 βαρβάρων
971 579 1187 647 ἀνδρῶν
1219 580 1362 647 φίλη.

145 667 362 730 itemque
395 666 567 731 fragm.
602 666 697 713 inc.
731 666 825 712 20:
928 708 935 712 ,

275 744 469 811 πότερα
501 743 669 802 θέλεις
704 754 788 793 σοι
820 738 1071 811 μαλθακὰ
1104 739 1276 808 ψευδῆ
1316 739 1468 806 λέγω,

276 825 312 892 ἢ
347 826 524 892 σκλήρ’
559 824 765 891 ἀληθὴς
798 823 990 888 φράζε·
1027 818 1091 888 σὴ
1124 821 1227 887 γὰρ
1258 821 1293 888 ἦ
1324 821 1511 887 κρίσις.

275 907 349 956 De
401 907 750 972 compositione
784 905 1015 954 dramatis
1052 905 1381 953 coniecturam
1416 918 1693 968 proponere
1726 920 1822 954 non

142 987 315 1038 audeo.
381 988 434 1036 ln
481 986 755 1050 lllyriorum
808 990 940 1033 terra
985 1001 1066 1034 res
1115 1000 1284 1033 omnes
1333 984 1591 1033 commode
1624 984 1701 1048 agi
1734 1000 1822 1049 po-

142 1069 299 1117 tuisse
330 1068 492 1116 video.
559 1067 754 1115 Proelio
806 1065 1002 1114 demum
1048 1065 1181 1114 sacto
1229 1066 1454 1128 victoque
1501 1063 1823 1127 Lycotherse,

143 1148 357 1198 Cadmus
391 1148 439 1195 in
474 1163 670 1195 scenam
704 1146 903 1212 prodire
935 1146 1094 1209 potuit
1130 1151 1184 1196 et
1217 1145 1281 1194 de
1314 1146 1392 1206 iis,
1427 1161 1553 1209 quae
1585 1145 1824 1213 profugus

141 1243 172 1276 e
197 1220 460 1294 patriavel
495 1234 666 1291 egerat
698 1226 773 1274 vei
796 1242 1062 1291 perpessus
1082 1231 1205 1284 erat,
1233 1242 1507 1291 exponere.·
1561 1226 1824 1276 Parentum

139 1307 370 1372 filiaeque
402 1312 570 1356 mutua
603 1306 787 1372 agnitio
820 1323 903 1355 res
940 1306 1080 1371 plena
1112 1306 1331 1355 laetitiae
1367 1311 1502 1368 erat,
1547 1307 1636 1355 sed
1669 1308 1826 1357 malo-

139 1405 250 1437 rum
297 1388 615 1453 pristinorum
661 1387 1006 1435 recordatione
1056 1391 1375 1450 temperatae.
1444 1387 1656 1437 Formae
1691 1405 1825 1438 com-

139 1469 460 1517 mutationem
493 1483 590 1516 non
625 1482 786 1516 coram
821 1467 1183 1532 spectatoribus
1210 1467 1419 1529 factam,
1456 1469 1545 1517 sed
1578 1485 1669 1534 per
1701 1485 1826 1519 nun-

139 1549 263 1598 tium
297 1549 570 1613 expositam
606 1563 746 1604 esse,
793 1548 1026 1596 Horatius
1070 1551 1300 1596 testatur.
1378 1547 1601 1611 Lugente
1645 1548 1826 1599 deinde

140 1628 306 1692 Agave
339 1631 587 1692 parentes,
621 1626 683 1674 ad
718 1626 1061 1675 consolandam
1095 1642 1203 1675 eam
1237 1627 1398 1691 deque
1428 1628 1610 1678 futuris
1643 1630 1826 1679 docen-

144 1708 259 1756 dam
294 1707 517 1756 Bacchus
550 1707 857 1756 descendere
898 1707 1074 1771 potuit.

275 1787 386 1836 Etsi
435 1786 648 1836 Stobaeo
682 1787 864 1835 nullum
898 1787 1044 1836 huius
1080 1786 1311 1836 dramatis
1345 1787 1596 1852 exemplar
1628 1794 1825 1854 praesto

141 1867 300 1916 fuisse
345 1867 563 1923 videtur,
629 1873 792 1915 tamen
835 1867 955 1916 illud
1002 1867 1204 1916 minime
1247 1867 1509 1916 obscurum
1563 1868 1721 1919 fuisse
1762 1885 1825 1920 ex

140 1947 352 2005 Horatii,
387 1947 552 1995 Ovidii
584 1947 906 2011 aliorumque,
943 1962 1064 2011 quos
1105 1947 1475 2009 nominavimus,
1511 1948 1702 1998 indiciis
1736 1967 1824 2015 ap-

137 2031 298 2092 paret.
365 2026 566 2076 Ovidius
602 2027 731 2075 enim
763 2027 815 2075 in
850 2026 1054 2079 Metam.
1101 2025 1197 2087 IV,
1230 2030 1329 2076 568
1362 2043 1499 2092 seqq.
1535 2028 1824 2094 Euripidem

139 2107 357 2156 imitatus
392 2110 497 2168 est,
542 2107 593 2156 id
627 2106 756 2170 quod
791 2123 852 2155 ex
887 2107 1077 2155 duobus
1122 2107 1371 2167 versibus,
1423 2108 1507 2171 qui
1553 2115 1823 2173 servantur,

141 2202 253 2237 cum
285 2187 364 2237 his
399 2186 654 2236 Ovidianis
689 2187 1099 2249 conspirantibus,
1135 2193 1370 2252 apparet:

269 2266 534 2331 „Accede‚
570 2284 599 2317 o
633 2269 838 2330 coniux,
874 2266 1080 2329 accede,
1114 2268 1418 2329 miserrima,
1455 2267 1608 2330 dixit,

271 2347 510 2416 Dumque
558 2347 758 2415 aliquid
799 2353 1037 2415 superest
1082 2347 1149 2397 de
1193 2364 1302 2411 me,
1346 2366 1430 2398 me
1479 2356 1666 2415 tange,
1711 2368 1820 2402 ma-

945 2443 1168 2494 memque

270 2507 498 2575 Accipe,
535 2506 657 2556 dum
698 2524 882 2567 manus
928 2515 1031 2568 est,
1079 2508 1202 2559 dum
1247 2526 1351 2560 non
1394 2515 1562 2560 totum
1607 2519 1824 2579 occupat

429 2644 435 2651 ᾗ
964 2589 1198 2654 anguis.'’

138 2668 326 2732 Quibus
360 2667 489 2716 adde
522 2667 702 2717 Lucan.
739 2666 818 2727 ΙΙΙ,
855 2669 980 2716 189-;

272 2748 599 2811 „Encheliae
633 2747 771 2798 versi
804 2753 1056 2797 testantes
1075 2749 1280 2813 funera
1318 2747 1550 2800 Cadmi.’'

139 2830 218 2880 Ad
267 2845 410 2878 suum
458 2830 569 2895 ipse
614 2829 884 2895 Euripides
933 2844 1059 2894 opus
1105 2829 1325 2895 respexit
1364 2830 1416 2880 in
1450 2830 1659 2881 Bacchis
1695 2833 1822 2882 1331

139 2925 311 2975 seqq.:

270 2986 412 3055 ,,ἐγώ
444 2990 499 3040 θ’
535 2987 566 3041 ὁ
599 2987 812 3055 τλήμων
846 2986 1155 3054 βαρβάρους
1188 2986 1443 3054 ἀφίξομαι

268 3069 443 3137 γέρων
475 3067 744 3136 μέτοικος·
781 3067 856 3120 ἔτι
888 3065 945 3120 δέ
978 3086 1070 3134 μοι
1101 3067 1161 3121 τὸ
1195 3068 1470 3135 θέσφατον

271 3149 326 3212 ἐς
351 3144 552 3203 Ἑλλάδ’
588 3151 808 3219 ἀγαγεῖν
840 3149 1035 3216 μιγάδα
1068 3150 1343 3218 βάρβαρον
1377 3152 1618 3218 στρατόν,

272 3230 364 3284 καὶ
395 3230 493 3300 τὴν
523 3227 711 3298 ’Ἄρεος
742 3231 888 3283 παῖδ’
927 3223 1232 3299 Ἁρμονίαν,
1267 3233 1488 3300 δάμαρτ’
1522 3229 1670 3301 ἐμήν,

270 3313 501 3378 δράκων,
537 3312 826 3380 δρακαίνης
860 3313 1026 3379 φύσιν
1058 3310 1286 3382 ἔχουσαν
1319 3315 1528 3382 ἀγρίαν,

266 3394 375 3458 α”ξω
409 3394 484 3447 ’πὶ
516 3388 734 3462 βωμοὺς
765 3392 854 3446 καὶ
884 3393 1093 3460 τάφους
1131 3389 1485 3465 Ἑλληνικούς,

269 3473 564 3542 ἡγούμενος
595 3475 917 3544 λόγχαισιν.”
