2176 3874
1137 280 1261 339 508

367 432 529 498 erepti
562 433 703 486 sunt,
751 426 987 476 ultionem
1031 427 1348 491 persequitur
1369 465 1384 488 ,
1434 428 1676 477 latronum
1730 420 1917 477 alteris'
1945 443 2035 494 pro

366 513 530 580 gladio
555 516 718 567 utenS,
741 522 838 569 quo
864 507 1045 555 alteros
1071 523 1132 556 ex
1159 508 1350 556 insidiis
1373 507 1544 556 adorta
1559 508 1764 572 iugulet.
1831 502 2036 574 Regem,

366 595 607 641 victorum
627 586 832 646 socium,
869 587 1110 650 exquisito
1146 588 1390 653 supplicio
1425 587 1604 648 afficit3
1638 590 1848 638 victores
1882 589 2039 652 ipsos,

367 689 477 722 cum
513 669 688 735 punire
720 682 816 715 non
849 667 1032 731 possit,
1068 673 1203 716 certe
1236 667 1297 716 ad
1332 669 1640 733 prodendum
1675 669 1863 718 socium
1896 669 2039 718 adiu-

365 750 672 812 vandumque
720 747 975 795 consilium
1024 763 1165 795 suum
1211 747 1425 796 adducit.
1494 748 1579 796 Sic
1628 763 1748 797 anus
1784 749 2038 807 destituta,

368 831 615 888 solitaria,
650 827 836 876 afflicta
868 843 1038 892 regem
1073 827 1253 876 auxilio
1289 829 1740 892 potentissimorum
1774 828 1957 878 ducum
1990 832 2042 876 et

366 910 530 974 magni
562 907 809 957 exercitus
844 905 1027 956 fretum
1061 907 1303 972 percellit.
1373 909 1560 957 Horret
1594 909 1783 957 animus
1827 907 2041 957 crudeli-

366 996 538 1050 tatem,
573 1004 668 1051 qua
700 988 855 1035 virum
891 1003 920 1035 a
957 986 1152 1034 feminis
1179 987 1396 1036 mutilari
1416 989 1671 1048 videmus3
1705 989 2041 1037 abominamur

365 1067 685 1128 iracundiam,
720 1082 846 1130 quae
865 1082 961 1116 non
994 1066 1156 1131 possit
1181 1066 1277 1114 nisi
1310 1067 1575 1117 ulciscendi
1610 1067 1814 1116 saevitia
1846 1065 2042 1126 satiari3

367 1150 525 1199 maius
559 1153 611 1197 et
643 1147 928 1211 generosius
980 1160 1094 1194 esse
1142 1144 1366 1195 ducimus
1413 1163 1636 1196 caussam
1678 1146 1914 1197 nostrum⁴
1947 1147 2043 1196 deo

367 1225 730 1278 defendendam
764 1226 1137 1286 commendare,
1184 1240 1326 1287 quam
1373 1243 1546 1276 manus
1580 1227 1734 1276 caede
1766 1231 2044 1277 cruentare.

367 1308 470 1357 Sed
505 1307 683 1356 Graeci
717 1306 900 1354 eversis
934 1321 1046 1353 cum
1080 1305 1239 1371 patria
1271 1305 1462 1370 legibus
1496 1307 1645 1356 etiam
1667 1307 1873 1356 deorum
1900 1322 2044 1372 prae-

368 1388 498 1437 senti
531 1386 715 1434 auxilio
750 1401 806 1434 se
841 1401 1013 1433 carere
1035 1384 1299 1449 putabant3
1334 1391 1591 1448 praeterea
1624 1388 1773 1435 etiam
1806 1387 2045 1436 ultionem

368 1467 530 1533 ipsam
576 1482 603 1514 a
637 1465 734 1514 diis
782 1466 873 1515 sibi
918 1465 1125 1536 concedi
1171 1465 1509 1528 committique
1553 1467 1800 1527 sciebant;
1848 1470 1954 1514 tum
1993 1465 2045 1514 in

368 1547 593 1596 miserias
626 1545 865 1594 Hecubae
900 1545 973 1593 sic
1008 1550 1058 1597 et
1092 1545 1236 1592 amici
1271 1551 1324 1593 et
1357 1546 1530 1594 hostes
1564 1546 1941 1604 insultaverant,
1991 1549 2047 1594 ut

367 1642 671 1692 magnopere
705 1629 843 1674 esset
867 1623 1163 1686 mirandum,
1196 1624 1292 1674 nisi
1314 1625 1364 1673 in
1388 1626 1573 1674 rabiem
1596 1625 1799 1674 efferata
1825 1623 2048 1674 dolorem

369 1707 711 1756 ulcisceretur.

500 1785 780 1835 Scitissime
813 1784 1117 1834 consociavit
1148 1791 1295 1850 poeta
1330 1790 1382 1834 et
1409 1785 1470 1833 ad
1494 1786 1636 1834 unius
1663 1785 1898 1835 dramatis
1920 1784 2048 1835 fines

369 1865 743 1930 angustissimos
777 1865 1026 1913 revocavit
1059 1881 1140 1913 res
1171 1865 1295 1914 locis
1330 1866 1735 1930 temporibusque
1769 1869 2049 1930 separatas:

369 1963 482 1996 nam
503 1945 781 2009 Polydorus
807 1945 858 1992 in
885 1945 1185 1993 chersoneso
1214 1944 1474 2005 Thraciae,
1509 1945 1757 2010 Polyxena
1782 1947 1834 1994 in
1851 1944 2051 1994 Troade

369 2026 690 2084 interficitur;
724 2023 810 2072 ille
842 2023 1035 2088 pridem
1070 2024 1262 2072 occisus
1297 2031 1400 2084 est,
1435 2011 1561 2073 haec
1595 2026 1924 2074 cummaxime
1954 2025 2049 2074 im—

369 2106 610 2164 molatur3
644 2104 741 2152 alia
773 2119 802 2150 a
836 2103 1062 2160 Graecis,
1097 2104 1191 2151 alia
1227 2121 1255 2151 a
1275 2103 1553 2152 Thracibus
1588 2108 1814 2168 aguntur.
1885 2105 2050 2165 Quum

369 2192 535 2235 autem
567 2183 862 2231 vindicatam
898 2198 960 2229 ex
1006 2187 1226 2245 egestate
1276 2189 1423 2246 atque
1465 2185 1701 2246 angustiis
1745 2183 2051 2246 tragoediam

371 2269 542 2314 noster
572 2263 818 2311 actionum
851 2262 1090 2310 varietate
1125 2266 1176 2310 et
1209 2263 1394 2310 maiore
1418 2278 1580 2311 rerum
1614 2263 1945 2326 implicatione
1974 2262 2050 2311 lo-

373 2343 636 2410 cupletarit
669 2343 1021 2406 ingressusque
1056 2342 1122 2389 sit
1151 2358 1258 2389 eam
1286 2342 1431 2401 viam,
1465 2358 1611 2406 quam
1645 2341 1906 2391 tenendam
1941 2356 2054 2390 esse

373 2439 544 2474 omnes
578 2420 894 2487 postmodum
929 2420 1174 2468 variarum
1207 2422 1426 2486 gentium
1478 2423 1654 2487 tragici
1686 2421 2052 2480 intellexerunt,

373 2520 472 2553 non
505 2502 678 2564 effugit
709 2501 1146 2565 reprehensionem
1173 2517 1362 2561 eorum,
1399 2501 1482 2564 qui
1504 2501 1632 2550 male
1668 2502 1781 2550 fieri
1816 2500 2054 2564 quidquid

373 2584 518 2632 aliter
551 2582 729 2641 fieret,
765 2586 915 2643 atque
949 2581 1227 2644 Aeschylus
1262 2586 1345 2628 aut
1379 2580 1653 2645 Sophocles
1690 2580 1925 2643 fecisset,
1959 2580 2054 2629 sibi

373 2665 740 2730 persuaserunt,
773 2676 984 2723 quorum
1019 2676 1240 2710 errorem
1273 2676 1355 2709 res
1377 2662 1533 2725 ipsae,
1569 2661 1864 2725 simulatque
1896 2661 2054 2726 expli-

373 2749 513 2793 catae
548 2745 706 2799 erunt,
740 2745 961 2804 arguent.

507 2822 651 2872 Actio
677 2821 875 2870 fabulae
901 2820 1215 2869 constituitur
1231 2819 1282 2868 iu
1308 2818 1553 2868 Thraciae
1578 2819 1895 2878 chersoneso,
1928 2835 2055 2884 quae

374 2901 561 2951 Troadi
596 2905 673 2949 est
706 2916 767 2948 ex
790 2901 1000 2950 adverso
1025 2901 1202 2965 posita.
1272 2899 1347 2948 Ad
1379 2899 1512 2946 illam
1547 2899 1675 2947 enim
1700 2899 1884 2948 Graeci
1906 2914 2054 2947 naves

376 2981 654 3047 applicasse
686 2979 969 3042 finguntur,
1017 2981 1149 3042 quod
1183 2979 1387 3028 Achillis
1425 2980 1597 3026 umbra
1631 2995 1782 3041 super
1814 2978 2054 3027 tumulum

379 3075 623 3126 apparens
657 3059 823 3107 cursui
857 3075 1026 3108 eorum
1062 3061 1261 3108 domum
1310 3059 1724 3123 proficiscentium
1757 3073 1943 3105 moram
1977 3056 2054 3106 in—

373 3140 551 3190 tulerit
569 3138 641 3201 *),
678 3154 737 3186 ac
759 3138 956 3186 tertium
979 3139 1077 3187 iam
1099 3139 1232 3187 diem
1267 3139 1336 3186 ibi
1363 3138 1592 3187 desidere
1625 3137 1692 3201 (v.
1716 3139 1796 3184 33.
1831 3138 2052 3200 et133.).

438 3322 490 3376 ²¹²)
521 3320 679 3371 Miror,
712 3319 831 3374 quod
856 3319 971 3361 haec
1000 3322 1094 3361 tam
1123 3322 1276 3374 aperte
1301 3319 1527 3362 declarata
1554 3317 1653 3371 (vv.
1675 3314 1774 3357 113.
1799 3313 1922 3369 114.)
1951 3327 2054 3370 per-

441 3398 447 3402 ·
516 3403 675 3445 peram
702 3388 954 3446 intelligere
981 3390 1242 3432 Sommerus
1270 3389 1435 3444 potuit,
1476 3387 1551 3443 qui
1590 3385 1866 3428 morantibus
1894 3385 2054 3427 etiam-

519 3464 615 3504 tum
641 3459 685 3502 in
715 3472 827 3516 agro
841 3459 1038 3504 Troiano
1051 3459 1238 3504 Achivis
1261 3472 1416 3504 manes
1429 3457 1617 3502 Achillis
1645 3457 1906 3513 apparuisse
1933 3453 2053 3498 dicit.
