2176 3874
1141 268 1265 326 4⁰0

375 420 571 470 stituit‘l
633 418 856 482 Ineptum
889 428 1007 464 saue
1026 411 1288 463 iudicium!
1326 413 1416 463 sed
1434 412 1587 462 multo
1610 413 1829 480 ineptior.
1843 414 2027 478 fabula,

373 515 515 563 quam
551 498 596 546 ei
640 495 905 562 praemisit.
972 495 1049 543 An
1089 495 1324 543 credibile
1365 499 1444 542 est
1486 493 1837 556 Athenienses,
1880 510 2030 560 quum

371 579 612 643 patientes
646 591 786 624 aures
819 574 1162 639 praebuissent
1194 574 1314 622 deos
1350 589 1461 622 esse
1495 574 1717 635 neganti,
1763 590 1935 624 aurum
1965 574 2028 624 ab

370 656 543 705 eodem
575 654 760 703 laudari
787 655 1007 702 videntes
1025 653 1286 703 tumultum
1307 654 1518 701 movisse
1533 653 1558 700 ‘3
1624 652 1887 718 Euripides
1911 669 2030 703 vero

369 735 454 784 ille
485 736 534 783 in
568 735 782 783 medium
817 734 1078 798 prosiliens
1113 740 1163 781 et
1181 733 1470 797 supplicium
1490 731 1717 781 scelerati
1734 733 2028 797 promittens

371 831 512 879 quam
548 809 811 863 ridiculus!
879 814 944 862 Et
976 812 1289 861 nihilominus
1322 813 1404 861 hic
1435 812 1688 876 improbus
1704 818 1850 876 atque
1871 819 2030 862 teme-

368 894 541 954 rarius,
577 910 685 942 cum
718 908 875 957 paene
907 892 1095 941 eiectus
1130 897 1262 940 esset
1297 908 1326 940 e
1350 893 1559 952 theatro,
1593 892 1723 940 idem
1758 892 2029 956 periculum

369 973 564 1037 saepius
599 973 764 1021 subire
797 988 893 1021 non
927 971 1200 1020 dubitavit‘}
1266 971 1594 1035 Improbitatis
1628 971 1891 1037 Euripides
1924 977 2029 1021 tum

368 1051 671 1102 accusandus
705 1052 828 1112 erit,
875 1052 916 1098 si
957 1050 1070 1099 libri
1102 1050 1206 1099 Iobi
1240 1058 1412 1100 auctor
1444 1051 1619 1100 eodem
1655 1052 1862 1101 crimine
1893 1064 2028 1100 com-

368 1132 540 1198 pellari
574 1131 769 1196 poterit.
834 1131 1008 1193 Neque
1051 1130 1179 1178 enim
1226 1146 1515 1194 quemquam
1560 1132 1714 1194 magis
1761 1129 2028 1196 Euripidis,

370 1228 513 1276 quam
548 1211 663 1258 illae
709 1210 1095 1274 disputationes,
1142 1209 1395 1259 offendere
1446 1216 1667 1275 possunt.
1735 1210 2028 1274 Aristoteles

368 1291 480 1354 quin
536 1290 662 1337 hauc
709 1289 1020 1353 potissimum
1067 1290 1366 1352 tragoediam
1422 1291 1690 1354 respiciens
1738 1290 2028 1356 Euripidem

366 1370 545 1419 dixerit
577 1383 689 1418 esse
721 1366 1135 1432 τραγικώτατον,
1177 1385 1272 1417 non
1318 1369 1503 1419 dubito.
1573 1371 1816 1434 Aequales
1862 1375 2028 1420 autem

362 1448 723 1515 popularesque
755 1448 1000 1513 Euripidis
1034 1448 1387 1498 admirabiliter
1417 1450 1510 1498 hac
1542 1450 1790 1514 tragoedia
1821 1449 2030 1500 affectos

366 1544 479 1577 esse
528 1527 866 1592 Aristophanis
926 1529 1141 1577 ostendit
1201 1529 1433 1587 imitatio,
1492 1529 1629 1578 cuius
1675 1530 1778 1578 Pax
1829 1529 2029 1593 quidem

363 1623 520 1673 paene
552 1613 655 1657 tota
688 1608 737 1655 in
752 1606 1133 1672 Bellerophonte
1152 1609 1350 1658 nititur:
1386 1625 1495 1657 nam
1518 1608 1734 1675 Trygaei
1766 1609 1819 1658 in
1837 1608 2029 1658 coelum

364 1688 590 1737 ascensio
649 1687 842 1736 conatui
889 1687 1285 1754 Bellerophontis
1333 1690 1558 1738 omnibus
1604 1706 1633 1737 a
1678 1689 1911 1753 partibus.
1944 1704 2028 1738 re-

364 1768 601 1831 spondet,
648 1771 754 1815 tum
789 1767 914 1816 coeli
949 1768 1105 1832 ipsius
1137 1769 1304 1817 habitu
1351 1773 1402 1816 et
1435 1769 1638 1817 deorum
1672 1784 1880 1834 peregre
1911 1783 2028 1835 pro-

363 1847 611 1896 fectorum
643 1862 701 1895 re
734 1848 1020 1909 domestica,
1055 1848 1245 1912 qualem
1269 1864 1503 1912 praesens
1520 1847 1776 1913 Trygaeu
1794 1849 2028 1910 intuetur,

365 1943 449 1990 ea,
499 1942 624 1990 quae
672 1926 736 1974 de
791 1928 937 1983 rebus
982 1928 1161 1976 divinis
1205 1927 1287 1975 ille
1331 1928 1605 1991 suspicatus
1653 1934 1730 1977 est
1751 1929 2030 1992 sensitque,

363 2006 727 2055 confirmantur.
784 2006 985 2055 Rursus
1017 2007 1149 2054 idem
1183 2007 1536 2071 Aristophanes
1569 2007 1617 2055 in
1653 2007 1862 2071 Vespin,
1913 2023 2027 2058 cum

362 2092 552 2151 patrem
590 2086 811 2134 insanum
847 2103 874 2133 a
907 2086 1007 2133 filio
1042 2086 1278 2134 custodiri
1318 2085 1485 2143 faciat,
1523 2086 1779 2152 Euripidis
1811 2087 2026 2136 fabulam

363 2163 758 2229 ἄνασελγαίνειν
811 2165 1035 2225 videtur,
1085 2165 1404 2229 pluribusque
1463 2166 1572 2214 aliis
1628 2166 1749 2215 locis
1801 2167 2025 2216 versibus

362 2244 566 2310 singulis
601 2246 780 2293 abusus
816 2249 908 2292 est.
974 2244 1148 2308 Neque
1187 2245 1539 2308 posterioribus
1582 2245 1887 2311 temporibus
1930 2246 2025 2295 im-

363 2324 603 2373 minutum
646 2338 759 2372 esse
805 2324 951 2372 huius
995 2325 1228 2372 dramatis
1279 2324 1516 2373 honorem
1561 2341 1591 2373 e
1623 2326 1790 2374 multis
1833 2325 2026 2376 indiciis

361 2403 668 2468 intelligitur.
737 2403 946 2452 Crantor
975 2403 1074 2463 ille,
1111 2419 1254 2468 quem
1285 2403 1461 2452 Cicero
1495 2404 1565 2454 ait
1595 2406 1645 2453 in
1677 2406 1926 2455 academia
1946 2405 2051 2454 vel·

361 2483 411 2531 in
456 2483 628 2547 primis
684 2482 841 2532 fuisse
899 2483 1143 2542 nobilem,
1206 2480 1559 2548 ἐθαύμαζε
1613 2482 1891 2535 πάντων
1948 2481 2027 2551 δὴ

361 2556 938 2627 μᾶλλον”Όμηρον
970 2560 1082 2613 καὶ
1115 2562 1543 2630 Εὐριπίδην,
1590 2562 1800 2630 λέγων
1832 2561 2025 2632 ἐργῶ-

363 2641 476 2702 δες
510 2639 581 2692 ἐν
613 2647 700 2709 τῷ
728 2641 943 2709 κυρίῳ
966 2645 1310 2708 τραγικῶς
1343 2642 1476 2710 ἅμα
1509 2643 1620 2695 καὶ
1651 2647 2028 2712 συμπαθῶς

359 2721 644 2788 γράψαι·
676 2720 765 2775 καὶ
797 2721 1119 2790 προεφέρετο
1155 2722 1248 2775 τὸν
1282 2723 1460 2791 στίχον
1491 2725 1587 2776 τὸν
1618 2723 1677 2778 ἐκ
1708 2730 1807 2780 τοῦ
1839 2728 2025 2779 Βελλε-

359 2802 659 2869 ροφόντου·

491 2882 661 2950 οἴμοι·
696 2882 748 2934 τί
780 2883 828 2935 δ’
865 2883 1010 2949 οἴμοι
1020 2903 1036 2945 ,-
1073 2885 1248 2950 θνητά
1279 2902 1361 2936 τοι
1393 2885 1733 2951 πεπόνθαμεν
1765 2885 1837 2951 *>.

288 3003 290 3005 -
357 2964 682 3029 Chrysippus,
717 2966 950 3032 princeps
985 2966 1274 3027 stoicorum,
1310 2968 1476 3031 quanti
1509 2966 1686 3016 fecerit
1717 2967 2023 3033 Euripidem,

359 3044 508 3093 docet
539 3044 867 3109 fragmentum
921 3047 1034 3096 libri
1079 3043 1199 3109 περὶ
1242 3044 1618 3112 ἀποφατικῶν,
1663 3048 1797 3111 quod
1837 3063 1898 3097 ex
1932 3064 2021 3111 pa-

357 3139 484 3188 pyro
517 3122 818 3188 descriptum
850 3125 1088 3190 Bergkius
1122 3143 1279 3192 nuper
1323 3127 1599 3193 explicavit.
1663 3125 1798 3176 Idem
1832 3128 2024 3187 solebat

359 3198 595 3253 ἐπαινεῖν
628 3201 715 3254 καὶ
747 3202 1108 3271 προφέρεσθαι
1139 3206 1203 3258 τὰ
1237 3210 1335 3258 τοῦ
1370 3204 1671 3271 Εὐριπίδου
1704 3203 1857 3257 ταυτὶ
1885 3208 2022 3259 πολ-

358 3282 533 3343 λάκις·

423 3437 471 3493 ³⁶)
500 3438 631 3497 Diog·
659 3439 808 3487 Laert.
836 3441 907 3499 IV,
933 3440 1003 3486 26.
