2176 3874
1148 261 1272 317 462

508 402 551 462 ὦ
582 407 755 474 θνητὰ
785 406 1065 473 πράγματ’,
1103 398 1145 457 ὦ
1176 408 1474 473 γυναικεῖαι
1506 406 1714 474 φρένες,

505 490 636 541 ὅσον
667 488 876 555 νόσημα
907 484 1006 555 τὴν
1039 487 1255 574 Κύπριν
1287 488 1600 556 κεκτήμεθα.

501 572 623 718 gg,
645 648 705 699 τὸ
737 650 882 716 θῆλυ
917 645 1324 716 δυςτυχέστερον
1356 647 1511 714 γένος
1560 667 1566 673 ·

500 728 738 794 πέφυκεν
770 728 1014 795 ανδρῶν·
1050 727 1108 781 ἐν
1139 747 1195 781 τε
1227 732 1365 781 τοῖσι
1395 729 1498 795 γὰρ
1531 730 1714 790 καλοῖς

500 813 677 877 πολλῷ
711 807 997 873 λέλειπται,
1031 809 1160 862 κάπὶ
1193 814 1304 872 τοῖς
1341 810 1575 878 αἰσχροῖς
1606 808 1795 862 πλέον·

498 971 578 1032 τίς
611 964 714 1035 ἆρα
748 970 917 1038 μήτηρ
950 970 984 1037 ἢ
1019 969 1189 1037 πατὴρ
1224 969 1393 1023 κακὸν
1425 970 1559 1038 μέγα

500 1053 714 1118 βροτοῖς
747 1049 911 1116 ἔφυσε
942 1048 1037 1102 τὸν
1071 1050 1389 1116 δυςώνυμον
1422 1052 1666 1118 φθόνον,·

499 1136 610 1184 ποῦ
644 1132 735 1184 καί
766 1134 881 1182 ποτ’
917 1132 1053 1183 οἰκεῖ
1082 1134 1320 1199 σωματος
1353 1132 1528 1200 λαχὼν
1561 1130 1750 1197 μέροςς

501 1230 559 1264 εν
593 1211 769 1278 χερσὶν
799 1211 833 1278 ἢ
869 1212 1243 1279 σπλάγχνοισιν
1276 1212 1310 1280 ἢ
1344 1223 1467 1278 παρ’
1502 1216 1711 1279 ὄμματα

495 1292 610 1344 ἔσθ’
644 1292 800 1358 ἡμινς
837 1292 908 1353 ὡς
940 1295 1010 1359 ἠν
1041 1292 1247 1359 μόχθος
1280 1292 1478 1358 ἰατροῖς
1510 1292 1688 1360 μέγας,

496 1375 685 1437 τομαῖς
716 1371 966 1439 αφαιρεῖν
997 1372 1031 1439 ἢ
1065 1378 1250 1434 ποτοῖς
1284 1372 1318 1440 ἢ
1354 1373 1654 1439 φαρμάκοις

492 1454 681 1505 πασῶν
711 1452 957 1519 μεγίστην
989 1455 1098 1505 τῶν
1131 1452 1191 1506 ἐν
1223 1454 1530 1519 ἀνθρώποις
1561 1453 1757 1506 νόσων.

365 1535 525 1598 Negat
574 1550 630 1584 se
674 1540 774 1584 tam
822 1537 1081 1585 obfirmato
1127 1538 1289 1586 animo
1333 1541 1536 1600 tamque
1584 1534 1758 1584 audaci
1791 1549 1934 1596 esse,
1977 1539 2035 1584 ut

363 1619 498 1664 tanto
545 1614 763 1664 facinore
805 1616 1069 1665 commisso
1104 1618 1394 1681 adspectum
1427 1616 1520 1664 viri
1552 1615 1768 1666 tolerare
1800 1620 1852 1664 et
1883 1614 2035 1664 simu-

363 1695 548 1745 latione
582 1695 887 1744 innocentiae
922 1697 1084 1744 scelus
1119 1703 1293 1760 tegere
1327 1697 1516 1762 possit:

494 1773 683 1826 πολλοί
713 1790 773 1841 γε
805 1774 1021 1841 θνητῶν
1053 1780 1126 1842 τῷ
1158 1775 1349 1840 θράσει
1381 1774 1473 1836 τὰς
1507 1771 1788 1841 συμφορὰς

490 1855 700 1919 ζητο·ὔσ’
735 1853 1023 1919 ἀμαυροῦν
1054 1855 1521 1921 κᾶποκρύπτεσθαι
1551 1854 1705 1907 κακά.

362 1933 541 1999 Optat,
591 1943 648 1986 ut
693 1942 778 1985 aut
823 1936 872 1985 in
918 1942 1083 1987 terrae
1129 1940 1381 1987 altissimis
1430 1938 1680 2002 speluncis
1715 1934 1883 1984 autin
1917 1948 2032 1999 pro-

361 2013 514 2064 fundo
566 2016 690 2064 mari
749 2032 803 2064 se
852 2018 1156 2067 abscondere
1200 2019 1384 2083 possit3
1446 2023 1698 2080 postremo
1740 2015 1912 2063 furore
1955 2013 2032 2064 di·

358 2094 538 2143 vinitus
587 2095 810 2143 immisso
856 2095 1123 2144 bacchatur
1163 2102 1212 2145 et
1256 2097 1450 2145 sublato
1496 2096 1547 2144 in
1596 2110 1768 2143 manus
1814 2094 1920 2142 filio
1967 2093 2031 2141 ad

358 2174 508 2222 maris
543 2173 708 2222 littora
743 2189 798 2222 se
833 2175 1062 2239 proripit,
1096 2177 1146 2224 in
1182 2177 1337 2225 undas
1363 2190 1542 2239 corpus
1565 2190 1627 2223 ex
1659 2188 1786 2236 rupe
1820 2172 2029 2236 quadam

357 2253 632 2302 demissura
660 2252 729 2316 *).
805 2254 1057 2302 Reversus
1103 2255 1153 2303 in
1189 2271 1386 2304 scenam
1421 2255 1655 2303 Athamas
1690 2253 1869 2300 atrocia
1902 2251 2030 2300 mala

357 2348 447 2381 sua
480 2348 625 2381 manu
646 2333 843 2393 effecta,
867 2334 1109 2382 atrociora
1142 2350 1351 2382 uxorum
1385 2333 1713 2382 aemulatione
1745 2336 2032 2397 perpetrata

357 2412 608 2474 cognoscit
652 2418 703 2461 et
745 2412 958 2462 deletam
1010 2412 1202 2476 prolem
1252 2419 1507 2476 totamque
1552 2412 1752 2460 domum
1807 2410 2028 2460 funditus

356 2506 578 2540 eversam
612 2506 725 2540 esse
756 2492 985 2556 intelligit
1001 2490 1101 2556 **).
1164 2492 1320 2541 Simul
1357 2493 1484 2541 enim
1519 2491 1892 2541 interfectorum
1916 2505 2027 2539 cor-

354 2571 554 2636 poribus
591 2572 871 2636 conspectis
907 2572 969 2621 de
1002 2573 1184 2621 mutuis
1222 2589 1429 2621 uxorum
1461 2572 1654 2620 insidiis
1688 2587 1716 2620 a
1751 2571 1903 2620 choro
1938 2569 2028 2618 do-

355 2655 527 2708 cetur,
579 2651 825 2715 simulque
866 2653 1061 2701 nuntius
1107 2669 1137 2700 a
1168 2652 1503 2718 promontorio
1535 2651 1738 2701 veniens
1771 2650 1835 2700 de
1867 2649 2027 2701 laenis

353 2735 514 2780 morte
546 2747 659 2779 eum
695 2733 958 2781 certiorem
991 2731 1140 2781 facit:

406 2951 456 3006 ἥ)
485 2951 638 2995 Schol.
664 2952 891 3008 Aristoph.
918 2955 1050 3010 Vesp.
1081 2953 1218 2998 1413·
1258 2950 1353 2998 ’1νώ
1385 2953 1435 2998 δὲ
1462 2951 1581 2998 κατὰ
1610 2950 1747 3009 χόλον
1767 2948 1914 3006 ’Ἠρασ
1939 2965 2024 3005 μα·

487 3024 616 3065 νεῖσα
640 3020 827 3080 ἔῤῥιψεν
857 3021 1006 3080 αὐτὴν
1036 3026 1100 3076 εἰς
1126 3024 1370 3069 θάλασσαν
1398 3020 1493 3079 αμα
1521 3023 1585 3080 τῷ
1615 3022 1703 3081 υἱῷ
1733 3018 1896 3076 αὐτῆς,
1918 3022 2025 3064 ΜΕ-

487 3092 682 3149 λικέρτῃ.
739 3089 906 3147 Ἐμίσει
933 3093 1019 3152 γὰρ
1048 3093 1225 3145 πάντας
1253 3093 1362 3145 τούς
1394 3093 1625 3151 Θηβαίους
1652 3089 1682 3148 ἡ
1712 3086 1859 3147 Ἥρα,
1899 3087 2022 3133 διότι

486 3158 592 3218 παρ’
622 3157 782 3212 αὖτοῖς
810 3161 974 3220 ἐτέχθη
1006 3162 1030 3208 ὁ
1061 3164 1301 3215 Διόνυσος.

378 3230 458 3286 *Ὃ
489 3232 816 3274 Grammaticus
839 3233 1060 3287 quidam·
1047 3251 1090 3278 ιιι
1118 3235 1328 3278 biblioth.
1348 3235 1595 3278 litterarum
1623 3230 1905 3285 antiquarum
1928 3233 2022 3272 stu-

489 3301 748 3358 diorumque
780 3303 954 3364 classic‚
981 3305 1020 3347 7.
1052 3320 1096 3360 p.
1126 3305 1181 3348 5:
1234 3303 1352 3355 τινὲς
1389 3301 1509 3348 οἶκοι
1549 3294 1799 3345 ἀνάστατοι
1827 3299 1906 3344 διὰ
1935 3316 2018 3355 γν-

485 3375 649 3423 ναῖκας
686 3370 891 3428 ἐγένοντο
931 3391 988 3408 -’-
1027 3399 1084 3410 -
1126 3374 1153 3420 ὁ
1188 3373 1388 3432 Ἀθάμας
1426 3371 1506 3418 διὰ
1543 3370 1628 3429 τὴν
1659 3371 1911 3428 Θεμιστοῦς
1936 3371 2020 3426 τῆς

484 3435 659 3497 Ὑψέως
685 3442 941 3497 ἐπιγαμίαν.
