2144 3854
955 215 1037 270 39

154 368 374 418 tabatur:
439 372 492 415 et
548 364 729 414 merito
773 362 988 427 quidem.
1066 362 1143 409 An
1202 361 1368 425 potest
1414 358 1671 422 quisquam
1720 374 1834 424 spe—

156 463 267 498 rare
324 446 464 509 fore,
511 448 568 494 ut
617 458 743 508 quae
776 442 886 504 ipse
919 455 981 489 ex
1015 441 1223 489 materia
1254 440 1367 489 rudi
1400 438 1706 501 conformet,
1751 454 1837 488 ve—

155 532 354 579 nustate
387 531 438 576 et
469 522 834 589 magnificentia
865 520 1164 571 antecellant
1195 520 1285 582 iis,
1318 536 1446 585 quae
1479 519 1727 570 communi
1762 519 1835 569 vi-

155 624 323 659 rorum
364 607 486 657 artis
533 599 803 669 peritorum
847 617 998 666 opera
1041 600 1235 650 exculta
1283 604 1336 650 et
1379 602 1517 664 quasi
1559 600 1839 650 hereditate

154 693 362 754 accepta
396 687 471 736 sui
502 683 687 748 ingenii
717 681 903 731 viribus
937 689 1114 746 augeat
1158 680 1515 744 cumuletque?
1580 681 1676 730 nisi
1702 680 1837 730 forte

153 766 504 835 splendidioris
540 763 724 830 ingenii
758 777 872 812 esse
910 768 1141 827 putamus
1179 776 1458 826 proponere
1486 777 1658 811 manca
1689 766 1838 825 atque

153 848 398 907 inchoata,
419 860 562 910 quam
585 857 928 893 consummare
954 848 1004 892 et
1014 843 1295 893 venustiora
1317 841 1530 891 reddere
1549 857 1676 905 quae
1691 858 1838 906 prae-

153 927 334 977 stantia
366 924 545 974 tradita
579 925 677 973 sint
709 940 738 972 a
771 924 1059 988 prioribus?
1124 922 1253 971 Nolo
1286 926 1453 971 tamen
1485 922 1611 971 haec
1645 921 1719 970 sic
1758 921 1840 970 in-

154 1006 338 1071 teuigi,
387 1006 527 1069 quasi
572 1005 774 1071 propria
815 1005 1061 1066 invenire,
1107 1003 1369 1068 acquirere
1412 1017 1539 1051 nova
1571 1006 1624 1052 et
1655 1016 1841 1068 augere

151 1085 345 1136 divitias
378 1084 666 1135 com'munes
713 1100 810 1136 non
859 1084 993 1134 laudi
1037 1086 1239 1134 ductum
1289 1098 1402 1132 esse
1450 1082 1694 1142 arbitrer;
1749 1082 1840 1131 sed

149 1182 250 1216 non
282 1170 517 1230 quantum
550 1166 602 1215 in
634 1181 831 1230 quoque
864 1180 1019 1231 opere
1051 1165 1191 1226 novi,
1239 1164 1331 1214 sed
1365 1166 1598 1227 quantum
1633 1160 1839 1226 egregii,

149 1247 309 1326 pqlcri
349 1246 575 1310 rectique
620 1249 785 1307 esset,
842 1250 1123 1310 spectatum
1179 1261 1294 1295 esse
1347 1242 1611 1294 contendo.
1708 1241 1840 1291 Satis

149 1330 317 1377 autem
350 1326 559 1376 multum
605 1325 799 1390 proprii
831 1325 1156 1391 proposuisse
1199 1325 1479 1387 videbatur,
1528 1325 1572 1373 si
1604 1323 1715 1387 quis
1759 1321 1839 1372 vel

148 1407 282 1473 epici
314 1407 544 1457 carminis
579 1411 771 1471 partem
802 1407 853 1457 in
886 1406 1057 1457 drama
1090 1407 1164 1457 sic
1196 1410 1464 1466 mutasset,
1514 1408 1570 1454 ut
1613 1404 1839 1469 gignere-

150 1491 235 1538 tur
258 1503 382 1554 opus
406 1488 619 1538 theatris
648 1492 835 1553 aptum,
868 1487 1123 1538 docendae
1146 1486 1515 1550 movendaeque
1537 1483 1841 1534 multitudini

150 1568 411 1629 idoneum,
458 1583 556 1632 quo
602 1583 685 1617 res
737 1584 884 1632 quam
933 1569 1045 1618 fieri
1088 1572 1262 1634 posset
1304 1566 1518 1615 maxime
1550 1569 1841 1630 praesentes

151 1648 520 1708 exhiberentur,
553 1648 775 1711 partibus
809 1648 940 1698 inter
972 1665 1029 1698 se
1061 1637 1486 1698 consentientibus
1520 1650 1572 1695 et
1595 1645 1658 1694 ad
1686 1659 1842 1694 unum

152 1727 400 1793 quoddam
447 1726 708 1775 consilium
757 1730 1178 1792 conspirantibuS‚
1239 1732 1324 1776 aut
1380 1727 1424 1775 si
1470 1727 1577 1791 quis
1622 1725 1842 1777 dramata

151 1809 373 1872 priorum
407 1806 709 1870 scriptorum
741 1806 1057 1857 immutasset
1092 1809 1188 1869 sic,
1223 1811 1306 1868 ut,
1340 1808 1391 1857 in
1423 1806 1534 1855 aliis
1568 1805 1693 1855 locis
1726 1819 1842 1869 per-

152 1887 411 1951 sonisque,
445 1890 595 1949 atque
629 1886 719 1944 illi,
755 1892 1005 1937 momenta
1051 1903 1220 1937 rerum
1266 1901 1457 1952 ponens
1475 1922 1491 1947 ,
1537 1901 1658 1935 suae
1701 1900 1840 1934 men-

151 1968 215 2017 tis
260 1967 562 2016 voluntatem
597 1966 929 2032 significasset
977 1968 1265 2033 propriique
1309 1966 1493 2031 ingenii
1525 1967 1664 2031 signa
1697 1981 1841 2030 argu-

150 2049 332 2099 mentis
376 2047 730 2114 impressisset.
826 2047 1014 2098 Sumsit
1060 2047 1328 2113 Euripides
1381 2048 1638 2097 materiam
1683 2061 1843 2111 paene

151 2129 386 2189 omnium,
423 2144 550 2192 quae
579 2128 788 2178 inveniri
819 2133 1067 2194 poterant,
1108 2132 1321 2178 tractatu
1360 2127 1709 2177 difficillimam
1736 2130 1790 2176 et
1814 2142 1843 2176 a

152 2207 334 2258 Graeci
383 2209 570 2258 theatri
603 2208 795 2274 legibus
828 2209 1174 2274 institutisque
1217 2210 1427 2258 maxime
1473 2208 1842 2268 abhorrentem,

151 2289 339 2355 quippe
372 2305 498 2354 quae
541 2305 702 2355 neque
748 2291 799 2340 in
843 2290 988 2341 unius
1036 2289 1285 2340 exercitus
1319 2274 1536 2352 ⁸castriS,
1586 2304 1751 2354 neque
1794 2287 1844 2336 in

151 2384 250 2420 uno
283 2371 557 2420 eorundem
589 2376 865 2421 castrorum
900 2371 1027 2430 loco,
1064 2372 1154 2421 sed
1188 2370 1338 2421 simul
1367 2370 1420 2421 in
1445 2370 1638 2421 duobus
1666 2368 1843 2419 castris

153 2465 425 2514 eorumque
472 2451 740 2500 intervallis
791 2457 843 2501 et
891 2452 939 2500 in
986 2453 1210 2502 omnibus
1259 2451 1529 2502 eorundem
1565 2455 1844 2500 castrorum

153 2530 276 2579 locis
322 2537 568 2594 ageretur.
646 2531 774 2580 Tam
826 2532 1088 2596 dissipatas
1131 2548 1214 2582 res
1261 2532 1324 2580 ad
1370 2532 1468 2582 loci
1509 2531 1845 2596 temporisque

155 2609 521 2674 simplicitatem
578 2615 899 2675 actorumque
945 2613 1241 2676 paucitatem
1310 2613 1382 2661 sic
1436 2613 1714 2670 revocavit,
1771 2613 1842 2668 ut,

151 2706 306 2755 quum
337 2690 460 2740 nihil
493 2706 521 2740 a
553 2691 774 2756 priorum
809 2694 1065 2756 poetarum
1098 2706 1238 2740 more
1271 2696 1322 2740 et
1367 2691 1721 2741 consuetudine
1764 2706 1844 2739 re—

155 2769 373 2833 cederet,
408 2776 574 2820 tamen
607 2771 921 2836 gravissimas
954 2787 1177 2836 quasque
1210 2786 1293 2819 res
1328 2786 1494 2821 coram
1528 2772 1606 2834 agi
1636 2770 1843 2833 faceret,

152 2854 207 2901 et
240 2868 366 2918 quae
398 2852 564 2902 minus
598 2856 831 2917 poterant
877 2853 1035 2902 oculis
1076 2857 1415 2916 spectatorum
1465 2851 1844 2917 repraesentari,

152 2932 375 3000 perinde,
411 2949 469 2982 ac
502 2934 547 2983 si
579 2938 868 2999 praesentes
904 2938 1267 3000 spectarentur,
1301 2932 1365 2982 ad
1392 2947 1569 2983 sensus
1591 2935 1845 2999 spectato-

152 3030 264 3064 rum
295 3018 574 3078 penetrare.
643 3014 770 3064 Nam
805 3015 913 3079 quis
947 3029 1045 3064 non
1077 3015 1128 3064 in
1161 3031 1220 3065 ea
1253 3013 1491 3065 dramatis
1525 3020 1698 3080 parte,
1749 3029 1847 3077 qua

154 3094 414 3144 universus
448 3095 774 3146 Troianorum
810 3096 1058 3145 exercitus
1091 3111 1292 3146 rumore
1340 3095 1405 3145 de
1451 3093 1845 3161 speculatoribus

86 3191 93 3198 ·
156 3173 463 3224 Graecorum
498 3176 747 3242 divulgato
779 3176 1127 3242 perturbatur,
1162 3192 1335 3226 omnes
1370 3181 1645 3225 castrorum
1677 3177 1846 3240 partes

155 3255 311 3304 oculis
345 3255 574 3318 lustrare,
609 3252 679 3306 ei
706 3258 932 3306 omnibus
967 3258 1228 3322 strepitum
1262 3257 1464 3320 audire,
1499 3256 1718 3306 omnium
1752 3254 1846 3304 mi·

154 3335 294 3384 litum
341 3336 721 3402 trepidationem
767 3337 1059 3402 conspicere
1102 3338 1198 3387 sibi
1241 3338 1471 3396 videtur,
1523 3354 1637 3387 cum
1678 3341 1848 3385 tamen

156 3415 382 3481 exiguam
428 3421 704 3476 castrorum
750 3421 943 3484 partem
989 3419 1051 3469 ob
1095 3413 1267 3468 oculos
1321 3417 1534 3483 positam
1569 3416 1848 3482 conspiciat
