2176 3874
957 278 1079 336 491

306 431 474 498 ipsum
509 428 784 487 canticum,
821 427 954 491 quod
987 426 1229 486 diximuS‚
1265 441 1292 474 a
1325 423 1510 474 laetitia
1543 423 1605 473 ad
1640 424 1863 474 dolorem

176 511 473 564 deflectitur.
541 509 727 559 Iniecta
774 508 907 557 enim
953 507 1110 571 patris
1157 506 1436 566 mentione,
1482 521 1595 555 cum
1641 504 1864 555 Xuthum

177 591 397 642 laetitiae
428 590 725 656 participem
759 589 871 637 fieri
902 587 1070 636 iubeat
1103 588 1419 645 adolescenS,
1468 585 1657 635 Creusa
1689 587 1753 635 ad
1785 585 1864 634 fa-

175 671 326 722 tenda
359 688 435 732 ea,
469 686 597 734 quae
631 670 790 718 filium
815 668 965 716 celari
989 667 1195 728 studuit,
1232 667 1524 717 adducitur:
1560 682 1656 732 qua
1678 666 1729 715 in
1747 682 1866 715 con-

175 751 398 801 fessione
433 767 545 800 cum
578 750 771 816 pudore
804 747 945 797 dolor
962 748 1214 810 miscetur,
1251 764 1400 812 quum
1435 746 1728 796 recordetur
1760 751 1868 795 tum

176 832 334 881 durae
367 831 682 880 necessitatis
703 865 717 888 ,
753 844 846 892 qua
882 830 1054 875 coacta
1088 827 1329 876 infantem
1364 828 1416 876 in
1465 828 1665 877 deserto
1710 843 1867 892 specu

176 911 445 974 abiecerit,
481 917 586 960 tum
620 909 802 958 atrocis
835 908 1091 969 fortunae,
1127 924 1222 971 qua
1255 913 1416 956 mater
1450 912 1502 956 et
1533 908 1668 957 filius
1703 923 1759 956 ae
1792 908 1871 957 in-

178 993 335 1040 vicem
384 992 673 1041 interficere
719 989 880 1038 conati
922 989 1034 1036 sint.
1101 987 1214 1037 Non
1258 988 1534 1037 dissimulat
1578 988 1871 1037 adolescens

179 1077 398 1134 metum,
450 1087 514 1121 ne
547 1075 705 1119 mater
750 1069 938 1118 furtiva
972 1066 1172 1117 Venere
1204 1069 1374 1117 vitiata
1407 1068 1682 1134 effugiendi
1716 1068 1872 1118 dede-

181 1152 311 1201 coris
346 1167 521 1200 caussa
554 1150 639 1198 dei
684 1150 785 1198 vim
829 1149 1202 1215 potentiamque
1235 1157 1411 1214 stupro
1443 1153 1717 1214 praetexat.
1784 1148 1873 1197 Illa

176 1238 234 1283 et
264 1229 580 1281 iureiurando
616 1230 931 1278 sanctissimo
967 1229 1098 1277 dicta
1132 1229 1396 1278 confirmat
1443 1234 1496 1278 et
1545 1230 1628 1278 dei
1660 1245 1873 1295 respon-

181 1328 293 1361 sum
328 1311 531 1360 minime
554 1310 654 1359 illis
676 1325 957 1376 repugnare
976 1311 1141 1358 docet.
1208 1308 1540 1358 Nihilominus
1561 1309 1873 1367 adolescens,

178 1392 232 1440 id
266 1391 400 1456 quod
433 1391 637 1442 minime
669 1391 949 1439 mirandum
984 1395 1091 1450 est,
1138 1390 1219 1438 dei
1252 1389 1410 1455 ipsius
1447 1390 1732 1439 testimonio
1764 1406 1874 1439 rem

179 1472 464 1522 confirmari
498 1471 664 1534 cupit:
708 1470 770 1518 ad
805 1487 954 1534 quem
989 1469 1341 1520 consulendum
1377 1485 1529 1533 quum
1560 1470 1611 1519 in
1645 1475 1877 1535 penetra-

180 1553 250 1601 lia
283 1553 471 1601 intrare
505 1552 688 1613 vellet,
736 1552 786 1600 in
829 1551 1030 1612 fastigio
1074 1551 1270 1599 aedium
1305 1549 1582 1599 Minervam
1616 1551 1876 1616 conspicit,

181 1649 330 1682 curru
363 1648 456 1698 per
489 1648 654 1681 aerem
688 1637 898 1692 vectam,
933 1639 988 1680 ut
1018 1632 1130 1680 vice
1147 1630 1393 1696 Apollinis
1426 1631 1637 1680 obscura
1669 1632 1881 1696 aperiat,

182 1713 390 1762 deorum
443 1713 647 1763 consilia
689 1712 935 1776 explicet,
981 1711 1148 1761 futura
1193 1712 1462 1776 praedicat.
1545 1712 1737 1761 Adiicit
1783 1711 1878 1762 dea

183 1810 311 1858 quae
345 1795 409 1843 ad
443 1796 523 1843 sui
556 1794 728 1858 populi
762 1794 969 1857 gloriam
1001 1793 1284 1859 pertinent,
1326 1781 1587 1840 'ambarum
1622 1793 1881 1842 continen-

183 1875 309 1924 tium
345 1879 593 1924 terrarum
630 1875 725 1923 sibi
760 1875 1107 1933 obversarum,
1141 1873 1292 1922 Asiae
1326 1871 1676 1938 Europaeque,
1707 1873 1880 1922 littora

183 1971 296 2004 cum
330 1955 508 2004 insulis
543 1954 948 2004 interiacentibus
984 1954 1044 2002 ab
1080 1953 1210 2002 Ionis
1241 1953 1455 2018 posteris
1492 1953 1767 2003 habitatum
1801 1953 1882 2014 iri,

184 2051 248 2084 ex
281 2034 454 2084 Xutho
486 2042 653 2085 autem
701 2040 754 2084 et
789 2034 977 2082 Creusa
1011 2034 1227 2083 orituros
1275 2048 1393 2089 eoS,
1440 2033 1526 2096 qui
1557 2032 1882 2083 Doriensibus

184 2120 336 2182 atque
381 2116 599 2166 Achaeis
643 2115 812 2179 stirpis
859 2119 1091 2163 auctores
1139 2114 1254 2162 sint.
1322 2113 1419 2161 His
1471 2114 1710 2178 expositis
1753 2115 1883 2164 bene

186 2212 268 2246 res
305 2201 358 2245 et
391 2196 673 2245 salutariter
691 2212 717 2243 a
737 2195 833 2243 diis
856 2194 1221 2243 administratas
1249 2209 1362 2242 esse
1381 2209 1554 2243 omnes
1588 2194 1884 2258 intelligunt,

188 2282 242 2326 et
274 2277 410 2338 laeti,
444 2282 651 2342 agentes
688 2275 783 2323 diis
816 2275 1019 2340 gratias,
1056 2290 1169 2323 cum
1202 2274 1333 2323 bona
1366 2290 1489 2339 spe,
1523 2275 1739 2325 ducente
1773 2274 1883 2336 dea,

192 2357 416 2406 Athenas
451 2359 784 2404 revertuntur.

322 2433 541 2483 Multum
577 2449 761 2499 operae
796 2431 979 2482 frustra
1012 2433 1242 2483 insumsit
1275 2433 1339 2484 G.
1363 2433 1696 2494 HermannuS‚
1733 2451 1883 2498 quum

190 2515 416 2565 studeret
451 2513 670 2563 Creusae
704 2530 983 2579 personam,
1018 2530 1118 2564 non
1151 2513 1298 2576 Ionis,
1333 2514 1618 2580 primariam
1652 2531 1766 2564 esse
1799 2515 1883 2563 ef·-

188 2597 360 2646 ficere.
438 2594 550 2644 Non
598 2610 802 2644 curasse
844 2595 944 2645 hoc
984 2599 1184 2661 poetam
1232 2601 1283 2645 et
1330 2595 1555 2644 consulto
1603 2595 1884 2659 ambiguum

187 2677 376 2726 fecisse
410 2675 650 2735 arbitror3
703 2675 976 2738 eademque
1009 2691 1330 2741 personarum
1363 2676 1489 2724 ratio
1520 2680 1627 2725 tum
1663 2677 1714 2724 in
1748 2675 1884 2740 Iphi-

190 2758 334 2824 genia
367 2755 585 2805 Taurica
630 2762 738 2805 tum
771 2757 822 2804 in
855 2757 1107 2821 plerisque
1141 2754 1321 2806 fabulis
1356 2761 1578 2821 apparet.
1647 2755 1885 2805 Ceterum

191 2838 354 2904 primo
388 2836 543 2885 actori
578 2842 744 2901 partes
782 2837 1027 2896 Creusae,
1075 2837 1293 2885 secundo
1325 2838 1457 2886 Ionis
1507 2837 1694 2886 delatas
1727 2836 1885 2885 fuisse

191 2917 340 2967 facile
358 2917 676 2982 intelligitur3
709 2918 884 2966 tertius
908 2916 1161 2978 Mercurii,
1189 2917 1359 2979 Xuthi,
1393 2917 1681 2984 paedagogi,
1706 2916 1886 2978 nuntii,

191 2997 406 3064 Pythiae
441 3001 493 3045 et
518 2995 777 3046 Minervae
791 3003 963 3061 partes
983 2998 1425 3062 complectebatur.
1493 2997 1736 3056 Xuthum,
1771 3013 1884 3046 cum

195 3079 247 3128 in
281 3077 482 3142 fastigio
517 3079 695 3127 montis
724 3084 1111 3127 commoraretur
1128 3079 1179 3127 in
1197 3081 1354 3129 sacris
1375 3084 1627 3144 operatuS,
1663 3077 1885 3142 effugere

193 3159 420 3224 potuisse
455 3175 530 3216 ea,
567 3175 693 3223 quae
717 3164 828 3206 ante
859 3159 1102 3224 templum
1137 3164 1190 3208 et
1222 3160 1272 3208 in
1306 3161 1432 3209 urbe
1456 3162 1724 3226 agerentur
1759 3173 1885 3222 quo-

195 3255 407 3304 rumque
442 3239 698 3288 universus
733 3239 1038 3301 Delphorum
1085 3240 1300 3306 populus
1332 3240 1586 3306 particeps
1623 3243 1787 3300 esset,
1836 3242 1887 3286 et

196 3319 424 3384 potuisse
458 3319 522 3368 de
557 3319 777 3369 celandis
812 3320 891 3380 iis,
927 3336 1052 3384 quae
1067 3320 1291 3369 Minerva
1325 3321 1487 3386 palam
1519 3318 1885 3385 pronuntiaret,

195 3399 431 3463 cogitari,
478 3415 593 3449 cum
635 3400 844 3449 veritate
877 3417 1098 3464 pugnare
1130 3401 1344 3454 videtur.
1413 3401 1516 3450 Sed
1550 3401 1656 3449 eius
1690 3398 1885 3463 generis

195 3478 506 3530 incommoda
553 3497 583 3529 a
628 3480 763 3531 nullo
809 3480 920 3531 fere
972 3482 1198 3531 dramate
1246 3482 1425 3533 absunt
1470 3496 1632 3545 neque
1678 3482 1887 3543 propter
