2176 3874
1127 286 1251 347 358

476 439 631 508 μείζω
665 435 859 502 τίθησι,
893 433 1233 503 δυςτνχοῦσα
1266 433 1313 486 δ’
1348 432 1552 502 ἀσθενῆ

478 598 641 665 αἱρεῖς
671 596 867 664 νόον*)
1066 625 1134 634 —-
1264 625 1329 632 -—
1461 623 1544 646 -.
2014 657 2018 659 ‚

347 679 456 730 Non
515 681 578 729 ad
631 681 729 729 hoc
798 679 957 728 factas
1012 694 1125 727 esse
1193 678 1315 727 dicit
1374 675 1608 725 Herculi·
1667 676 1901 742 sagittas,
1977 682 2033 727 ut

344 760 556 808 aviculas
606 761 785 824 figant,
849 759 939 807 sed
984 759 1045 807 ad
1092 758 1304 823 patriam
1361 755 1752 818 defendendam,
1799 757 2033 807 virtutem

346 839 730 901 ostendendam,
777 839 982 904 gloriam
1032 837 1401 903 adipiscendam
1438 837 1672 886 Herculis
1715 837 1902 902 gloriae
1947 854 2032 888 ae-

347 920 557 969 mulamz

475 1026 542 1035 ——-
673 1000 1101 1066 „pinnigerm
1136 1014 1264 1047 non
1301 1000 1671 1064 armigero,
1710 1014 2003 1066 corpore

479 1078 664 1128 Haec
702 1085 1104 1128 exercentur
1139 1079 1311 1140 tela,
1350 1079 1628 1128 abiecta
1660 1080 1937 1144 gloria-’⁹

347 1158 509 1224 Negat
552 1160 854 1209 Philoctetes
895 1174 950 1207 se
989 1158 1260 1222 periculum
1311 1164 1458 1224 atque
1503 1158 1854 1223 infortunium,
1900 1161 2033 1226 quod

349 1248 490 1288 antea
526 1245 761 1304 expertus
796 1239 891 1299 sit,
923 1239 1100 1286 iterum
1137 1238 1442 1288 subiturum:

857 1333 1105 1384 „neque
1138 1334 1231 1366 me
1257 1319 1493 1383 patiar

479 1397 737 1447 Iterum
772 1397 852 1447 ad
874 1414 1066 1448 unum
1089 1398 1423 1464 scopulum
1453 1414 1732 1455 caecum,
1757 1401 2036 1451 classem

1141 1478 1478 1539 Achivom,
1540 1478 2033 1546 offendere'’**).

346 1557 607 1609 Postremo
655 1576 710 1609 se
744 1575 805 1609 ea
837 1559 1119 1609 conditione
1153 1558 1425 1608 rediturum
1461 1557 1606 1619 dicit,
1642 1564 1699 1608 ut
1731 1559 1942 1625 Ulysses
1974 1562 2037 1611 ab

347 1640 569 1689 exercit-u
604 1646 930 1689 removeatur.
1010 1639 1140 1688 Tum
1188 1644 1397 1704 repente
1430 1639 1530 1699 hic,
1589 1639 1667 1687 cui
1701 1640 1899 1690 interim
1934 1640 2037 1689 for-

346 1735 478 1768 mam
522 1735 661 1770 suam
698 1719 923 1769 Minerva
968 1721 1218 1777 restituit,
1262 1719 1323 1767 ad
1361 1735 1583 1767 caussam
1633 1719 1890 1770 dicendam
1925 1737 2038 1771 cum

348 1815 538 1849 summa
572 1800 815 1859 omnium,
853 1801 939 1864 qui
974 1800 1182 1859 adsunt,
1218 1800 1543 1848 admiratione
1578 1800 1687 1864 ipse
1721 1800 1914 1866 prodit:

479 1877 605 1940 λέξω
639 1877 687 1929 δ’
725 1876 858 1944 ἐγώ,
893 1881 997 1930 κᾶν
1031 1897 1138 1943 μου
1176 1877 1500 1943 διαφθείρας
1534 1880 1671 1945 δοκῇ

476 1958 702 2025 λόγους,
737 1957 974 2019 ὑποστὰς
1007 1959 1167 2019 αὐτὸς
1185 1998 1198 2022 ,
1233 1957 1563 2025 ἠδικηκέναι·

478 2033 585 2090 ἀλλ’
619 2037 672 2102 ἐξ
705 2038 838 2106 ἐμοῦ
869 2039 973 2106 γὰρ
1007 2038 1147 2104 τάμὰ
1181 2040 1401 2106 μαθήσῃ
1414 2038 1520 2103 ***)
1556 2039 1764 2089 κλύων·

480 2116 560 2170 ὅδ’
597 2119 757 2180 αὐτὸς
791 2119 958 2171 αὑτὸν
992 2117 1263 2186 ἐμφανίζει
1298 2132 1383 2171 σοι
1416 2117 1604 2184 λέγων.

347 2197 423 2248 De
455 2200 637 2264 reliqui
672 2201 906 2265 colloquii
938 2202 1147 2264 ratione,
1182 2201 1358 2261 nullis,
1405 2217 1530 2264 quae
1564 2216 1760 2265 sequar,
1794 2216 2036 2267 apparen-

347 2278 481 2329 tibus
516 2282 763 2346 vestigiiS‚
801 2283 1109 2331 coniecturas
1144 2297 1424 2347 proponere
1458 2280 1587 2330 nolo.

478 2360 739 2410 Postremo
782 2363 943 2411 victus
990 2367 1041 2411 et
1073 2362 1133 2410 ad
1168 2362 1457 2410 mutandum
1503 2360 1760 2409 consilium
1795 2361 2038 2411 adductus

349 2438 649 2490 Philoctetes
696 2448 872 2491 nautae
921 2458 977 2491 se
1010 2443 1078 2490 ait
1113 2442 1326 2490 similem
1361 2456 1502 2500 esse,
1552 2440 1662 2504 qui,
1709 2457 1859 2505 quum
1895 2447 2040 2490 antea

347 2521 480 2571 inter
529 2527 883 2588 tempestatem
940 2522 1113 2572 iurarit
1162 2538 1218 2570 se
1277 2537 1529 2584 nunquam
1577 2537 1750 2570 rursus
1812 2521 1937 2569 mari
1983 2538 2039 2570 se

352 2603 757 2664 commissurum,
793 2603 960 2667 paullo
995 2610 1138 2667 post,
1185 2602 1434 2650 mercibus
1481 2602 1530 2648 in
1564 2606 1745 2649 terram
1781 2602 2038 2665 expositis,

348 2682 473 2732 lucri
507 2683 739 2747 cupidine
780 2683 961 2732 ductus
994 2683 1127 2730 idem
1159 2682 1436 2746 periculum
1472 2680 1633 2729 denuo
1667 2682 1874 2731 subeat:

480 2761 615 2828 οέωρὶ
647 2762 851 2814 πόντου
885 2761 1075 2827 κύματ’
1111 2760 1292 2826 εὐρέος
1325 2766 1475 2826 περᾷ,

479 2842 830 2908 τριδάκτυλον
865 2842 1015 2906 σώζει
1048 2853 1149 2909 σφε
1181 2842 1434 2894 πεύκινον
1468 2839 1628 2903 ξύλον

483 2949 1541 2964 ————ut——-—-—

416 3125 466 3180 ἦ)
494 3125 679 3182 Fragm.
711 3126 823 3167 XIV.
854 3127 1056 3183 Hesych.
1098 3126 1248 3185 αἴρειν
1290 3128 1432 3180 νοεῖς,
1473 3120 1682 3177 δοξάζειν
1725 3121 1842 3182 ἡγῇο
1894 3122 2041 3183 Εὐρι-

490 3197 628 3251 πίδης
662 3195 930 3252 Φιλοκτήτῃ.
988 3197 1146 3240 Scribe
1177 3196 1320 3254 αἱρεῖς
1348 3192 1482 3247 νόον,
1512 3191 1738 3247 δοξάζεις,
1770 3191 1875 3252 ἡγῇ.

389 3266 468 3320 *ἢ
496 3267 681 3323 Fragm.
713 3266 799 3307 inc.
828 3265 900 3308 29.

363 3336 469 3392 μὴ
499 3337 646 3379 Metro
675 3340 723 3379 ut
750 3338 1056 3391 mederentur,
1085 3338 1359 3381 Matthiaeus
1388 3331 1493 3391 τᾶμ’
1521 3331 1782 3387 ἀκούσεται,
1813 3337 1888 3379 vel
1914 3330 2040 3390 τάμὰ

492 3407 736 3462 γνώσεται,
778 3407 959 3450 Grotius
985 3406 1109 3463 τάμὰ
1149 3406 1203 3452 σύ
1234 3404 1426 3464 μαθήσῃ
1455 3405 1610 3462 reponi
1637 3406 1867 3451 iubebant.
1922 3406 2037 3450 For-

493 3482 634 3522 tasse:
667 3471 792 3533 τάμὰ
819 3478 906 3522 νῦν
932 3476 1085 3536 γνώσῃ
1113 3477 1275 3523 κλύων.
