2144 3854
1088 298 1214 356 308

633 448 790 496 Dema
826 445 911 493 ein
950 444 1071 495 (ἔστι
1107 445 1199 495 hat

635 525 818 575 Jedem
851 527 996 574 aeine
1029 525 1185 575 Balm

646 606 1063 672 Vorgezeichnet,

633 687 738 736 Die
775 686 868 735 der
907 685 1206 736 Gliiclcliclze

635 767 807 816 Base-h
839 783 954 815 zum
975 765 1267 832 freudigen

637 847 784 896 Ziele
818 854 991 896 rennt.

642 927 778 976 Wem
813 928 937 976 aber
979 925 1212 991 Unglit'clc

631 1007 742 1056 Das
778 1005 922 1055 Herz
956 1021 1361 1071 zecsammmzog,

634 1087 717 1136 Er
747 1087 952 1135 strc'iubt
988 1086 1269 1152 vergebens

635 1166 762 1215 Siclz
795 1182 966 1232 gegen
1001 1166 1088 1215 die
1123 1165 1424 1215 Schranlcen

634 1247 741 1296 Des
778 1247 1003 1295 ehernen
1039 1246 1264 1307 Fadens,

638 1326 756 1375 Den
791 1326 877 1375 die
914 1326 1042 1376 doch
1079 1326 1264 1375 bittere
1299 1324 1525 1375 Scheere

641 1406 761 1455 Nur
799 1408 990 1456 einmal
1025 1404 1156 1456 lb's't.

303 1491 512 1540 Additur
545 1488 849 1553 praedicatio
884 1485 1299 1554 magnanimitatis
1344 1485 1594 1534 Macariae
1629 1491 1681 1536 et
1708 1489 1985 1541 vconsolatio

304 1571 447 1630 iolai,
502 1585 652 1632 quum
686 1568 819 1616 iilius
854 1569 1087 1616 virtutem
1121 1566 1253 1616 omni
1288 1565 1520 1616 fortunae
1553 1568 1807 1631 iniquitate
1840 1585 1985 1635 supe-

301 1651 483 1699 riorem
520 1665 633 1696 esse
668 1649 985 1697 ostendatur:

435 1725 469 1776 02
505 1726 552 1778 δ’
590 1725 746 1793 α’ρετὰ
781 1726 952 1791 βαίνει
986 1725 1075 1779 διὰ
1108 1725 1342 1792 μόχθων.

302 1810 357 1858 111
403 1809 550 1857 huius
596 1810 870 1857 sententiae
903 1811 1109 1858 veritate
1144 1807 1523 1856 demonstranda
1557 1809 1896 1875 exemplisque
1927 1811 1987 1860 il-

302 1890 535 1938 lustribus
570 1891 660 1936 sub
696 1890 985 1954 adspectum
1022 1890 1249 1955 ponenda
1282 1889 1377 1936 hoc
1412 1889 1579 1937 drama
1615 1897 1842 1940 versatur
1878 1892 1988 1942 uni-

300 1986 514 2019 versum.
586 1969 695 2018 Hoc
738 1976 915 2018 tenena
965 1985 1125 2031 neque
1174 1969 1483 2016 desiderabis
1530 1970 1792 2033 quicquam
1823 1987 1987 2036 neque

301 2051 516 2099 alienum
551 2050 814 2117 quicquam
849 2049 1117 2097 admistum
1153 2064 1266 2096 esse
1302 2048 1529 2111 putabis,
1585 2051 1672 2097 sed
1707 2051 1987 2100 rectissime

302 2130 658 2194 aptissimeque
693 2129 855 2176 omnia
890 2129 1114 2177 instituta
1149 2143 1263 2176 esse
1294 2127 1501 2176 videbis.
1571 2128 1841 2178 Servantur
1879 2131 1986 2180 He·

300 2208 518 2258 raciidae
552 2224 650 2255 non
685 2207 788 2255 sola
821 2208 1071 2272 hospitum
1108 2208 1327 2273 pietate,
1375 2207 1464 2256 aed
1511 2224 1599 2257 sua
1633 2211 1844 2259 maxime
1878 2211 1987 2260 vir-

300 2293 425 2349 tute,
461 2293 759 2354 praestante,
795 2287 1051 2349 afferente,
1086 2288 1304 2336 faciente
1338 2288 1653 2352 patienteque
1682 2290 1813 2352 quod
1849 2291 1984 2354 quis-

301 2385 399 2434 que
428 2375 624 2433 potest,
674 2367 874 2431 singulis
923 2384 1084 2432 neque
1128 2369 1322 2416 labores
1368 2385 1527 2432 neque
1574 2369 1788 2433 pericula
1823 2386 1986 2435 neque

300 2455 514 2496 mortem
563 2448 967 2496 detrectantibus.
1049 2449 1223 2512 Itaque
1270 2448 1474 2511 singuiis
1521 2449 1712 2498 actibus
1762 2451 1987 2515 singuiae

300 2530 595 2578 exhibentur
629 2526 901 2591 ἄριστεῖαι,
937 2530 1122 2594 virgine
1157 2535 1302 2592 atque
1326 2545 1435 2587 anu,
1471 2529 1647 2577 iuvene
1687 2535 1834 2594 atque
1865 2547 1985 2581 sene

299 2613 353 2657 et
399 2610 527 2656 inter
571 2624 626 2656 se
675 2615 724 2657 et
771 2627 881 2657 cum
931 2610 1208 2674 hospitibus
1255 2609 1436 2657 virtute
1484 2611 1894 2660 contendentibus
1927 2626 1986 2661 ae

299 2704 392 2752 pro
427 2688 727 2752 reliquorum
763 2689 921 2737 salute
955 2705 1093 2738 suam
1129 2690 1177 2737 in
1211 2689 1474 2737 discrimen
1510 2689 1858 2739 deferentibus.
1893 2691 1985 2740 Sa-

298 2769 367 2818 tis
403 2768 591 2818 diserte
625 2774 775 2834 poeta
806 2771 917 2833 ipse
951 2770 1253 2817 voluntatem
1289 2781 1426 2816 suam
1463 2770 1726 2833 explicavit
1742 2770 1820 2832 iis,
1856 2785 1983 2834 quae

299 2846 572 2897 Macariam
610 2849 761 2913 fecit,
809 2856 1067 2913 antequam
1102 2849 1163 2897 ad
1198 2854 1411 2897 mortem
1445 2849 1860 2912 proficisceretur,
1905 2850 1985 2898 di-

299 2934 526 2990 centem,
588 2930 729 2978 cuius
788 2931 1060 2979 orationem
1117 2930 1218 2978 noli
1265 2929 1414 2978 solius
1460 2929 1662 2992 virginis
1710 2928 1984 2980 laudandae

298 3022 474 3055 caussa
508 3010 721 3074 proponi
758 3017 950 3074 putare.
1075 3002 1080 3005 ’

431 3088 500 3136 Et
533 3088 785 3138 Macariae
820 3090 1019 3154 quidem
1039 3128 1053 3150 ,
1089 3096 1350 3154 postquam
1385 3089 1448 3137 de
1481 3105 1629 3138 scena
1662 3089 1799 3151 abiit,
1851 3090 1984 3140 nulla

298 3166 511 3231 amplius
540 3168 761 3218 iniicitur
789 3171 989 3230 mentio,
1025 3186 1185 3234 neque
1211 3168 1455 3233 quomodo
1479 3168 1726 3218 immolata
1753 3170 1830 3218 vel
1854 3185 1984 3234 quo-

298 3247 448 3294 modo
483 3248 677 3312 sepulta
710 3250 789 3297 vel
824 3251 1016 3314 quinam
1053 3250 1317 3298 defunctae
1358 3248 1572 3297 bonores
1618 3250 1830 3298 instituti
1866 3251 1983 3309 sint,

298 3327 590 3389 exponitur:
638 3332 689 3375 et
738 3335 876 3378 recte
921 3329 1134 3394 quidem.
1202 3329 1374 3393 Neque
1422 3329 1552 3377 enim
1596 3330 1810 3378 luctibus
1843 3329 1983 3379 locun

298 3405 507 3455 dabatur
539 3407 589 3455 in
623 3422 814 3456 summa
848 3417 1052 3459 eventus
1089 3410 1339 3470 felicitate,
1377 3413 1429 3457 et
1461 3410 1844 3472 generositatem
1879 3409 1984 3458 ani-

298 3486 384 3546 mi,
419 3502 514 3549 qua
548 3493 760 3537 mortem
793 3505 1004 3554 passura
1038 3497 1162 3550 erat,
1197 3491 1303 3556 ipsa
1338 3506 1575 3554 praesens
1598 3490 1718 3539 satis
1748 3488 1982 3540 ostende-
