2176 3874
1011 278 1132 335 437

226 430 312 474 aut
344 441 441 474 uon
475 427 650 474 curant
681 424 823 485 mala,
862 439 990 487 quae
1021 425 1199 488 partim
1234 439 1262 472 a
1297 422 1389 472 diis
1422 423 1748 474 immittuntur
1780 440 1894 490 par-

227 506 318 554 tim
364 506 426 554 ab
471 504 594 569 ipsis
644 504 923 553 hominibus
969 503 1240 553 iniustitiae
1286 505 1557 554 amantibus
1599 504 1894 566 inferuntur,

227 586 505 650 quibusque
537 585 632 633 vita
666 583 942 634 mortalium
975 587 1298 644 everteretur,
1332 583 1430 633 nisi
1463 590 1630 632 essent
1644 584 1735 632 viri
1768 589 1896 634 stre-

225 666 328 726 uui,
365 664 540 726 fortes,
575 663 883 729 magnanimi,
913 661 1130 725 benigni,
1165 663 1320 711 laudis
1347 663 1646 726 honorisque
1670 663 1898 724 studiosi,

226 745 310 809 qui
341 744 528 793 nullum
563 744 779 793 laborem
813 742 1107 797 detrectent,
1141 743 1327 791 nullum
1350 741 1625 806 periculum
1645 743 1897 805 horreant,

224 824 345 873 dum
378 824 558 888 punitis
592 821 847 881 maleficis,
882 822 1087 870 sublatis
1121 821 1277 882 malis,
1310 823 1454 870 victis
1487 822 1730 883 hostibuS‚
1765 822 1897 871 salu-

223 908 328 953 tem
361 903 780 965 securitatemque
812 905 863 948 et
895 900 991 949 sibi
1023 905 1073 949 et
1116 901 1264 950 sociis
1308 905 1360 949 et
1380 901 1565 949 civibus
1587 907 1639 950 et
1663 901 1898 950 universo

224 983 395 1048 generi
427 983 638 1032 humano
672 980 948 1032 restituant.
1015 980 1186 1045 Itaque
1217 996 1357 1029 more
1384 972 1579 1038 ⁴eorum,
1614 981 1699 1043 qui
1731 980 1897 1046 legum

224 1062 468 1113 beneficio
501 1061 597 1110 tuti
630 1060 681 1109 in
713 1058 988 1108 civitatibus
1022 1061 1174 1109 vitam
1209 1061 1505 1110 desidiosam
1537 1060 1698 1108 ventri
1731 1058 1898 1110 Vene-

225 1143 370 1206 rique
394 1141 550 1191 dediti
570 1139 859 1202 transigunt,
895 1141 1056 1188 securi
1087 1140 1370 1205 hilaresque
1405 1139 1656 1189 Bacchum
1683 1154 1897 1203 sequun-

226 1226 308 1272 tur
340 1227 393 1271 et
425 1219 751 1286 nympharum
786 1218 1032 1269 Venerem
1067 1224 1304 1270 venantur
1322 1257 1338 1281 ,
1373 1221 1508 1280 nudi,
1543 1219 1793 1284 protervi,
1827 1219 1898 1267 ri-

226 1302 402 1351 dentes
436 1300 596 1361 neria,
643 1299 891 1348 elevantes
940 1299 1135 1364 gravia,
1179 1316 1340 1365 neque
1374 1298 1704 1363 Aristophane
1736 1297 1900 1348 miuus

224 1381 423 1443 dicaces
456 1379 716 1442 facetique.
783 1378 851 1426 Et
883 1379 934 1427 hi
968 1379 1196 1442 quidem,
1234 1380 1461 1444 quoniam
1493 1377 1774 1442 vulgaribus
1807 1378 1899 1427 ho-

225 1461 440 1511 minibus
475 1458 662 1508 similes
698 1463 840 1520 sunt,
893 1459 956 1506 ad
989 1459 1129 1508 chori
1162 1475 1425 1524 personam
1460 1459 1510 1506 in
1542 1457 1718 1508 fabulis
1751 1473 1900 1523 agen-

226 1541 341 1590 dam
373 1539 476 1604 apti
507 1541 640 1588 sunt.
708 1537 803 1586 Est
837 1543 1001 1587 autem
1034 1538 1165 1587 aliud
1200 1554 1353 1602 genus
1385 1539 1708 1587 scelestorum
1741 1536 1900 1586 homi-

226 1634 346 1669 num
378 1619 483 1667 sive
515 1618 810 1666 daemonum
844 1617 923 1665 vel
955 1618 1224 1668 calliditate
1256 1619 1335 1667 vel
1366 1619 1540 1667 virium
1572 1616 1903 1682 magnitudine

229 1714 382 1764 supra
412 1698 586 1763 vulgus
622 1697 939 1746 eminentium
984 1703 1036 1746 et
1081 1697 1284 1747 audacia
1323 1699 1501 1748 heroas
1536 1696 1900 1757 aemulantium,

227 1793 494 1845 pronorum
527 1778 579 1826 in
614 1775 817 1837 scelera,
853 1780 904 1825 et
936 1782 1115 1841 quanto
1150 1779 1311 1827 studio
1344 1779 1396 1827 hi
1426 1777 1555 1827 mala
1588 1776 1901 1827 defendendo

229 1859 441 1908 salutem
473 1857 669 1906 miseris
701 1857 986 1916 restituunt,
1022 1862 1153 1906 tanta
1187 1858 1390 1907 libidine
1421 1857 1496 1905 illi
1529 1857 1732 1921 rapinis,
1767 1855 1902 1903 frau-

230 1938 394 1999 dibus,
427 1936 677 1997 caedibus,
717 1931 881 1986 omnis‘
909 1937 1122 2000 denique
1153 1938 1360 2001 generis*
1382 1938 1568 1986 iniuriis
1601 1941 1781 1985 vexant
1813 1933 1902 1985 ob-

229 2019 335 2067 vios
370 2023 422 2067 et
452 2017 688 2066 infestant
722 2021 896 2066 terras.
963 2016 1033 2064 Hi
1068 2017 1297 2065 scelerati
1339 2018 1545 2080 primam
1588 2017 1640 2066 in
1672 2014 1903 2080 satyricis

229 2097 409 2147 fabulis
453 2111 720 2161 personam
765 2101 914 2159 agunt
959 2099 1011 2144 et
1054 2095 1165 2144 fere
1209 2097 1477 2145 certamine
1523 2111 1635 2144 cum
1680 2093 1904 2144 Hercule

230 2177 333 2227 sive
366 2188 463 2241 quo
497 2176 591 2224 alio
637 2176 846 2226 heroum
889 2176 1012 2225 inito
1056 2177 1120 2225 de
1162 2176 1327 2225 medio
1359 2176 1612 2226 tolluntur.
1679 2174 1904 2239 Reprae-

230 2261 475 2306 sentatam
516 2261 713 2320 spectas
756 2257 964 2320 primam
1013 2256 1296 2317 mortalium,
1338 2256 1695 2317 conditionem,
1746 2253 1905 2319 qualis

232 2336 329 2384 fuit
359 2341 473 2384 ante
504 2335 640 2398 leges
674 2336 910 2395 inventas,
946 2336 1052 2383 iura
1087 2337 1368 2392 constituta,
1403 2336 1623 2384 conditas
1658 2335 1903 2397 civitates,

232 2414 465 2464 traditam
497 2414 840 2478 firmatamque
881 2414 1202 2479 disciplinam.
1268 2413 1423 2464 Vides
1469 2416 1529 2464 ab
1577 2416 1731 2463 altera
1761 2417 1906 2477 parte

233 2498 457 2558 satyroS‚
504 2494 685 2542 inertia
730 2497 782 2541 et
815 2494 1012 2542 lascivia
1054 2494 1300 2559 insigneS,
1346 2494 1509 2558 turpia
1541 2493 1797 2552 animalia;
1843 2493 1904 2542 ab

233 2573 391 2623 altera
423 2573 653 2633 latrone-S,
688 2579 906 2622 monstra
938 2574 1136 2634 licentia
1170 2580 1317 2636 atque
1338 2573 1659 2637 improbitate
1690 2571 1903 2621 horribi-

234 2654 316 2703 lia.
383 2651 527 2702 Adde
560 2651 824 2712 HerculeS‚
860 2652 1085 2702 Theseos
1111 2653 1330 2716 aliosque
1364 2652 1470 2701 eius
1493 2653 1686 2716 generis
1695 2652 1904 2711 heroeS,

234 2733 318 2797 qui
351 2731 399 2779 vi
433 2730 682 2794 armisque
714 2731 915 2780 iniurias
950 2733 1195 2781 vindicant
1228 2738 1280 2782 et
1313 2731 1374 2781 ad
1407 2731 1681 2796 puniendos
1714 2729 1905 2780 malefi-

233 2827 350 2872 coS‚
405 2810 624 2859 tollenda
667 2810 882 2859 ferarum
938 2812 1288 2875 hominumque
1333 2817 1580 2873 monstra,
1631 2809 1907 2859 liberandas

233 2890 505 2941 terroribus
549 2895 709 2939 terras
737 2906 795 2938 ac
827 2892 982 2941 maria
1027 2892 1198 2941 orbem
1233 2896 1522 2957 peragrant,
1567 2895 1616 2939 et
1648 2889 1909 2939 verissime

234 2986 402 3021 rerum
434 2970 754 3019 humanarum
788 2974 996 3032 statum,
1043 2971 1199 3035 qualis
1229 2971 1326 3020 fuit
1358 2975 1473 3020 ante
1507 2971 1769 3019 constituta
1802 2970 1909 3018 iura

238 3049 580 3113 conditamque
614 3048 950 3112 disciplinam,
998 3051 1250 3114 qualisque
1294 3051 1484 3115 legibus
1518 3050 1789 3099 iacentibus
1824 3050 1909 3096 aut

238 3128 426 3178 eversis
462 3144 660 3194 semper
693 3144 806 3178 esse
840 3129 982 3190 solet,
1017 3130 1106 3178 sub
1143 3130 1310 3180 oculos
1342 3131 1560 3195 positum
1593 3143 1907 3194 expressum-

240 3223 339 3273 que
382 3207 604 3257 habebis.
682 3208 949 3258 Poetarum
998 3209 1240 3259 beneficio
1299 3210 1552 3260 silvestres
1609 3209 1835 3259 homines
1879 3222 1910 3254 a

243 3288 476 3337 caedibus
510 3288 740 3352 victuque
776 3287 884 3339 sero
927 3288 1156 3339 deterriti
1190 3294 1327 3340 sunt:
1373 3307 1485 3340 uam
1528 3289 1627 3339 fuit
1670 3288 1795 3337 haec
1828 3301 1907 3335 sa-

243 3366 427 3430 pientia
458 3368 721 3431 quondam,
