2176 3874
1155 307 1283 366 514

482 455 808 506 Conferamus
822 453 920 502 iam
939 468 1053 502 cum
1078 454 1173 503 hac
1187 453 1387 520 Ulyssis
1406 451 1681 522 α’νασκευῇ
1706 454 1946 508 Hecubae
1967 472 2070 510 πα-

372 534 642 602 ρασκευήν
675 534 744 598 *).
792 535 1240 599 Argumentorum,
1290 536 1470 598 'quibus
1504 537 1630 585 haec
1667 538 1852 596 utitur,
1887 555 2071 602 genera

372 624 487 667 sunt
522 618 650 677 duo,
696 615 906 663 alterum
960 630 1221 665 commune
1255 616 1317 664 ad
1353 631 1524 664 omnes
1563 617 1811 680 Graecos,
1859 619 2070 669 alterum

371 697 631 763 proprium
674 695 736 744 ad
786 695 1020 760 Ulyssem
1070 698 1339 762 pertinens
1409 696 1476 744 Et
1520 696 1641 746 illud
1678 698 1880 762 quidem
1914 715 2071 764 genus

373 779 496 826 satis
531 777 780 825 infirmum
817 781 920 836 est,
954 777 1033 824 vel
1070 784 1206 826 certe
1240 778 1452 826 alienum
1489 793 1516 824 a
1551 779 1770 828 moribus
1805 779 2069 829 institutis-

374 873 472 920 que
507 857 701 914 aetatis,
737 873 865 920 quae
900 862 1104 906 vocatur
1137 858 1354 909 heroica.
1426 857 1638 907 Omnino
1674 860 1807 908 enim
1841 860 2068 910 homines

373 954 465 1001 pro
499 938 671 985 bestiis
699 936 946 985 immolari
980 941 1171 985 rectum
1209 954 1322 986 esse
1348 944 1519 1001 negat:
1557 939 1707 1002 quisi
1745 940 1823 988 vel
1857 941 2071 989 maxime

370 1016 657 1065 immolandi
691 1018 807 1074 sint,
845 1022 1013 1065 sontes
1050 1017 1198 1081 deligi
1233 1024 1485 1081 oportere,
1522 1035 1616 1067 non
1641 1020 1933 1070 innocentes
1967 1026 2018 1069 et
2042 1037 2070 1068 a

372 1113 546 1147 caussa
579 1097 819 1145 malorum
872 1098 1247 1146 remotissimos
1316 1097 1450 1161 Ergo
1486 1098 1727 1148 Helenam
1765 1099 2070 1149 caedendam

372 1193 503 1234 esse,
540 1182 591 1225 et
626 1177 742 1224 belli
776 1178 1041 1225 auctricem
1075 1183 1124 1224 et
1144 1176 1336 1226 formae
1362 1179 1694 1242 pulcritudine
1720 1185 2070 1244 praestantem.

371 1259 511 1307 Haec
546 1258 622 1305 sui
658 1256 845 1305 saeculi
881 1256 1173 1305 humanitati
1209 1257 1269 1304 ab
1305 1258 1543 1322 Euripide
1592 1260 1774 1308 tributa
1821 1276 1934 1310 esse
1980 1276 2071 1324 ap-

371 1344 542 1403 paret:
578 1353 706 1399 quae
741 1337 980 1400 quamvis,
1016 1336 1147 1400 quod
1183 1336 1246 1384 ad
1283 1335 1500 1387 fabulam
1535 1339 1728 1399 attinet,
1764 1340 1925 1388 inania
1953 1341 2070 1400 sint,

370 1424 534 1466 tamen
569 1417 754 1464 theatri
787 1417 996 1480 gratiam
1033 1416 1273 1465 Hecubae
1319 1420 1591 1482 potuerunt
1624 1420 1904 1468 conciliare.
1972 1420 2070 1469 Ce-

370 1503 534 1547 terum
570 1502 627 1546 ut
661 1502 797 1546 esset
831 1504 1038 1562 propter
1073 1496 1204 1560 quod
1238 1496 1347 1545 iure
1380 1497 1590 1546 Hecuba
1617 1498 1791 1562 Ulyssi
1825 1500 2070 1549 irascere-

370 1583 454 1626 tur
488 1582 541 1626 et
574 1577 802 1626 iniuriam
841 1578 934 1626 sibi
967 1577 1077 1625 fieri
1113 1581 1434 1639 quereretur,
1471 1577 1610 1626 illum
1646 1577 1919 1641 quondam,
1954 1594 2070 1628 cum

370 1656 512 1706 Ilium
549 1658 833 1721 speculator
866 1657 1135 1718 intrasset,
1188 1662 1439 1705 servatum
1474 1673 1503 1705 a
1536 1659 1706 1723 regina
1740 1657 2071 1708 Troianorum

371 1753 486 1786 esse
531 1737 674 1786 finxit
718 1743 882 1801 poeta.
950 1736 1119 1785 Minus
1169 1737 1425 1801 probabile
1474 1737 1573 1787 hoc
1622 1738 1878 1803 Euripidis
1922 1753 2071 1802 quam

371 1817 578 1866 Homeri
603 1816 722 1882 (Od.
751 1814 800 1874 δ,
827 1815 967 1883 242.)
1011 1823 1341 1866 commentum
1373 1833 1486 1866 esse
1520 1818 1753 1868 iudicavit
1774 1817 2071 1867 Eustathius

371 1913 482 1946 cum
519 1897 800 1946 scholiastis
849 1896 950 1961 **),
988 1913 1111 1962 quos
1146 1897 1277 1963 fugit
1311 1896 1669 1947 Themistoclis
1705 1898 1987 1963 exemplum
2020 1898 2071 1947 in

369 1977 452 2026 his
487 1977 734 2042 fingendis
781 1977 993 2040 perinde
1041 1986 1191 2041 atque
1225 1979 1275 2026 in
1311 1976 1525 2042 Telephi
1558 1978 1872 2040 discrimine,
1921 1993 2070 2043 quem

367 2057 566 2106 hostem
602 2056 993 2121 Clytaemnestra
1029 2056 1326 2117 occultavit,
1377 2059 1439 2106 ob
1488 2058 1659 2106 oculos
1693 2058 1927 2122 Euripidi
1959 2073 2071 2106 ver-

371 2142 534 2185 satum
571 2151 698 2186 esse.
770 2135 956 2184 Motam
993 2141 1159 2184 autem
1195 2151 1309 2183 esse
1343 2135 1632 2195 mulierem,
1682 2138 1903 2199 quamvis
1951 2152 2070 2185 con-

370 2222 619 2276 stantem,
669 2215 908 2278 dignitate
955 2222 1100 2279 atque
1143 2215 1431 2264 discrimine
1478 2215 1571 2264 viri
1605 2215 1865 2265 clarissimi
1908 2231 2070 2280 genua

371 2295 480 2343 eius
516 2295 810 2360 suppliciter
844 2295 1206 2359 amplectentis,
1242 2300 1297 2344 ut
1322 2295 1576 2358 publicum
1599 2296 1927 2345 commodum·
1947 2311 2069 2360 neg-

370 2375 579 2438 ligeret,
626 2390 725 2423 nou
761 2380 838 2423 est
872 2375 1168 2423 mirandum.
1238 2374 1475 2422 Ceterum
1522 2374 1650 2423 haec
1696 2375 1818 2440 fingi
1862 2379 2071 2442 propter

373 2453 729 2519 Polymestoris
766 2454 1065 2519 supplicium
1106 2469 1314 2503 necesse
1347 2453 1461 2505 fuit.
1529 2454 1708 2518 Neque
1741 2456 1870 2505 enim
1905 2455 2071 2505 credi-

371 2533 472 2582 bile
508 2542 643 2583 esset
690 2534 842 2583 licere
875 2534 1093 2583 feminae
1128 2535 1351 2600 captivae
1384 2550 1554 2598 regem
1598 2536 1840 2584 victorum
1877 2535 2068 2585 socium

371 2615 576 2678 impune
609 2616 951 2679 pessumdare,
985 2614 1082 2663 nisi
1115 2614 1247 2663 viros
1284 2614 1592 2663 Graecorum
1627 2615 1906 2680 principes,
1952 2616 1984 2666 i.
2020 2631 2067 2668 e.

371 2695 792 2758 Agamemnonem
827 2700 975 2758 atque
1000 2695 1251 2758 Ulyssem,
1290 2709 1500 2759 quorum
1525 2695 1652 2743 alter
1670 2695 1905 2760 imperio,
1938 2695 2070 2746 alter

369 2774 565 2837 ingenio
601 2774 774 2839 pollet,
811 2774 960 2823 variis
989 2774 1246 2823 beneflciis
1278 2774 1547 2823 obstrictos
1584 2774 1826 2825 haberet:
1862 2777 1944 2840 qui
1978 2793 2068 2842 pa-

369 2855 496 2902 triae
529 2854 730 2918 quidem
765 2855 1080 2904 commodum
1115 2855 1335 2919 privatae
1356 2855 1544 2919 gratiae
1577 2861 1900 2921 postponere,
1933 2857 2067 2924 vulgi

426 2994 477 3050 2⁵)
507 2996 663 3039 Schol.
694 2995 754 3037 ad
782 3010 826 3038 v.
854 2993 964 3036 298:
1002 2987 1198 3050 Ἑκάβης
1226 2991 1354 3050 λόγοι
1380 2994 1654 3053 παρασκευῇ
1683 2993 1905 3049 ἐοίκασιν,
1935 2994 1983 3041 οἳ
2013 2995 2065 3041 δὲ

511 3066 599 3108 τοῦ
628 3062 886 3115 Ὀδυσσέως
914 3060 1166 3121 ἄνασκευῇ.

398 3134 477 3191 ⁹⁵⁹⁶)
504 3137 712 3178 Eustath.
745 3136 827 3178 Od.
861 3136 901 3179 δ.
934 3150 979 3190 p.
1004 3132 1133 3188 1495,
1163 3131 1216 3176 5:
1249 3135 1328 3179 καὶ
1358 3131 1460 3192 ὅρα,
1491 3130 1565 3179 ὅτι
1595 3133 1712 3178 πολὺ
1742 3131 2067 3194 πιθανώτερος

514 3203 540 3250 ὁ
570 3202 821 3263 “Ομηξικός
851 3197 986 3254 οὗτος
1015 3201 1107 3247 ὑπὸ
1156 3200 1302 3261 μόνης
1340 3202 1520 3260 Ἑλένης
1560 3201 1908 3262 οἱναγνωρισμός
1942 3201 2064 3265 ἥπερ

513 3273 538 3320 ὁ
567 3274 689 3320 κατὰ
719 3273 1004 3332 Εὖριπίδην,
1049 3274 1098 3318 ἐν
1127 3268 1163 3333 ᾦ
1191 3275 1270 3319 καὶ
1299 3277 1358 3334 τῇ
1385 3270 1553 3334 Ἑκάβῃ
1592 3279 1806 3320 κατεῖπεν
1834 3273 1864 3332 ἡ
1893 3273 2063 3333 Ἑλένη.

513 3347 669 3390 schol.
699 3346 758 3389 ad
785 3361 830 3389 v.
859 3344 967 3388 238:
1008 3341 1250 3390 ἀπίθανον
1289 3345 1339 3391 δὲ
1376 3346 1428 3391 τὰ
1468 3344 1656 3402 πλάσμα
1695 3345 1776 3390 καὶ
1804 3342 1889 3403 οὔχ
1919 3345 2064 3404 ἁρμό-

511 3416 635 3460 διον·
687 3411 745 3460 οὐ
798 3413 885 3472 γὰρ
937 3411 996 3459 ἄν
1037 3413 1243 3473 ἐσίγησεν
1283 3415 1477 3475 Ἑκάβη,
1530 3414 1752 3473 πολέμιον
1794 3415 2063 3474 θεασαμένη

511 3483 861 3532 κατοπτεύοντα
889 3481 948 3530 τὰ
978 3483 1098 3531 κατὰ
1126 3485 1237 3539 τοὺς
1269 3491 1432 3547 Τρῶας
1460 3486 1723 3546 πράγματα.
