2144 3854
1130 292 1250 349 19⁰

363 437 730 501 Matrimonium
777 442 1189 487 commemoratur
1236 437 1513 505 fragmento
1528 475 1544 500 ,
1597 442 1730 506 quod
1777 441 2035 509 Sophoclis

363 534 476 569 esse
506 517 699 566 fertur:

482 590 904 661 Ἀλφεσσίβοιαν,
936 595 1006 662 ἣν
1038 595 1070 648 ὁ
1099 597 1359 665 γεννήσας
1388 598 1576 666 πατήρ.

493 675 659 725 Potuit
689 677 868 726 deinde
900 677 1230 741 Alphesiboea
1261 680 1427 729 statim
1459 681 1571 744 ipsa
1614 680 1843 745 prodire,
1893 682 2036 734 cuius

362 755 664 820 benignitate
696 757 963 807 Alcmaeon
995 758 1046 807 in
1079 758 1278 808 domum
1302 761 1629 810 reduceretur
1652 760 1877 826 patrique
1891 777 2036 822 ‚com-

358 836 692 886 mendaretur.

490 914 621 965 Tum
656 916 806 965 choro
849 918 1195 982 prodeundum
1239 918 1337 967 fuit
1379 918 1484 968 sive
1529 924 1755 969 catervae
1799 918 2037 986 virginum

361 995 686 1061 popularium,
720 996 1081 1060 Alphesiboeae
1113 998 1408 1061 aequalium,
1445 1014 1585 1063 quae,
1619 999 1865 1064 divulgata
1896 998 2032 1048 fama

361 1077 426 1126 de
468 1076 777 1125 Alcmaeonis
827 1077 1022 1138 reditu,
1077 1093 1191 1126 eum
1235 1078 1288 1126 in
1335 1078 1536 1127 domum
1570 1094 1745 1127 rursus
1779 1082 2037 1143 receptum

360 1172 476 1206 esse
502 1155 815 1204 mirarentur.
881 1155 1068 1205 Harum
1105 1157 1232 1206 enim
1269 1173 1464 1206 carmen
1510 1161 1561 1206 et
1595 1158 1891 1222 colloquium
1923 1158 2035 1208 imi-

358 1240 492 1286 tatus
523 1239 601 1284 est
632 1235 989 1299 Aristophanes
1019 1237 1071 1286 in
1104 1236 1269 1301 Equit.
1302 1252 1347 1288 ν.
1382 1239 1511 1286 1300
1544 1253 1714 1303 seqq.‚
1762 1238 2036 1305 virginibus

358 1317 586 1366 triremes
621 1314 993 1364 substituendo:

488 1391 656 1459 φασὶν
688 1392 932 1460 ἀλλήλαις
965 1393 1239 1456 ξυνελθεῖν
1270 1394 1364 1456 τὰς
1395 1395 1623 1463 τριήρεις
1655 1393 1728 1456 εἰς
1758 1394 1938 1461 λόγον,

488 1473 579 1527 καὶ
611 1473 740 1536 μίαν
773 1473 914 1536 λέξαι
945 1476 1044 1526 τιν’
1079 1475 1273 1539 αὐτῶν
1307 1475 1420 1543 ἥτις
1450 1469 1518 1542 ἦν
1549 1472 1848 1541 γεραιτέρα·

491 1551 649 1606 οὐδὲ
680 1554 1123 1626 πυνθάνεσθε
1165 1557 1369 1615 ταῦτ’,
1418 1556 1460 1606 ὠ
1505 1554 1869 1620 παρθένοι,
1915 1553 2034 1607 τᾶν

1185 1641 1264 1702 τῇ
1297 1635 1521 1698 πόλεις

358 1717 649 1767 Extremum
684 1717 881 1782 quidem
914 1731 1109 1766 versum
1145 1734 1206 1767 ex
1239 1718 1492 1783 Euripidis
1535 1717 1700 1766 fabula
1745 1717 2035 1782 decerptum

357 1813 473 1847 esse
506 1802 717 1846 testatur
751 1796 1035 1856 scholiasta3
1079 1798 1169 1846 sed
1202 1802 1357 1846 totam
1409 1798 1679 1847 orationem
1712 1799 1776 1848 ad
1810 1798 2034 1847 similitu-

357 1878 522 1927 dinem
575 1876 875 1941 Euripideae
925 1877 1251 1940 compositam
1298 1894 1412 1927 esse
1457 1883 1675 1942 apparet.
1754 1878 2035 1942 indignatae

357 1957 488 2007 enim
522 1962 633 2006 sunt
664 1957 890 2022 virgines,
924 1957 1054 2019 quod
1086 1955 1235 2004 homo
1268 1956 1486 2005 nefarius
1531 1953 1690 2022 (ἀνὴρ
1723 1954 2033 2022 μοχθηρός),

356 2036 559 2087 alterius
593 2035 807 2084 feminae
839 2035 1148 2084 matrimonio
1183 2035 1404 2097 iunctuS,
1462 2037 1524 2084 ad
1566 2037 1815 2086 desertam
1861 2036 2033 2086 coniu-

356 2133 467 2181 gem
498 2115 716 2180 priorem
749 2114 914 2163 redire
948 2130 1095 2164 ausus
1130 2122 1265 2164 esset
1298 2121 1348 2164 et
1381 2116 1570 2164 veniam
1602 2116 1770 2165 delicti
1794 2132 1851 2166 se
1874 2117 2034 2182 impe-

355 2199 599 2246 traturum
632 2210 745 2244 esse
779 2199 1034 2258 speraret:

485 2276 598 2334 ταῖς
631 2270 688 2324 δὲ
723 2272 870 2336 δόξαι
902 2272 1079 2324 δεινὸν
1110 2267 1248 2324 εἶναι
1280 2275 1440 2324 τοῦτο
1475 2272 1611 2325 κούκ
1644 2272 1945 2340 ἀνασχετόν,

486 2353 576 2406 καί
608 2355 706 2405 τιν’
743 2353 923 2413 εἰπεῖν,
956 2351 1070 2420 ἥτις
1103 2351 1319 2417 ἀνδρῶν
1343 2347 1519 2405 ’ἆσσον
1552 2353 1652 2405 οὐκ
1683 2350 1952 2420 ἐληλύθει·

487 2433 898 2500 ἄποτρόπαι’,
933 2434 1011 2486 οὐ
1040 2434 1175 2502 δῆτ’
1199 2430 1363 2499 ἐμοῦ
1399 2437 1448 2501 γ’
1477 2434 1661 2499 ἄρξει
1692 2435 1853 2498 ποτ’,
1885 2433 2033 2496 ἀλλ’,

1185 2510 1304 2565 ἐάν
1337 2531 1413 2578 με
1446 2520 1582 2582 χρῇ,

488 2594 593 2647 ὑπὸ
625 2595 929 2663 τερηδόνων
975 2597 1193 2658 σαπεῖσ’,
1229 2592 1532 2647 ἐνταῦθα
1574 2594 2035 2662 καταγηράσο-

1183 2693 1317 2740 μαι.

489 2756 640 2807 Redit
673 2774 785 2807 cum
818 2757 1017 2821 Phegeo
1051 2772 1114 2806 ex
1136 2757 1340 2807 aedibus
1367 2757 1650 2806 Alcmaeon.
1717 2753 2034 2805 ostendendo

357 2842 504 2903 atque
545 2839 605 2887 ob
653 2837 823 2886 oculos
868 2837 1095 2901 ponendo
1141 2837 1382 2885 malorum
1433 2851 1634 2885 suorum
1668 2834 2034 2886 multitudinem

355 2917 836 2982 magnitudinemque
868 2916 1258 2966 misericordiam
1291 2915 1506 2965 excitare
1552 2914 1722 2963 studet
1752 2914 2034 2967 Alcmaeon.

357 2996 482 3045 Nam
516 2997 843 3046 conscientiae
877 2997 1172 3046 cruciatibus
1210 2997 1483 3046 etiamnunc
1515 3009 1570 3042 se
1604 2994 1778 3043 confici
1810 2995 1961 3045 dicite

488 3075 640 3136 „Ita
673 3077 930 3125 territa
963 3077 1254 3125 membra
1288 3075 1502 3124 animo
1536 3079 1822 3139 aegroto

495 3154 835 3205 Cunctant
866 3156 1189 3220 subferre
1223 3154 1577 3205 laborem.”

359 3233 551 3284 Rursus
584 3237 730 3285 domo
763 3236 958 3301 pulsum
991 3241 1194 3301 propter
1224 3233 1495 3300 piaculum,
1528 3240 1665 3284 recta
1696 3234 1797 3285 huc
1830 3239 2033 3285 conten-

360 3315 522 3365 disse:
562 3339 567 3347 r

488 3392 600 3460 ἥκω
635 3392 683 3444 δ’
718 3393 903 3462 ἀτενὴς
936 3394 1025 3446 ἀπ’
1062 3394 1240 3449 οἴκων.
