<?xml version="1.0" encoding="UTF-8"?>
<!DOCTYPE html PUBLIC "-//W3C//DTD XHTML 1.0 Transitional//EN"
    "http://www.w3.org/TR/xhtml1/DTD/xhtml1-transitional.dtd">
<html xmlns="http://www.w3.org/1999/xhtml" xml:lang="en" lang="en">
 <head>
  <title>
</title>
<meta http-equiv="Content-Type" content="text/html;charset=utf-8" />
  <meta name='ocr-system' content='tesseract 3.04.00' />
  <meta name='ocr-capabilities' content='ocr_page ocr_carea ocr_par ocr_line ocrx_word'/>
</head>
<body>
  <div class='ocr_page' id='page_1' title='image "./euripidesrestitu01hartuoft_0242.png"; bbox 0 0 2144 3854; ppageno 0'>
   <div class='ocr_carea' id='block_1_1' title="bbox 1091 261 1215 319">
    <p class='ocr_par' dir='ltr' id='par_1_1' title="bbox 1091 261 1215 319">
     <span class='ocr_line' id='line_1_1' title="bbox 1091 261 1215 319; baseline -0.016 0"><span class='ocrx_word' id='word_1_1' title='bbox 1091 261 1215 319; x_wconf 83' lang='lat'>224</span> 
     </span>
    </p>
   </div>
   <div class='ocr_carea' id='block_1_2' title="bbox 262 407 1994 3511">
    <p class='ocr_par' dir='ltr' id='par_1_2' title="bbox 313 407 1994 875">
     <span class='ocr_line' id='line_1_2' title="bbox 319 407 1992 474; baseline -0.003 -8"><span class='ocrx_word' id='word_1_2' title='bbox 319 430 484 466; x_wconf 90' lang='lat' dir='ltr'>sorum</span> <span class='ocrx_word' id='word_1_3' title='bbox 518 412 642 462; x_wconf 88' lang='lat' dir='ltr'>fines</span> <span class='ocrx_word' id='word_1_4' title='bbox 677 414 728 461; x_wconf 91' lang='lat' dir='ltr'>et</span> <span class='ocrx_word' id='word_1_5' title='bbox 759 410 820 461; x_wconf 89' lang='lat' dir='ltr'>ab</span> <span class='ocrx_word' id='word_1_6' title='bbox 854 408 1011 459; x_wconf 84' lang='lat' dir='ltr'>altera</span> <span class='ocrx_word' id='word_1_7' title='bbox 1044 413 1186 474; x_wconf 87' lang='lat' dir='ltr'>parte</span> <span class='ocrx_word' id='word_1_8' title='bbox 1218 407 1281 458; x_wconf 89' lang='lat' dir='ltr'>ad</span> <span class='ocrx_word' id='word_1_9' title='bbox 1316 407 1565 472; x_wconf 83' lang='lat' dir='ltr'>Aegaeum</span> <span class='ocrx_word' id='word_1_10' title='bbox 1587 422 1743 460; x_wconf 90' lang='lat' dir='ltr'>mare.</span> <span class='ocrx_word' id='word_1_11' title='bbox 1804 409 1992 461; x_wconf 83' lang='lat' dir='ltr'>Eadem</span> 
     </span>
     <span class='ocr_line' id='line_1_3' title="bbox 318 488 1994 554; baseline -0.002 -10"><span class='ocrx_word' id='word_1_12' title='bbox 318 494 611 545; x_wconf 79' lang='lat' dir='ltr'>liberalitate</span> <span class='ocrx_word' id='word_1_13' title='bbox 643 505 773 540; x_wconf 88' lang='lat' dir='ltr'>nunc</span> <span class='ocrx_word' id='word_1_14' title='bbox 823 488 1029 537; x_wconf 84' lang='lat' dir='ltr'>Herculi</span> <span class='ocrx_word' id='word_1_15' title='bbox 1075 491 1273 540; x_wconf 89' lang='lat' dir='ltr'>domum</span> <span class='ocrx_word' id='word_1_16' title='bbox 1320 488 1570 554; x_wconf 90' lang='lat' dir='ltr'>patuisse,</span> <span class='ocrx_word' id='word_1_17' title='bbox 1617 489 1798 538; x_wconf 83' lang='lat' dir='ltr'>uxoris</span> <span class='ocrx_word' id='word_1_18' title='bbox 1832 490 1994 540; x_wconf 83' lang='lat' dir='ltr'>morte</span> 
     </span>
     <span class='ocr_line' id='line_1_4' title="bbox 317 568 1992 634; baseline -0.003 -10"><span class='ocrx_word' id='word_1_19' title='bbox 317 575 590 633; x_wconf 88' lang='lat' dir='ltr'>funestam,</span> <span class='ocrx_word' id='word_1_20' title='bbox 641 575 693 620; x_wconf 92' lang='lat' dir='ltr'>et</span> <span class='ocrx_word' id='word_1_21' title='bbox 738 584 995 634; x_wconf 88' lang='lat' dir='ltr'>repressas</span> <span class='ocrx_word' id='word_1_22' title='bbox 1030 585 1142 619; x_wconf 90' lang='lat' dir='ltr'>esse</span> <span class='ocrx_word' id='word_1_23' title='bbox 1176 570 1401 619; x_wconf 84' lang='lat' dir='ltr'>lacrimas</span> <span class='ocrx_word' id='word_1_24' title='bbox 1436 568 1733 619; x_wconf 77' lang='lat' dir='ltr'>verecundia</span> <span class='ocrx_word' id='word_1_25' title='bbox 1766 568 1992 634; x_wconf 77' lang='lat' dir='ltr'>hospitis,</span> 
     </span>
     <span class='ocr_line' id='line_1_5' title="bbox 316 649 1992 717; baseline -0.002 -16"><span class='ocrx_word' id='word_1_26' title='bbox 316 652 523 701; x_wconf 88' lang='lat' dir='ltr'>Tantam</span> <span class='ocrx_word' id='word_1_27' title='bbox 571 650 957 717; x_wconf 81' lang='lat' dir='ltr'>generositatem</span> <span class='ocrx_word' id='word_1_28' title='bbox 1002 665 1099 698; x_wconf 91' lang='lat' dir='ltr'>non</span> <span class='ocrx_word' id='word_1_29' title='bbox 1153 649 1444 698; x_wconf 89' lang='lat' dir='ltr'>destitutum</span> <span class='ocrx_word' id='word_1_30' title='bbox 1481 649 1541 697; x_wconf 90' lang='lat' dir='ltr'>iri</span> <span class='ocrx_word' id='word_1_31' title='bbox 1574 649 1720 713; x_wconf 80' lang='lat' dir='ltr'>digno</span> <span class='ocrx_word' id='word_1_32' title='bbox 1751 651 1992 715; x_wconf 88' lang='lat' dir='ltr'>praemio,</span> 
     </span>
     <span class='ocr_line' id='line_1_6' title="bbox 317 729 1992 797; baseline -0.003 -15"><span class='ocrx_word' id='word_1_33' title='bbox 317 738 370 782; x_wconf 89' lang='lat' dir='ltr'>et</span> <span class='ocrx_word' id='word_1_34' title='bbox 403 730 684 797; x_wconf 83' lang='lat' dir='ltr'>perfectum</span> <span class='ocrx_word' id='word_1_35' title='bbox 727 729 789 778; x_wconf 91' lang='lat' dir='ltr'>iri</span> <span class='ocrx_word' id='word_1_36' title='bbox 834 729 980 779; x_wconf 89' lang='lat' dir='ltr'>huius</span> <span class='ocrx_word' id='word_1_37' title='bbox 1027 729 1239 794; x_wconf 89' lang='lat' dir='ltr'>hospitis</span> <span class='ocrx_word' id='word_1_38' title='bbox 1274 734 1415 795; x_wconf 81' lang='lat' dir='ltr'>grato</span> <span class='ocrx_word' id='word_1_39' title='bbox 1449 729 1611 778; x_wconf 86' lang='lat' dir='ltr'>animo</span> <span class='ocrx_word' id='word_1_40' title='bbox 1646 745 1770 795; x_wconf 90' lang='lat' dir='ltr'>opus</span> <span class='ocrx_word' id='word_1_41' title='bbox 1803 729 1992 796; x_wconf 85' lang='lat' dir='ltr'>Apolli-</span> 
     </span>
     <span class='ocr_line' id='line_1_7' title="bbox 313 809 1625 875; baseline -0.003 -13"><span class='ocrx_word' id='word_1_42' title='bbox 313 812 391 862; x_wconf 86' lang='lat' dir='ltr'>nis</span> <span class='ocrx_word' id='word_1_43' title='bbox 426 810 763 861; x_wconf 85' lang='lat' dir='ltr'>benevolentia</span> <span class='ocrx_word' id='word_1_44' title='bbox 797 809 1099 870; x_wconf 90' lang='lat' dir='ltr'>inchoatum,</span> <span class='ocrx_word' id='word_1_45' title='bbox 1133 810 1384 875; x_wconf 80' lang='lat' dir='ltr'>praesagit</span> <span class='ocrx_word' id='word_1_46' title='bbox 1418 809 1625 858; x_wconf 86' lang='lat' dir='ltr'>animus.</span> 
     </span>
    </p>

    <p class='ocr_par' dir='ltr' id='par_1_3' title="bbox 262 889 1992 3511">
     <span class='ocr_line' id='line_1_8' title="bbox 445 889 1991 954; baseline -0.001 -14"><span class='ocrx_word' id='word_1_47' title='bbox 445 891 661 954; x_wconf 76' lang='lat' dir='ltr'>Quartus</span> <span class='ocrx_word' id='word_1_48' title='bbox 696 894 833 938; x_wconf 70' lang='lat' dir='ltr'>actus</span> <span class='ocrx_word' id='word_1_49' title='bbox 869 889 1128 938; x_wconf 82' lang='lat' dir='ltr'>conficitur</span> <span class='ocrx_word' id='word_1_50' title='bbox 1162 889 1224 938; x_wconf 87' lang='lat' dir='ltr'>iis</span> <span class='ocrx_word' id='word_1_51' title='bbox 1259 891 1440 950; x_wconf 81' lang='lat' dir='ltr'>rebuS,</span> <span class='ocrx_word' id='word_1_52' title='bbox 1494 906 1619 953; x_wconf 89' lang='lat' dir='ltr'>quae</span> <span class='ocrx_word' id='word_1_53' title='bbox 1664 889 1797 939; x_wconf 90' lang='lat' dir='ltr'>inter</span> <span class='ocrx_word' id='word_1_54' title='bbox 1842 889 1991 938; x_wconf 86' lang='lat' dir='ltr'>funus</span> 
     </span>
     <span class='ocr_line' id='line_1_9' title="bbox 311 967 1990 1035; baseline -0.003 -13"><span class='ocrx_word' id='word_1_55' title='bbox 311 971 579 1023; x_wconf 84' lang='lat' dir='ltr'>Alcestidis</span> <span class='ocrx_word' id='word_1_56' title='bbox 612 974 836 1035; x_wconf 79' lang='lat' dir='ltr'>aguntur.</span> <span class='ocrx_word' id='word_1_57' title='bbox 905 967 970 1017; x_wconf 80' lang='lat' dir='ltr'>Et</span> <span class='ocrx_word' id='word_1_58' title='bbox 1014 969 1228 1033; x_wconf 91' lang='lat' dir='ltr'>primum</span> <span class='ocrx_word' id='word_1_59' title='bbox 1263 970 1458 1033; x_wconf 91' lang='lat' dir='ltr'>quidem</span> <span class='ocrx_word' id='word_1_60' title='bbox 1495 969 1616 1018; x_wconf 88' lang='lat' dir='ltr'>ultio</span> <span class='ocrx_word' id='word_1_61' title='bbox 1652 970 1892 1034; x_wconf 86' lang='lat' dir='ltr'>quaedam</span> <span class='ocrx_word' id='word_1_62' title='bbox 1929 968 1990 1017; x_wconf 91' lang='lat' dir='ltr'>ab</span> 
     </span>
     <span class='ocr_line' id='line_1_10' title="bbox 311 1048 1990 1114; baseline -0.001 -14"><span class='ocrx_word' id='word_1_63' title='bbox 311 1049 714 1100; x_wconf 88' lang='lat' dir='ltr'>interfectoribus</span> <span class='ocrx_word' id='word_1_64' title='bbox 748 1050 874 1098; x_wconf 89' lang='lat' dir='ltr'>illius</span> <span class='ocrx_word' id='word_1_65' title='bbox 909 1049 958 1098; x_wconf 92' lang='lat' dir='ltr'>in</span> <span class='ocrx_word' id='word_1_66' title='bbox 982 1048 1091 1113; x_wconf 92' lang='lat' dir='ltr'>ipso</span> <span class='ocrx_word' id='word_1_67' title='bbox 1118 1048 1309 1108; x_wconf 91' lang='lat' dir='ltr'>funere,</span> <span class='ocrx_word' id='word_1_68' title='bbox 1344 1056 1607 1114; x_wconf 84' lang='lat' dir='ltr'>praesente</span> <span class='ocrx_word' id='word_1_69' title='bbox 1630 1054 1856 1098; x_wconf 82' lang='lat' dir='ltr'>mortuae</span> <span class='ocrx_word' id='word_1_70' title='bbox 1879 1051 1990 1098; x_wconf 61' lang='lat' dir='ltr'>corss·</span> 
     </span>
     <span class='ocr_line' id='line_1_11' title="bbox 311 1129 1990 1197; baseline -0.001 -18"><span class='ocrx_word' id='word_1_71' title='bbox 311 1146 450 1197; x_wconf 89' lang='lat' dir='ltr'>pore,</span> <span class='ocrx_word' id='word_1_72' title='bbox 483 1129 692 1192; x_wconf 80' lang='lat' dir='ltr'>exigitur</span> <span class='ocrx_word' id='word_1_73' title='bbox 727 1134 776 1177; x_wconf 87' lang='lat' dir='ltr'>et</span> <span class='ocrx_word' id='word_1_74' title='bbox 806 1129 978 1177; x_wconf 89' lang='lat' dir='ltr'>merita</span> <span class='ocrx_word' id='word_1_75' title='bbox 1010 1144 1170 1193; x_wconf 88' lang='lat' dir='ltr'>poena</span> <span class='ocrx_word' id='word_1_76' title='bbox 1202 1129 1488 1179; x_wconf 84' lang='lat' dir='ltr'>afficiuntur</span> <span class='ocrx_word' id='word_1_77' title='bbox 1521 1129 1573 1190; x_wconf 91' lang='lat' dir='ltr'>ii,</span> <span class='ocrx_word' id='word_1_78' title='bbox 1609 1144 1815 1193; x_wconf 87' lang='lat' dir='ltr'>quorum</span> <span class='ocrx_word' id='word_1_79' title='bbox 1851 1129 1990 1194; x_wconf 84' lang='lat' dir='ltr'>igna-</span> 
     </span>
     <span class='ocr_line' id='line_1_12' title="bbox 308 1208 1992 1273; baseline -0.001 -13"><span class='ocrx_word' id='word_1_80' title='bbox 308 1211 389 1260; x_wconf 83' lang='lat' dir='ltr'>via</span> <span class='ocrx_word' id='word_1_81' title='bbox 437 1215 582 1273; x_wconf 88' lang='lat' dir='ltr'>atque</span> <span class='ocrx_word' id='word_1_82' title='bbox 627 1209 843 1272; x_wconf 84' lang='lat' dir='ltr'>nequitia</span> <span class='ocrx_word' id='word_1_83' title='bbox 887 1209 1075 1257; x_wconf 88' lang='lat' dir='ltr'>factum</span> <span class='ocrx_word' id='word_1_84' title='bbox 1124 1214 1232 1266; x_wconf 88' lang='lat' dir='ltr'>est,</span> <span class='ocrx_word' id='word_1_85' title='bbox 1296 1214 1352 1258; x_wconf 89' lang='lat' dir='ltr'>ut</span> <span class='ocrx_word' id='word_1_86' title='bbox 1396 1208 1776 1258; x_wconf 81' lang='lat' dir='ltr'>matrisfamilias</span> <span class='ocrx_word' id='word_1_87' title='bbox 1829 1214 1992 1258; x_wconf 87' lang='lat' dir='ltr'>morte</span> 
     </span>
     <span class='ocr_line' id='line_1_13' title="bbox 310 1287 1988 1354; baseline -0.002 -14"><span class='ocrx_word' id='word_1_88' title='bbox 310 1295 414 1340; x_wconf 89' lang='lat' dir='ltr'>tota</span> <span class='ocrx_word' id='word_1_89' title='bbox 459 1290 632 1338; x_wconf 87' lang='lat' dir='ltr'>domus</span> <span class='ocrx_word' id='word_1_90' title='bbox 681 1287 1080 1338; x_wconf 85' lang='lat' dir='ltr'>confunderetur.</span> <span class='ocrx_word' id='word_1_91' title='bbox 1146 1288 1346 1337; x_wconf 86' lang='lat' dir='ltr'>Etenim</span> <span class='ocrx_word' id='word_1_92' title='bbox 1396 1289 1674 1338; x_wconf 89' lang='lat' dir='ltr'>conditione</span> <span class='ocrx_word' id='word_1_93' title='bbox 1714 1289 1988 1354; x_wconf 87' lang='lat' dir='ltr'>proposita,</span> 
     </span>
     <span class='ocr_line' id='line_1_14' title="bbox 309 1368 1987 1435; baseline -0.002 -15"><span class='ocrx_word' id='word_1_94' title='bbox 309 1376 367 1420; x_wconf 92' lang='lat' dir='ltr'>ut</span> <span class='ocrx_word' id='word_1_95' title='bbox 398 1385 489 1435; x_wconf 91' lang='lat' dir='ltr'>pro</span> <span class='ocrx_word' id='word_1_96' title='bbox 523 1369 781 1418; x_wconf 82' lang='lat' dir='ltr'>universae</span> <span class='ocrx_word' id='word_1_97' title='bbox 813 1368 1026 1418; x_wconf 89' lang='lat' dir='ltr'>familiae</span> <span class='ocrx_word' id='word_1_98' title='bbox 1059 1368 1216 1417; x_wconf 89' lang='lat' dir='ltr'>salute</span> <span class='ocrx_word' id='word_1_99' title='bbox 1251 1368 1397 1418; x_wconf 91' lang='lat' dir='ltr'>morti</span> <span class='ocrx_word' id='word_1_100' title='bbox 1433 1384 1489 1418; x_wconf 91' lang='lat' dir='ltr'>se</span> <span class='ocrx_word' id='word_1_101' title='bbox 1523 1369 1729 1418; x_wconf 79' lang='lat' dir='ltr'>offerret</span> <span class='ocrx_word' id='word_1_102' title='bbox 1753 1368 1814 1431; x_wconf 84' lang='lat' dir='ltr'>is,</span> <span class='ocrx_word' id='word_1_103' title='bbox 1850 1369 1987 1417; x_wconf 89' lang='lat' dir='ltr'>cuius</span> 
     </span>
     <span class='ocr_line' id='line_1_15' title="bbox 308 1447 1988 1511; baseline -0.001 -13"><span class='ocrx_word' id='word_1_104' title='bbox 308 1450 360 1498; x_wconf 88' lang='lat' dir='ltr'>in</span> <span class='ocrx_word' id='word_1_105' title='bbox 406 1450 503 1498; x_wconf 87' lang='lat' dir='ltr'>vita</span> <span class='ocrx_word' id='word_1_106' title='bbox 551 1449 803 1498; x_wconf 89' lang='lat' dir='ltr'>minimum</span> <span class='ocrx_word' id='word_1_107' title='bbox 840 1452 976 1497; x_wconf 90' lang='lat' dir='ltr'>esset</span> <span class='ocrx_word' id='word_1_108' title='bbox 1009 1449 1072 1497; x_wconf 91' lang='lat' dir='ltr'>ad</span> <span class='ocrx_word' id='word_1_109' title='bbox 1109 1447 1396 1497; x_wconf 81' lang='lat' dir='ltr'>felicitatem</span> <span class='ocrx_word' id='word_1_110' title='bbox 1429 1448 1733 1511; x_wconf 89' lang='lat' dir='ltr'>reliquorum</span> <span class='ocrx_word' id='word_1_111' title='bbox 1766 1458 1988 1497; x_wconf 90' lang='lat' dir='ltr'>momen-</span> 
     </span>
     <span class='ocr_line' id='line_1_16' title="bbox 308 1527 1990 1594; baseline -0.002 -15"><span class='ocrx_word' id='word_1_112' title='bbox 308 1533 441 1590; x_wconf 85' lang='lat' dir='ltr'>tum,</span> <span class='ocrx_word' id='word_1_113' title='bbox 490 1529 703 1594; x_wconf 84' lang='lat' dir='ltr'>proximi</span> <span class='ocrx_word' id='word_1_114' title='bbox 736 1529 939 1577; x_wconf 90' lang='lat' dir='ltr'>fuerunt</span> <span class='ocrx_word' id='word_1_115' title='bbox 970 1528 1085 1577; x_wconf 91' lang='lat' dir='ltr'>huic</span> <span class='ocrx_word' id='word_1_116' title='bbox 1119 1528 1405 1577; x_wconf 87' lang='lat' dir='ltr'>necessitati</span> <span class='ocrx_word' id='word_1_117' title='bbox 1441 1527 1726 1578; x_wconf 87' lang='lat' dir='ltr'>subeundae</span> <span class='ocrx_word' id='word_1_118' title='bbox 1759 1532 1990 1592; x_wconf 89' lang='lat' dir='ltr'>parentes</span> 
     </span>
     <span class='ocr_line' id='line_1_17' title="bbox 306 1607 1988 1677; baseline -0.002 -18"><span class='ocrx_word' id='word_1_119' title='bbox 306 1609 589 1677; x_wconf 82' lang='lat' dir='ltr'>grandaevi,</span> <span class='ocrx_word' id='word_1_120' title='bbox 622 1609 674 1658; x_wconf 91' lang='lat' dir='ltr'>in</span> <span class='ocrx_word' id='word_1_121' title='bbox 707 1623 911 1672; x_wconf 91' lang='lat' dir='ltr'>quorum</span> <span class='ocrx_word' id='word_1_122' title='bbox 947 1623 1158 1673; x_wconf 86' lang='lat' dir='ltr'>persona</span> <span class='ocrx_word' id='word_1_123' title='bbox 1189 1607 1389 1657; x_wconf 88' lang='lat' dir='ltr'>minima</span> <span class='ocrx_word' id='word_1_124' title='bbox 1421 1623 1538 1674; x_wconf 88' lang='lat' dir='ltr'>pars</span> <span class='ocrx_word' id='word_1_125' title='bbox 1569 1607 1739 1657; x_wconf 88' lang='lat' dir='ltr'>salutis</span> <span class='ocrx_word' id='word_1_126' title='bbox 1763 1622 1988 1656; x_wconf 86' lang='lat' dir='ltr'>commu-</span> 
     </span>
     <span class='ocr_line' id='line_1_18' title="bbox 307 1687 1990 1752; baseline -0.002 -12"><span class='ocrx_word' id='word_1_127' title='bbox 307 1691 384 1740; x_wconf 89' lang='lat' dir='ltr'>nis</span> <span class='ocrx_word' id='word_1_128' title='bbox 417 1689 684 1749; x_wconf 83' lang='lat' dir='ltr'>niteretur,</span> <span class='ocrx_word' id='word_1_129' title='bbox 738 1688 1158 1738; x_wconf 86' lang='lat' dir='ltr'>administratione</span> <span class='ocrx_word' id='word_1_130' title='bbox 1195 1694 1245 1737; x_wconf 91' lang='lat' dir='ltr'>et</span> <span class='ocrx_word' id='word_1_131' title='bbox 1276 1690 1350 1738; x_wconf 92' lang='lat' dir='ltr'>rei</span> <span class='ocrx_word' id='word_1_132' title='bbox 1381 1688 1637 1738; x_wconf 87' lang='lat' dir='ltr'>familiaris</span> <span class='ocrx_word' id='word_1_133' title='bbox 1672 1693 1723 1737; x_wconf 88' lang='lat' dir='ltr'>et</span> <span class='ocrx_word' id='word_1_134' title='bbox 1755 1687 1895 1752; x_wconf 85' lang='lat' dir='ltr'>regni</span> <span class='ocrx_word' id='word_1_135' title='bbox 1928 1687 1990 1736; x_wconf 88' lang='lat' dir='ltr'>li-</span> 
     </span>
     <span class='ocr_line' id='line_1_19' title="bbox 306 1768 1986 1835; baseline -0.002 -15"><span class='ocrx_word' id='word_1_136' title='bbox 306 1771 439 1820; x_wconf 90' lang='lat' dir='ltr'>beris</span> <span class='ocrx_word' id='word_1_137' title='bbox 471 1769 680 1830; x_wconf 86' lang='lat' dir='ltr'>tradita,</span> <span class='ocrx_word' id='word_1_138' title='bbox 725 1775 829 1818; x_wconf 88' lang='lat' dir='ltr'>tum</span> <span class='ocrx_word' id='word_1_139' title='bbox 867 1770 1042 1833; x_wconf 89' lang='lat' dir='ltr'>quibus</span> <span class='ocrx_word' id='word_1_140' title='bbox 1075 1769 1266 1834; x_wconf 89' lang='lat' dir='ltr'>proprii</span> <span class='ocrx_word' id='word_1_141' title='bbox 1302 1769 1467 1818; x_wconf 85' lang='lat' dir='ltr'>auxilii</span> <span class='ocrx_word' id='word_1_142' title='bbox 1501 1768 1836 1835; x_wconf 86' lang='lat' dir='ltr'>praesidiique</span> <span class='ocrx_word' id='word_1_143' title='bbox 1870 1782 1986 1833; x_wconf 89' lang='lat' dir='ltr'>spes</span> 
     </span>
     <span class='ocr_line' id='line_1_20' title="bbox 305 1849 1987 1914; baseline -0.001 -15"><span class='ocrx_word' id='word_1_144' title='bbox 305 1850 438 1900; x_wconf 89' lang='lat' dir='ltr'>nulla</span> <span class='ocrx_word' id='word_1_145' title='bbox 471 1850 858 1914; x_wconf 88' lang='lat' dir='ltr'>relinqueretur,</span> <span class='ocrx_word' id='word_1_146' title='bbox 893 1850 1039 1897; x_wconf 89' lang='lat' dir='ltr'>unico</span> <span class='ocrx_word' id='word_1_147' title='bbox 1074 1849 1180 1897; x_wconf 89' lang='lat' dir='ltr'>filio</span> <span class='ocrx_word' id='word_1_148' title='bbox 1214 1849 1390 1898; x_wconf 86' lang='lat' dir='ltr'>iuvene</span> <span class='ocrx_word' id='word_1_149' title='bbox 1424 1849 1655 1914; x_wconf 87' lang='lat' dir='ltr'>privatis,</span> <span class='ocrx_word' id='word_1_150' title='bbox 1692 1853 1744 1898; x_wconf 91' lang='lat' dir='ltr'>et</span> <span class='ocrx_word' id='word_1_151' title='bbox 1777 1849 1862 1912; x_wconf 90' lang='lat' dir='ltr'>qui</span> <span class='ocrx_word' id='word_1_152' title='bbox 1894 1849 1987 1897; x_wconf 87' lang='lat' dir='ltr'>mi-</span> 
     </span>
     <span class='ocr_line' id='line_1_21' title="bbox 306 1927 1985 1989; baseline 0.001 -11"><span class='ocrx_word' id='word_1_153' title='bbox 306 1930 439 1979; x_wconf 90' lang='lat' dir='ltr'>nimo</span> <span class='ocrx_word' id='word_1_154' title='bbox 473 1931 646 1978; x_wconf 88' lang='lat' dir='ltr'>aetatis</span> <span class='ocrx_word' id='word_1_155' title='bbox 683 1928 847 1978; x_wconf 87' lang='lat' dir='ltr'>fructu</span> <span class='ocrx_word' id='word_1_156' title='bbox 881 1927 1245 1989; x_wconf 82' lang='lat' dir='ltr'>fraudarentur,</span> <span class='ocrx_word' id='word_1_157' title='bbox 1280 1930 1331 1978; x_wconf 89' lang='lat' dir='ltr'>in</span> <span class='ocrx_word' id='word_1_158' title='bbox 1357 1929 1525 1978; x_wconf 87' lang='lat' dir='ltr'>limine</span> <span class='ocrx_word' id='word_1_159' title='bbox 1550 1929 1683 1978; x_wconf 82' lang='lat' dir='ltr'>vitae</span> <span class='ocrx_word' id='word_1_160' title='bbox 1711 1928 1985 1979; x_wconf 89' lang='lat' dir='ltr'>constituti.</span> 
     </span>
     <span class='ocr_line' id='line_1_22' title="bbox 307 2008 1986 2072; baseline -0.001 -14"><span class='ocrx_word' id='word_1_161' title='bbox 307 2009 499 2072; x_wconf 79' lang='lat' dir='ltr'>Quibus</span> <span class='ocrx_word' id='word_1_162' title='bbox 546 2009 765 2058; x_wconf 88' lang='lat' dir='ltr'>officium</span> <span class='ocrx_word' id='word_1_163' title='bbox 811 2009 1184 2068; x_wconf 84' lang='lat' dir='ltr'>deserentibus,</span> <span class='ocrx_word' id='word_1_164' title='bbox 1247 2008 1463 2058; x_wconf 90' lang='lat' dir='ltr'>Alcestis</span> <span class='ocrx_word' id='word_1_165' title='bbox 1509 2024 1607 2056; x_wconf 92' lang='lat' dir='ltr'>non</span> <span class='ocrx_word' id='word_1_166' title='bbox 1650 2022 1741 2072; x_wconf 87' lang='lat' dir='ltr'>pro</span> <span class='ocrx_word' id='word_1_167' title='bbox 1788 2008 1986 2069; x_wconf 89' lang='lat' dir='ltr'>marito,</span> 
     </span>
     <span class='ocr_line' id='line_1_23' title="bbox 307 2087 1987 2154; baseline -0.001 -16"><span class='ocrx_word' id='word_1_168' title='bbox 307 2090 398 2138; x_wconf 89' lang='lat' dir='ltr'>sed</span> <span class='ocrx_word' id='word_1_169' title='bbox 432 2105 523 2154; x_wconf 90' lang='lat' dir='ltr'>pro</span> <span class='ocrx_word' id='word_1_170' title='bbox 556 2089 847 2153; x_wconf 87' lang='lat' dir='ltr'>parentibus</span> <span class='ocrx_word' id='word_1_171' title='bbox 881 2089 1044 2137; x_wconf 90' lang='lat' dir='ltr'>mariti</span> <span class='ocrx_word' id='word_1_172' title='bbox 1076 2089 1389 2151; x_wconf 88' lang='lat' dir='ltr'>nequissimis</span> <span class='ocrx_word' id='word_1_173' title='bbox 1423 2093 1635 2137; x_wconf 91' lang='lat' dir='ltr'>mortem</span> <span class='ocrx_word' id='word_1_174' title='bbox 1671 2088 1863 2150; x_wconf 91' lang='lat' dir='ltr'>obisse,</span> <span class='ocrx_word' id='word_1_175' title='bbox 1909 2087 1987 2137; x_wconf 81' lang='lat' dir='ltr'>vel</span> 
     </span>
     <span class='ocr_line' id='line_1_24' title="bbox 305 2167 1985 2234; baseline 0.001 -17"><span class='ocrx_word' id='word_1_176' title='bbox 305 2168 473 2234; x_wconf 90' lang='lat' dir='ltr'>potius</span> <span class='ocrx_word' id='word_1_177' title='bbox 524 2167 715 2216; x_wconf 85' lang='lat' dir='ltr'>nefario</span> <span class='ocrx_word' id='word_1_178' title='bbox 750 2168 941 2216; x_wconf 87' lang='lat' dir='ltr'>scelere</span> <span class='ocrx_word' id='word_1_179' title='bbox 976 2168 1035 2216; x_wconf 90' lang='lat' dir='ltr'>ab</span> <span class='ocrx_word' id='word_1_180' title='bbox 1069 2168 1146 2216; x_wconf 87' lang='lat' dir='ltr'>his</span> <span class='ocrx_word' id='word_1_181' title='bbox 1181 2167 1441 2217; x_wconf 86' lang='lat' dir='ltr'>interfecta</span> <span class='ocrx_word' id='word_1_182' title='bbox 1475 2183 1588 2217; x_wconf 88' lang='lat' dir='ltr'>esse</span> <span class='ocrx_word' id='word_1_183' title='bbox 1619 2167 1829 2217; x_wconf 89' lang='lat' dir='ltr'>videtur.</span> <span class='ocrx_word' id='word_1_184' title='bbox 1899 2169 1985 2218; x_wconf 86' lang='lat' dir='ltr'>At-</span> 
     </span>
     <span class='ocr_line' id='line_1_25' title="bbox 305 2246 1985 2313; baseline 0 -17"><span class='ocrx_word' id='word_1_185' title='bbox 305 2248 390 2313; x_wconf 90' lang='lat' dir='ltr'>qui</span> <span class='ocrx_word' id='word_1_186' title='bbox 442 2247 678 2312; x_wconf 90' lang='lat' dir='ltr'>pietatem</span> <span class='ocrx_word' id='word_1_187' title='bbox 724 2246 926 2296; x_wconf 91' lang='lat' dir='ltr'>Admeti</span> <span class='ocrx_word' id='word_1_188' title='bbox 967 2262 1064 2296; x_wconf 92' lang='lat' dir='ltr'>non</span> <span class='ocrx_word' id='word_1_189' title='bbox 1109 2248 1270 2295; x_wconf 88' lang='lat' dir='ltr'>minus</span> <span class='ocrx_word' id='word_1_190' title='bbox 1316 2253 1576 2313; x_wconf 69' lang='lat' dir='ltr'>parentes,</span> <span class='ocrx_word' id='word_1_191' title='bbox 1621 2263 1766 2312; x_wconf 91' lang='lat' dir='ltr'>quam</span> <span class='ocrx_word' id='word_1_192' title='bbox 1809 2247 1985 2312; x_wconf 89' lang='lat' dir='ltr'>reliqui</span> 
     </span>
     <span class='ocr_line' id='line_1_26' title="bbox 306 2327 1985 2392; baseline -0.001 -15"><span class='ocrx_word' id='word_1_193' title='bbox 306 2327 416 2377; x_wconf 89' lang='lat' dir='ltr'>eius</span> <span class='ocrx_word' id='word_1_194' title='bbox 450 2327 596 2375; x_wconf 89' lang='lat' dir='ltr'>amici</span> <span class='ocrx_word' id='word_1_195' title='bbox 629 2328 1027 2392; x_wconf 82' lang='lat' dir='ltr'>necessariique,</span> <span class='ocrx_word' id='word_1_196' title='bbox 1076 2327 1269 2392; x_wconf 85' lang='lat' dir='ltr'>experti</span> <span class='ocrx_word' id='word_1_197' title='bbox 1304 2331 1472 2389; x_wconf 90' lang='lat' dir='ltr'>erant,</span> <span class='ocrx_word' id='word_1_198' title='bbox 1516 2344 1608 2392; x_wconf 88' lang='lat' dir='ltr'>per</span> <span class='ocrx_word' id='word_1_199' title='bbox 1642 2328 1837 2391; x_wconf 83' lang='lat' dir='ltr'>longum</span> <span class='ocrx_word' id='word_1_200' title='bbox 1872 2343 1985 2392; x_wconf 83' lang='lat' dir='ltr'>spa-</span> 
     </span>
     <span class='ocr_line' id='line_1_27' title="bbox 304 2406 1984 2471; baseline 0 -15"><span class='ocrx_word' id='word_1_201' title='bbox 304 2408 431 2457; x_wconf 91' lang='lat' dir='ltr'>tium</span> <span class='ocrx_word' id='word_1_202' title='bbox 466 2408 736 2456; x_wconf 86' lang='lat' dir='ltr'>senectutis</span> <span class='ocrx_word' id='word_1_203' title='bbox 769 2407 852 2471; x_wconf 89' lang='lat' dir='ltr'>pie</span> <span class='ocrx_word' id='word_1_204' title='bbox 888 2407 1038 2468; x_wconf 87' lang='lat' dir='ltr'>culti,</span> <span class='ocrx_word' id='word_1_205' title='bbox 1074 2408 1335 2456; x_wconf 88' lang='lat' dir='ltr'>sustentati</span> <span class='ocrx_word' id='word_1_206' title='bbox 1369 2413 1420 2456; x_wconf 89' lang='lat' dir='ltr'>et</span> <span class='ocrx_word' id='word_1_207' title='bbox 1453 2408 1514 2455; x_wconf 90' lang='lat' dir='ltr'>ab</span> <span class='ocrx_word' id='word_1_208' title='bbox 1547 2407 1737 2457; x_wconf 90' lang='lat' dir='ltr'>iniuriis</span> <span class='ocrx_word' id='word_1_209' title='bbox 1773 2406 1984 2456; x_wconf 85' lang='lat' dir='ltr'>defensi.</span> 
     </span>
     <span class='ocr_line' id='line_1_28' title="bbox 305 2487 1986 2551; baseline 0.002 -17"><span class='ocrx_word' id='word_1_210' title='bbox 305 2487 494 2550; x_wconf 79' lang='lat' dir='ltr'>Quibus</span> <span class='ocrx_word' id='word_1_211' title='bbox 529 2487 784 2536; x_wconf 89' lang='lat' dir='ltr'>beneficiis</span> <span class='ocrx_word' id='word_1_212' title='bbox 817 2487 1073 2551; x_wconf 80' lang='lat' dir='ltr'>neglectiS,</span> <span class='ocrx_word' id='word_1_213' title='bbox 1109 2503 1260 2550; x_wconf 88' lang='lat' dir='ltr'>quum</span> <span class='ocrx_word' id='word_1_214' title='bbox 1294 2487 1422 2548; x_wconf 88' lang='lat' dir='ltr'>filio,</span> <span class='ocrx_word' id='word_1_215' title='bbox 1459 2487 1597 2536; x_wconf 87' lang='lat' dir='ltr'>cuius</span> <span class='ocrx_word' id='word_1_216' title='bbox 1630 2487 1788 2536; x_wconf 87' lang='lat' dir='ltr'>tutela</span> <span class='ocrx_word' id='word_1_217' title='bbox 1822 2489 1986 2537; x_wconf 89' lang='lat' dir='ltr'>securi</span> 
     </span>
     <span class='ocr_line' id='line_1_29' title="bbox 305 2547 1984 2632; baseline -0.001 -15"><span class='ocrx_word' id='word_1_218' title='bbox 305 2573 470 2629; x_wconf 87' lang='lat' dir='ltr'>erant,</span> <span class='ocrx_word' id='word_1_219' title='bbox 519 2584 574 2617; x_wconf 89' lang='lat' dir='ltr'>se</span> <span class='ocrx_word' id='word_1_220' title='bbox 607 2547 790 2632; x_wconf 55' lang='lat' dir='ltr'>privari</span> <span class='ocrx_word' id='word_1_221' title='bbox 833 2566 932 2631; x_wconf 89' lang='lat' dir='ltr'>ipsi</span> <span class='ocrx_word' id='word_1_222' title='bbox 974 2567 1242 2628; x_wconf 84' lang='lat' dir='ltr'>voluerint,</span> <span class='ocrx_word' id='word_1_223' title='bbox 1288 2567 1394 2616; x_wconf 91' lang='lat' dir='ltr'>iure</span> <span class='ocrx_word' id='word_1_224' title='bbox 1428 2583 1486 2616; x_wconf 91' lang='lat' dir='ltr'>ac</span> <span class='ocrx_word' id='word_1_225' title='bbox 1519 2568 1838 2632; x_wconf 84' lang='lat' dir='ltr'>possessione</span> <span class='ocrx_word' id='word_1_226' title='bbox 1895 2584 1984 2617; x_wconf 88' lang='lat' dir='ltr'>sua</span> 
     </span>
     <span class='ocr_line' id='line_1_30' title="bbox 303 2647 1981 2712; baseline -0.001 -14"><span class='ocrx_word' id='word_1_227' title='bbox 303 2647 434 2698; x_wconf 86' lang='lat' dir='ltr'>ultro</span> <span class='ocrx_word' id='word_1_228' title='bbox 482 2653 755 2698; x_wconf 89' lang='lat' dir='ltr'>cesserunt.</span> <span class='ocrx_word' id='word_1_229' title='bbox 824 2647 999 2711; x_wconf 89' lang='lat' dir='ltr'>Neque</span> <span class='ocrx_word' id='word_1_230' title='bbox 1044 2648 1174 2696; x_wconf 90' lang='lat' dir='ltr'>enim</span> <span class='ocrx_word' id='word_1_231' title='bbox 1219 2647 1460 2696; x_wconf 86' lang='lat' dir='ltr'>Admetus</span> <span class='ocrx_word' id='word_1_232' title='bbox 1494 2648 1705 2712; x_wconf 88' lang='lat' dir='ltr'>amplius</span> <span class='ocrx_word' id='word_1_233' title='bbox 1751 2647 1981 2708; x_wconf 81' lang='lat' dir='ltr'>vivit&#39;iis‚</span> 
     </span>
     <span class='ocr_line' id='line_1_31' title="bbox 303 2727 1982 2791; baseline 0 -15"><span class='ocrx_word' id='word_1_234' title='bbox 303 2743 515 2791; x_wconf 91' lang='lat' dir='ltr'>quorum</span> <span class='ocrx_word' id='word_1_235' title='bbox 549 2727 801 2777; x_wconf 86' lang='lat' dir='ltr'>voluntate</span> <span class='ocrx_word' id='word_1_236' title='bbox 834 2732 1061 2777; x_wconf 91' lang='lat' dir='ltr'>mortuus</span> <span class='ocrx_word' id='word_1_237' title='bbox 1096 2732 1188 2788; x_wconf 91' lang='lat' dir='ltr'>est,</span> <span class='ocrx_word' id='word_1_238' title='bbox 1224 2743 1384 2790; x_wconf 90' lang='lat' dir='ltr'>neque</span> <span class='ocrx_word' id='word_1_239' title='bbox 1419 2728 1684 2790; x_wconf 88' lang='lat' dir='ltr'>quidquam</span> <span class='ocrx_word' id='word_1_240' title='bbox 1715 2727 1868 2776; x_wconf 86' lang='lat' dir='ltr'>officii</span> <span class='ocrx_word' id='word_1_241' title='bbox 1893 2727 1982 2776; x_wconf 92' lang='lat' dir='ltr'>de-</span> 
     </span>
     <span class='ocr_line' id='line_1_32' title="bbox 301 2807 1979 2873; baseline 0 -18"><span class='ocrx_word' id='word_1_242' title='bbox 301 2808 388 2856; x_wconf 87' lang='lat' dir='ltr'>bet</span> <span class='ocrx_word' id='word_1_243' title='bbox 419 2808 497 2868; x_wconf 92' lang='lat' dir='ltr'>iis,</span> <span class='ocrx_word' id='word_1_244' title='bbox 533 2807 616 2871; x_wconf 92' lang='lat' dir='ltr'>qui</span> <span class='ocrx_word' id='word_1_245' title='bbox 650 2808 816 2857; x_wconf 86' lang='lat' dir='ltr'>vivere</span> <span class='ocrx_word' id='word_1_246' title='bbox 851 2825 964 2857; x_wconf 91' lang='lat' dir='ltr'>cum</span> <span class='ocrx_word' id='word_1_247' title='bbox 998 2807 1305 2873; x_wconf 84' lang='lat' dir='ltr'>turpitudine</span> <span class='ocrx_word' id='word_1_248' title='bbox 1338 2812 1488 2871; x_wconf 85' lang='lat' dir='ltr'>atque</span> <span class='ocrx_word' id='word_1_249' title='bbox 1520 2808 1799 2873; x_wconf 85' lang='lat' dir='ltr'>ignominia,</span> <span class='ocrx_word' id='word_1_250' title='bbox 1836 2823 1979 2872; x_wconf 89' lang='lat' dir='ltr'>quam</span> 
     </span>
     <span class='ocr_line' id='line_1_33' title="bbox 302 2886 1982 2949; baseline 0.002 -14"><span class='ocrx_word' id='word_1_251' title='bbox 302 2886 474 2947; x_wconf 89' lang='lat' dir='ltr'>filium,</span> <span class='ocrx_word' id='word_1_252' title='bbox 511 2888 685 2936; x_wconf 89' lang='lat' dir='ltr'>domus</span> <span class='ocrx_word' id='word_1_253' title='bbox 721 2888 1017 2949; x_wconf 86' lang='lat' dir='ltr'>columnam,</span> <span class='ocrx_word' id='word_1_254' title='bbox 1053 2903 1251 2937; x_wconf 88' lang='lat' dir='ltr'>servare</span> <span class='ocrx_word' id='word_1_255' title='bbox 1274 2888 1569 2938; x_wconf 87' lang='lat' dir='ltr'>maluerunt.</span> <span class='ocrx_word' id='word_1_256' title='bbox 1636 2887 1775 2936; x_wconf 88' lang='lat' dir='ltr'>Haec</span> <span class='ocrx_word' id='word_1_257' title='bbox 1799 2887 1982 2938; x_wconf 84' lang='lat' dir='ltr'>Adme-</span> 
     </span>
     <span class='ocr_line' id='line_1_34' title="bbox 262 2966 1980 3033; baseline 0.001 -19"><span class='ocrx_word' id='word_1_258' title='bbox 262 2980 269 2991; x_wconf 77' lang='grc'><em>’</em></span> <span class='ocrx_word' id='word_1_259' title='bbox 301 2970 383 3015; x_wconf 92' lang='lat' dir='ltr'>tus</span> <span class='ocrx_word' id='word_1_260' title='bbox 419 2968 685 3031; x_wconf 82' lang='lat' dir='ltr'>exprobrat</span> <span class='ocrx_word' id='word_1_261' title='bbox 718 2968 849 3032; x_wconf 85' lang='lat' dir='ltr'>patri</span> <span class='ocrx_word' id='word_1_262' title='bbox 882 2969 945 3017; x_wconf 89' lang='lat' dir='ltr'>ad</span> <span class='ocrx_word' id='word_1_263' title='bbox 980 2983 1160 3033; x_wconf 89' lang='lat' dir='ltr'>corpus</span> <span class='ocrx_word' id='word_1_264' title='bbox 1194 2972 1445 3029; x_wconf 89' lang='lat' dir='ltr'>mortuae,</span> <span class='ocrx_word' id='word_1_265' title='bbox 1480 2967 1598 3016; x_wconf 91' lang='lat' dir='ltr'>dum</span> <span class='ocrx_word' id='word_1_266' title='bbox 1633 2966 1871 3029; x_wconf 84' lang='lat' dir='ltr'>effertur,</span> <span class='ocrx_word' id='word_1_267' title='bbox 1906 2969 1980 3016; x_wconf 89' lang='lat' dir='ltr'>in-</span> 
     </span>
     <span class='ocr_line' id='line_1_35' title="bbox 302 3045 1979 3110; baseline 0.002 -17"><span class='ocrx_word' id='word_1_268' title='bbox 302 3045 430 3110; x_wconf 80' lang='lat' dir='ltr'>signi</span> <span class='ocrx_word' id='word_1_269' title='bbox 464 3061 578 3094; x_wconf 93' lang='lat' dir='ltr'>cum</span> <span class='ocrx_word' id='word_1_270' title='bbox 611 3047 912 3110; x_wconf 88' lang='lat' dir='ltr'>impudentia</span> <span class='ocrx_word' id='word_1_271' title='bbox 945 3048 1203 3097; x_wconf 88' lang='lat' dir='ltr'>accedenti</span> <span class='ocrx_word' id='word_1_272' title='bbox 1227 3064 1285 3096; x_wconf 90' lang='lat' dir='ltr'>ac</span> <span class='ocrx_word' id='word_1_273' title='bbox 1312 3048 1440 3096; x_wconf 89' lang='lat' dir='ltr'>dona</span> <span class='ocrx_word' id='word_1_274' title='bbox 1463 3051 1847 3110; x_wconf 85' lang='lat' dir='ltr'>ornamentaque</span> <span class='ocrx_word' id='word_1_275' title='bbox 1869 3063 1979 3096; x_wconf 90' lang='lat' dir='ltr'>cum</span> 
     </span>
     <span class='ocr_line' id='line_1_36' title="bbox 301 3126 1978 3193; baseline 0 -17"><span class='ocrx_word' id='word_1_276' title='bbox 301 3126 622 3176; x_wconf 87' lang='lat' dir='ltr'>honestorum</span> <span class='ocrx_word' id='word_1_277' title='bbox 657 3128 919 3176; x_wconf 87' lang='lat' dir='ltr'>verborum</span> <span class='ocrx_word' id='word_1_278' title='bbox 952 3143 1134 3193; x_wconf 87' lang='lat' dir='ltr'>pompa</span> <span class='ocrx_word' id='word_1_279' title='bbox 1166 3128 1418 3186; x_wconf 85' lang='lat' dir='ltr'>afferenti,</span> <span class='ocrx_word' id='word_1_280' title='bbox 1453 3126 1627 3190; x_wconf 89' lang='lat' dir='ltr'>quibus</span> <span class='ocrx_word' id='word_1_281' title='bbox 1662 3126 1785 3176; x_wconf 82' lang='lat' dir='ltr'>facti</span> <span class='ocrx_word' id='word_1_282' title='bbox 1819 3128 1978 3193; x_wconf 91' lang='lat' dir='ltr'>turpi-</span> 
     </span>
     <span class='ocr_line' id='line_1_37' title="bbox 301 3206 1979 3276; baseline 0 -20"><span class='ocrx_word' id='word_1_283' title='bbox 301 3206 520 3256; x_wconf 85' lang='lat' dir='ltr'>tudinem</span> <span class='ocrx_word' id='word_1_284' title='bbox 545 3221 759 3269; x_wconf 84' lang='lat' dir='ltr'>purgare</span> <span class='ocrx_word' id='word_1_285' title='bbox 784 3212 1003 3257; x_wconf 88' lang='lat' dir='ltr'>conatur.</span> <span class='ocrx_word' id='word_1_286' title='bbox 1063 3208 1299 3276; x_wconf 75' lang='lat' dir='ltr'>Caussam</span> <span class='ocrx_word' id='word_1_287' title='bbox 1323 3207 1513 3256; x_wconf 88' lang='lat' dir='ltr'>Pheres</span> <span class='ocrx_word' id='word_1_288' title='bbox 1535 3206 1758 3255; x_wconf 83' lang='lat' dir='ltr'>defendit</span> <span class='ocrx_word' id='word_1_289' title='bbox 1787 3207 1979 3257; x_wconf 90' lang='lat' dir='ltr'>duobus</span> 
     </span>
     <span class='ocr_line' id='line_1_38' title="bbox 303 3285 1977 3352; baseline -0.001 -17"><span class='ocrx_word' id='word_1_290' title='bbox 303 3286 621 3352; x_wconf 76' lang='lat' dir='ltr'>argumentiS,</span> <span class='ocrx_word' id='word_1_291' title='bbox 657 3285 777 3334; x_wconf 87' lang='lat' dir='ltr'>satis</span> <span class='ocrx_word' id='word_1_292' title='bbox 812 3286 1054 3337; x_wconf 87' lang='lat' dir='ltr'>infirmis:</span> <span class='ocrx_word' id='word_1_293' title='bbox 1091 3289 1225 3338; x_wconf 87' lang='lat' dir='ltr'>nulla</span> <span class='ocrx_word' id='word_1_294' title='bbox 1258 3289 1369 3352; x_wconf 83' lang='lat' dir='ltr'>lege</span> <span class='ocrx_word' id='word_1_295' title='bbox 1401 3291 1568 3350; x_wconf 87' lang='lat' dir='ltr'>patres</span> <span class='ocrx_word' id='word_1_296' title='bbox 1591 3301 1681 3352; x_wconf 91' lang='lat' dir='ltr'>pro</span> <span class='ocrx_word' id='word_1_297' title='bbox 1707 3286 1823 3335; x_wconf 89' lang='lat' dir='ltr'>filiis</span> <span class='ocrx_word' id='word_1_298' title='bbox 1844 3302 1977 3336; x_wconf 91' lang='lat' dir='ltr'>mor-</span> 
     </span>
     <span class='ocr_line' id='line_1_39' title="bbox 302 3365 1976 3431; baseline 0 -16"><span class='ocrx_word' id='word_1_299' title='bbox 302 3370 405 3415; x_wconf 90' lang='lat' dir='ltr'>tem</span> <span class='ocrx_word' id='word_1_300' title='bbox 439 3366 575 3415; x_wconf 90' lang='lat' dir='ltr'>obire</span> <span class='ocrx_word' id='word_1_301' title='bbox 608 3365 795 3426; x_wconf 81' lang='lat' dir='ltr'>iuberi3</span> <span class='ocrx_word' id='word_1_302' title='bbox 840 3367 1042 3431; x_wconf 90' lang='lat' dir='ltr'>reliquis</span> <span class='ocrx_word' id='word_1_303' title='bbox 1089 3368 1301 3427; x_wconf 82' lang='lat' dir='ltr'>officiis,</span> <span class='ocrx_word' id='word_1_304' title='bbox 1350 3382 1476 3431; x_wconf 88' lang='lat' dir='ltr'>quae</span> <span class='ocrx_word' id='word_1_305' title='bbox 1510 3366 1719 3415; x_wconf 88' lang='lat' dir='ltr'>civitatis</span> <span class='ocrx_word' id='word_1_306' title='bbox 1754 3367 1976 3416; x_wconf 88' lang='lat' dir='ltr'>instituto</span> 
     </span>
     <span class='ocr_line' id='line_1_40' title="bbox 301 3445 1977 3511; baseline 0.001 -17"><span class='ocrx_word' id='word_1_307' title='bbox 301 3446 714 3511; x_wconf 89' lang='lat' dir='ltr'>praescribantur,</span> <span class='ocrx_word' id='word_1_308' title='bbox 750 3461 777 3496; x_wconf 88' lang='lat' dir='ltr'>a</span> <span class='ocrx_word' id='word_1_309' title='bbox 807 3461 863 3496; x_wconf 86' lang='lat' dir='ltr'>se</span> <span class='ocrx_word' id='word_1_310' title='bbox 889 3448 1115 3498; x_wconf 90' lang='lat' dir='ltr'>omnibus</span> <span class='ocrx_word' id='word_1_311' title='bbox 1140 3447 1449 3498; x_wconf 87' lang='lat' dir='ltr'>satisfactum</span> <span class='ocrx_word' id='word_1_312' title='bbox 1472 3461 1599 3498; x_wconf 88' lang='lat' dir='ltr'>esse.</span> <span class='ocrx_word' id='word_1_313' title='bbox 1670 3445 1802 3496; x_wconf 86' lang='lat' dir='ltr'>Tum</span> <span class='ocrx_word' id='word_1_314' title='bbox 1829 3446 1977 3497; x_wconf 86' lang='lat' dir='ltr'>vitam</span> 
     </span>
    </p>
   </div>
  </div>
 </body>
</html>
