2176 3874
969 285 1093 346 517

175 453 294 488 nem
326 440 565 503 reputans
594 434 919 500 iniiciturque
953 436 1001 484 ei
1022 435 1281 498 dubitatio,
1315 435 1470 487 ulline
1498 435 1570 485 dii
1595 435 1877 487 mortalium

177 518 487 569 calamitates
523 517 825 581 respiciant,
873 531 941 564 an
971 515 1202 566 fortunae
1246 511 1452 565 arbitrio
1488 517 1652 566 omnia
1684 522 1880 566 temere

176 598 423 648 accidant.
491 597 699 646 Hecuba
742 602 908 646 autem
943 603 1213 661 conspecto
1245 613 1529 662 praecone,
1577 614 1634 646 se
1678 613 1880 662 quoque

174 679 239 729 ad
281 683 499 728 mortem
545 677 606 725 ab
655 694 717 727 eo
763 677 1030 727 abductum
1079 677 1140 724 iri
1176 693 1417 742 sperans,
1469 677 1646 726 alacris
1697 677 1876 742 surgit,

175 760 318 826 quasi
363 760 497 808 laeto
541 758 717 807 nuntio
750 761 991 807 recreata.
1061 755 1302 820 Sequitur
1335 757 1518 806 deinde
1551 758 1877 822 praestantis-

146 838 302 889 ‘sima
349 839 593 899 narratio,
643 838 783 886 cuius
837 836 1076 900 quasdam
1120 844 1291 900 partes
1327 839 1377 886 in
1411 839 1680 888 Lucretiae
1713 841 1878 887 morte

173 919 507 970 describenda
543 918 750 970 Ovidius
781 918 1000 967 imitatus
1038 921 1131 967 est.
1202 916 1298 967 vix
1317 919 1576 982 quisquam
1612 925 1876 983 poetarum

171 1017 464 1066 graecorum
510 998 794 1066 virginalem
851 999 1149 1048 modestiam
1211 1003 1363 1062 atque
1414 999 1708 1064 pudicitiam
1757 1014 1876 1048 con-

171 1083 388 1132 iunctam
447 1096 560 1130 cum
621 1093 896 1143 generosae
954 1080 1136 1128 indolis
1192 1084 1243 1129 et
1290 1079 1534 1146 ingenuae
1578 1079 1878 1143 disciplinae

171 1161 476 1228 praestantia
508 1158 674 1208 verius
709 1157 1003 1223 digniusque
1034 1164 1332 1223 persecutus
1367 1165 1461 1220 est,
1497 1176 1645 1223 quam
1673 1159 1876 1224 Euripi-

173 1243 292 1303 des,
339 1241 422 1306 qui
469 1244 691 1304 putatur*
716 1238 876 1287 fuisse
921 1239 1186 1288 mulierum
1235 1241 1537 1289 criminator.
1607 1240 1753 1290 Solus
1788 1239 1876 1289 ille

169 1321 434 1372 mollitiem
482 1335 595 1368 cum
641 1318 918 1367 constantia
964 1324 1018 1368 et
1063 1322 1383 1370 teneritatem
1429 1336 1541 1369 cum
1575 1319 1877 1369 fortitudine

171 1401 478 1452 consociavit
512 1403 564 1449 et
599 1399 816 1464 propriis
851 1398 1038 1463 ubique
1073 1401 1226 1450 animi
1260 1402 1543 1461 affectibus,
1579 1416 1678 1450 non
1711 1404 1874 1449 trans-

168 1483 284 1532 latis
311 1499 342 1532 a
365 1481 583 1530 virorum
608 1485 799 1540 natura,
844 1484 1120 1530 commotas
1156 1481 1368 1532 feminas
1391 1481 1634 1530 exhibuit.
1702 1480 1878 1530 Insunt

170 1568 340 1613 autem
371 1561 489 1610 huic
522 1560 786 1609 narrationi
820 1575 987 1624 quae,⁴
1025 1562 1223 1611 etiamsi
1257 1579 1355 1612 uon
1389 1563 1490 1611 sint
1522 1563 1685 1611 verbis
1720 1577 1874 1626 expo-

169 1643 285 1703 sita,
319 1646 485 1691 tamen
518 1641 812 1690 sentiantur.
879 1639 1097 1691 Videtur
1143 1644 1274 1692 enim
1308 1643 1530 1694 Achilles
1573 1643 1686 1707 ipse
1727 1658 1876 1707 prae-

169 1739 287 1773 sens
321 1737 554 1787 sponsam
589 1721 776 1770 virtute
811 1737 899 1770 sua
931 1722 1187 1786 gloriaque
1238 1724 1433 1790 dignam
1469 1724 1532 1772 ad
1565 1722 1753 1772 inferos
1790 1739 1874 1772 se-

167 1819 283 1853 cum
345 1802 612 1855 abducere.
708 1801 946 1865 Cogitare
1006 1802 1135 1852 haec
1192 1808 1246 1854 et
1304 1804 1493 1854 sentire
1546 1805 1719 1869 virgo,
1782 1803 1874 1852 sed

165 1883 452 1933 verecunde
474 1883 641 1932 celare
665 1882 880 1933 videtur.
949 1882 1128 1948 Neque
1152 1885 1317 1934 subito
1342 1884 1508 1932 innata
1528 1890 1609 1933 est
1633 1885 1684 1933 in
1710 1884 1875 1933 animo

165 1964 366 2028 virginis
401 1963 487 2012 illa
520 1965 668 2013 animi
701 1963 912 2013 altitudo
948 1967 1001 2013 et
1032 1981 1202 2014 rerum
1227 1965 1557 2015 humanarum
1591 1964 1874 2030 despicien-

167 2044 270 2105 tia,
315 2042 408 2093 sed
443 2059 594 2108 quum
627 2044 824 2108 pridem
867 2044 974 2093 viro
1010 2046 1192 2094 eximio
1227 2046 1477 2110 desponsa
1511 2045 1725 2106 fuisset,
1775 2061 1875 2094 non

165 2124 328 2190 potuit
361 2139 460 2173 non
493 2125 644 2172 animi
678 2124 1006 2189 cogitationes
1042 2125 1106 2174 ad
1139 2126 1427 2174 imitandam
1453 2126 1585 2174 illius
1619 2126 1875 2187 virtutem,

166 2209 408 2269 quatenus
444 2205 495 2253 in
530 2205 827 2253 muliebrem
864 2206 1001 2254 cadit
1034 2210 1279 2267 naturam,
1316 2206 1551 2270 dirigere.
1620 2204 1744 2254 Inde
1776 2220 1874 2254 non

164 2289 244 2346 est
277 2284 590 2345 mirandum,
638 2285 770 2348 quod
817 2285 1076 2335 servitudo
1123 2287 1284 2336 multo
1330 2287 1433 2349 ini,
1485 2302 1633 2350 quam
1668 2286 1874 2350 reliquis

164 2363 395 2423 feminis,
429 2363 655 2412 acerbior
700 2379 815 2414 esse
848 2364 955 2414 visa
986 2369 1082 2417 est.
1149 2366 1293 2416 Haec
1326 2366 1668 2430 significantur
1713 2366 1873 2416 versi-
1934 2416 1937 2433 ἢ,

165 2443 261 2493 bus
295 2445 397 2492 349
430 2459 570 2507 seq.:
1932 2441 1933 2444 ’

297 2522 573 2590 βασιλεῦσι
605 2522 813 2590 νύμφη,
848 2525 1008 2592 ζῆλον
1041 2524 1111 2577 οὐ
1144 2524 1371 2591 σμικρὸν
1403 2524 1595 2592 γάμων

296 2601 492 2671 ἔχουσζ
526 2602 659 2656 ὅτου
694 2604 828 2672 δῶμ’
864 2604 1044 2659 ἑστίαν
1076 2610 1122 2659 τ’
1161 2606 1438 2674 ἀφίξομαι,

163 2691 219 2736 et
250 2688 349 2735 362
384 2703 520 2751 seq.:

294 2762 416 2831 λέχη
451 2762 509 2816 δὲ
541 2765 684 2831 τάμὰ
718 2766 916 2830 δοῦλος
949 2766 1153 2837 ὠνητάς
1185 2772 1359 2821 ποθεν

300 2848 499 2912 χρανεῖ,
533 2847 819 2913 τυράννων
851 2851 1095 2915 πρόσθεν
1130 2850 1412 2918 ἠξιωμένα.

161 2927 382 2994 Egregie
429 2933 578 2993 poeta
632 2931 1010 2983 admirationem
1057 2939 1228 2983 tantae
1271 2932 1469 2982 virtutis
1515 2929 1673 2994 magis
1719 2929 1869 2979 factis

163 3023 310 3073 quam
344 3007 510 3058 verbis
545 3009 673 3060 fecit
718 3012 1003 3076 significari.
1072 3013 1293 3063 Primum
1340 3012 1473 3062 enim
1523 3026 1585 3059 ex
1629 3010 1869 3061 militibus

161 3104 308 3138 nemo
343 3094 444 3139 tam
479 3089 620 3141 ferus
656 3099 752 3153 est,
790 3094 905 3158 quin
940 3094 1001 3143 ad
1035 3094 1374 3144 honorandam
1409 3092 1650 3156 virginem
1685 3091 1871 3154 aliquid

162 3170 466 3232 contribuat,
503 3176 556 3221 et
590 3174 819 3222 certatim
855 3190 965 3223 eam
998 3179 1231 3240 tanquam
1265 3173 1546 3239 gravissimi
1581 3172 1868 3222 certaminis

162 3249 423 3300 victricem
459 3251 720 3303 frondibus
759 3260 1012 3319 spargunt.
1083 3254 1212 3304 Tum
1250 3255 1575 3319 Talthybius,
1623 3253 1707 3317 qui
1741 3252 1870 3300 haec

163 3342 328 3391 neque
361 3330 533 3382 videre
566 3349 732 3399 neque
766 3351 1018 3400 exponere
1053 3335 1161 3385 sine
1186 3336 1403 3384 lacrimis
1438 3334 1619 3398 potuit,
1654 3336 1867 3381 matrem

162 3407 562 3463 infelicissimam
606 3414 817 3464 eandem
877 3414 1320 3481 felicissimamque
1362 3415 1619 3480 praedicat
1663 3418 1870 3478 propter

163 3488 316 3539 talem
359 3489 497 3543 filiae
550 3495 902 3548 conditionem.
988 3495 1196 3550 Hecuba
1248 3500 1413 3548 autem
1459 3496 1598 3561 ipsa,
1644 3491 1867 3559 quamvis
