2144 3854
902 262 1024 322 311

117 417 223 464 tate
256 418 311 463 et
342 411 475 461 lilius
510 411 767 478 perpetuis
803 411 1049 461 laboribus
1083 415 1288 459 vexatus
1323 416 1377 459 et
1403 414 1612 475 nepotes
1634 410 1684 459 in
1707 411 1801 459 mi·

118 494 296 543 aeriam
350 498 723 558 egestatemque
771 491 965 541 detrusi
1018 497 1069 540 et
1115 491 1223 556 ipsa
1268 490 1408 540 malis
1455 490 1805 555 aerumnisque

116 573 298 624 affecta
342 579 436 623 est.
484 636 488 639 Α
516 572 692 638 Neque
736 588 764 620 a
806 571 977 620 fabula
1008 572 1175 635 potuit
1207 572 1384 622 abesse
1414 571 1687 636 adspectus
1720 579 1802 636 ty-

117 654 256 704 ranni
289 653 536 719 quondam
572 652 774 718 superbi
806 651 1180 716 insolentisque‚
1216 667 1346 702 nunc
1378 651 1444 700 de
1475 652 1675 715 fastigio
1710 668 1803 717 po·

116 734 305 785 tentiae
337 732 662 799 praecipitati,
693 732 744 780 in
778 736 1077 797 potestatem
1112 747 1252 793 anus,
1286 748 1429 797 quam
1466 733 1692 798 omnibus
1725 734 1803 782 in-

116 814 256 863 iuriis
282 813 692 876 contumeliisque
715 812 923 871 vexavit,
958 811 1141 872 traditi,
1177 828 1403 862 caussam
1427 813 1606 876 capitis
1634 828 1804 862 coram

114 893 203 954 iis,
246 908 372 958 quos
406 894 658 959 perditum
703 892 860 950 ierat,
906 892 1149 953 dicentis,
1200 892 1261 940 ad
1315 892 1612 957 supplicium
1657 895 1804 942 tracti

114 989 211 1040 per
241 973 477 1035 famulos,
509 973 595 1038 qui
628 972 943 1022 interfectum
978 973 1221 1022 abiecturi
1253 979 1385 1034 sunt,
1421 973 1723 1038 sepulturam
1742 989 1805 1022 ex

114 1054 458 1105 misericordia
490 1052 730 1113 hostium,
763 1069 973 1118 quorum
1006 1058 1192 1102 terram
1224 1057 1507 1102 vastaturus
1541 1053 1654 1114 fuit,
1685 1069 1803 1118 spe-

113 1133 288 1184 rantia.
352 1133 656 1184 Interlicitur
686 1138 852 1183 autem
891 1133 1202 1198 Eurystheus
1236 1134 1404 1183 invitis
1439 1133 1665 1199 quidem,
1713 1132 1805 1181 sed

109 1228 211 1263 non
262 1214 654 1279 improbantibus
701 1214 1116 1276 Atheniensibus3
1165 1230 1345 1282 corpus
1383 1214 1592 1272 mortui,
1636 1213 1803 1279 proie-

112 1298 250 1344 ctum
282 1296 345 1345 ab
378 1294 635 1355 Alcmena,
667 1294 723 1344 hi
754 1295 1005 1345 humaturi
1029 1300 1162 1357 aunt,
1193 1296 1285 1345 sed
1311 1294 1445 1344 nulla
1467 1294 1654 1344 facturi
1673 1294 1805 1343 iusta

110 1373 355 1426 funebria.

245 1454 386 1504 Duae
418 1471 502 1506 res
535 1455 654 1506 huic
699 1456 906 1506 carmini
951 1456 1159 1517 desunt,
1206 1456 1387 1521 quibus
1434 1471 1561 1521 quae
1604 1463 1806 1505 careant

111 1534 330 1597 fabulae,
365 1551 452 1585 eaa
486 1542 625 1585 recte
659 1552 716 1586 se
748 1537 935 1587 habere
960 1542 1155 1601 negant.
1220 1537 1443 1586 Primum
1470 1537 1602 1585 enim
1626 1536 1805 1602 exigua

111 1614 449 1680 implicatione
482 1631 650 1665 rerum
684 1631 982 1681 progressus
1015 1617 1306 1681 impeditur,
1356 1633 1506 1682 quum
1542 1616 1686 1665 nullis
1721 1632 1802 1665 er-

110 1694 342 1755 roribus,
384 1695 533 1744 nullis
580 1695 792 1745 diversis
844 1696 924 1746 vel
973 1698 1230 1747 contrariis
1266 1704 1588 1762 personarum
1624 1695 1805 1745 studiis

110 1790 252 1824 mora
283 1774 384 1825 ulla
417 1775 786 1840 difficultasque
819 1776 1076 1830 inferatur.
1146 1778 1303 1827 Adest
1337 1778 1473 1842 virgo
1507 1793 1598 1842 pro
1635 1775 1803 1824 fratri-

110 1855 208 1904 bus
241 1855 600 1919 sororibusque
632 1857 903 1915 moritura,
956 1859 1103 1907 adest
1145 1875 1300 1908 senex
1332 1874 1423 1924 pro
1455 1858 1644 1924 virgine
1676 1857 1804 1905 mori

113 1936 337 2001 cupiens,
371 1935 514 1984 adest
548 1952 668 1985 anus
703 1953 796 2001 pro
830 1953 950 1986 sene
985 1944 1038 1988 et
1071 1939 1243 1988 liberis
1281 1943 1429 2005 caput
1461 1937 1685 2003 periculo
1711 1936 1802 1985 ob-

108 2016 320 2075 iectura,
354 2015 499 2064 adest
532 2017 824 2066 adolescens
860 2034 951 2083 pro
985 2019 1064 2067 his
1100 2019 1326 2068 omnibus
1351 2019 1399 2066 in
1426 2023 1677 2067 certamen
1700 2017 1803 2066 sin-

108 2095 284 2162 gulare
318 2095 676 2157 descensurus,
728 2098 873 2146 adest
916 2098 1130 2163 denique
1175 2115 1263 2148 rex
1297 2099 1611 2164 populusque
1644 2097 1802 2146 Athe·

107 2174 355 2225 niensium
388 2191 478 2240 pro
513 2176 765 2241 hospitum
798 2178 960 2228 salute
982 2179 1164 2228 bellum
1192 2178 1668 2244 periculosissimum
1688 2191 1803 2225 cum

108 2254 337 2306 hostibus
380 2254 708 2306 ferocissimis
761 2265 1104 2325 suscepturus:
1170 2260 1303 2308 Huic
1335 2255 1650 2307 incommodo
1682 2257 1803 2306 vici-

111 2350 231 2384 num
280 2339 362 2383 est
403 2335 616 2384 alterum
662 2337 867 2399 vitium,
918 2340 1053 2403 quod
1103 2338 1309 2388 crimine
1354 2339 1487 2387 omni
1530 2343 1704 2386 vacant
1748 2337 1803 2395 ii,

111 2414 198 2479 qui
231 2414 377 2463 malis
411 2422 719 2479 premuntur,
755 2417 903 2467 laude
936 2420 1066 2467 omni
1102 2420 1328 2468 destituti
1364 2423 1480 2468 sunt
1511 2419 1565 2477 ii,
1601 2418 1685 2482 qui
1727 2418 1802 2466 in-

111 2493 264 2543 iurias
298 2494 556 2554 inferunt,
593 2497 725 2558 quod
759 2497 838 2546 ius
872 2504 1020 2562 atque
1053 2499 1293 2548 iniustitia
1326 2504 1428 2548 tam
1464 2498 1613 2547 certis
1646 2497 1803 2547 mani-

111 2573 358 2638 festisque
391 2574 574 2623 finibus
609 2582 840 2641 separata
874 2583 1016 2636 sunt,
1069 2583 1123 2627 ut
1155 2579 1285 2627 nulla
1319 2594 1381 2627 ex
1414 2586 1558 2644 parte
1593 2577 1802 2626 confun-

111 2655 319 2714 dantur,
354 2654 475 2702 nihil
509 2655 667 2716 dubii,
703 2658 828 2705 nihil
862 2658 1078 2724 ambigui
1111 2659 1445 2722 relinquatur,
1481 2674 1609 2721 quae
1642 2657 1803 2704 homi-

109 2750 228 2784 num
261 2750 437 2784 caussa
468 2751 737 2801 rerumque
772 2737 989 2787 conditio
1023 2754 1186 2802 neque
1233 2737 1459 2787 docendo
1506 2753 1668 2801 neque
1714 2737 1809 2785 de·—

110 2815 344 2865 lectando
412 2814 621 2880 perinde
673 2817 850 2866 idonea
911 2822 989 2866 est
1030 2824 1177 2882 atque
1241 2834 1423 2883 anceps
1464 2818 1578 2879 illa,
1631 2815 1802 2881 impli-

111 2901 240 2956 cata,
283 2894 345 2943 ad
374 2897 770 2960 cognoscendum
797 2898 1266 2962 decernendumque
1297 2899 1566 2948 difficilior.
1615 2898 1803 2960 Quem·

109 2974 376 3024 admodum
425 2982 589 3026 autem
641 2978 886 3042 pictorum
922 2994 1125 3027 munere
1158 2979 1424 3044 officioque
1457 2995 1556 3027 non
1587 2977 1803 3043 fungun-

109 3060 196 3105 tur
229 3055 295 3116 ii,
331 3055 415 3120 qui
450 3062 620 3122 spreta
654 3058 906 3118 colorum,
953 3075 1080 3122 quae
1117 3066 1195 3108 est
1227 3060 1276 3109 in
1311 3076 1479 3109 rerum
1524 3063 1715 3118 natura,
1750 3062 1803 3106 et

107 3135 347 3185 varietate
370 3141 423 3185 et
444 3139 816 3203 temperatione,
852 3138 983 3187 nulla
1010 3140 1224 3204 partium
1259 3140 1383 3189 alius
1417 3141 1466 3189 in
1491 3140 1634 3188 aliam
1666 3137 1803 3187 tenui

109 3214 397 3266 discrimine
429 3219 783 3268 transeuntium
821 3218 1153 3281 distinctione,
1188 3220 1321 3269 nulla
1348 3226 1453 3269 tum
1479 3221 1801 3269 obscurorum

107 3293 506 3361 illustriumque,
554 3304 658 3348 tum
708 3299 1028 3348 eminentium
1077 3300 1546 3365 depressiorumque
1579 3299 1803 3347 locorum

110 3375 441 3438 contentione,
475 3377 582 3427 solo
618 3379 760 3445 nigro
779 3380 989 3444 alboque
1017 3381 1183 3430 colore
1206 3379 1446 3446 imagines
1468 3379 1801 3444 distinguunt:

110 3452 181 3503 ita
213 3469 308 3507 uec
339 3463 604 3522 poetarum
639 3475 845 3510 numero
879 3461 1137 3512 habendus
1169 3466 1250 3511 est
1282 3461 1358 3523 is,
1403 3461 1515 3526 qui,
1551 3461 1611 3510 ab
1645 3458 1802 3508 altera
