2176 3874
1100 316 1227 375 548

450 465 765 516 Prooemium
815 466 876 515 ab
927 465 1144 516 Ariadne
1191 466 1378 515 dictum
1413 480 1527 515 esse
1572 482 1634 515 ex
1675 465 1856 532 fragm.
1906 467 2014 520 Vn.

319 546 631 610 intelligitur.
718 546 1051 610 Conquestam
1104 562 1218 595 esse
1270 546 1506 610 virginem
1563 547 1792 613 suspicor
1841 553 1895 599 et
1948 551 2016 601 de

318 627 475 693 patris
525 627 729 676 saevitia
779 633 829 675 et
872 626 934 675 de
979 625 1150 676 fratris
1187 627 1391 676 efferata
1425 627 1761 689 immanitate,
1805 645 2014 694 quarum

321 724 471 772 quum
506 707 644 755 illam
680 707 896 765 odisset,
944 707 1071 756 hanc
1106 709 1496 766 abominaretur,
1543 707 1826 774 perfugium
1863 727 2015 775 quae-

318 789 462 836 rebat
512 794 563 836 et
598 787 944 836 liberationem
998 804 1059 837 ex
1110 788 1364 836 molestiis.
1432 786 1656 836 Eandem
1693 789 1757 838 de
1789 791 2015 841 instituto

320 883 501 931 pueros
546 867 840 933 puellasque
887 867 1219 917 Athenienses
1256 871 1478 915 monstro
1513 867 1781 918 obiiciendi
1816 877 2015 937 specta-

319 952 454 997 tores
490 947 722 996 docuisse
756 964 965 997 necesse
1000 954 1092 998 est.
1159 949 1391 997 Formam
1427 946 1693 998 Minotauri
1727 949 2016 1003 describens

323 1044 437 1076 eum
472 1028 598 1077 dixit
633 1043 746 1076 esse

452 1106 749 1172 σύμμικτον
784 1100 927 1167 εἶδος
959 1105 1311 1171 κάποφώλιον
1344 1104 1560 1172 βρέφος.

454 1189 638 1238 Postea
674 1194 843 1253 pastor
878 1188 1077 1251 quidam
1113 1204 1221 1236 eam
1258 1190 1515 1249 convenit,
1553 1190 1636 1253 qui
1670 1191 1829 1254 forte,
1864 1207 2014 1258 quum

318 1283 475 1332 prope
509 1285 648 1317 mare
697 1275 919 1318 armenta
967 1275 1226 1332 pasceret,
1260 1268 1516 1318 Theseum
1553 1286 1663 1319 cum
1701 1272 1804 1321 suis
1839 1289 1870 1322 e
1903 1273 2015 1322 navi

281 1349 671 1397 ‘escendentem
709 1356 966 1413 spectasse
1011 1349 1226 1398 videtur.
1309 1349 1407 1397 Hic
1457 1349 1646 1399 Thesei
1691 1346 1868 1401 nomen
1904 1352 2016 1403 navi

318 1428 605 1493 inscriptum
643 1437 1004 1495 conspexerat,
1041 1428 1129 1477 sed
1166 1429 1368 1493 ignarus
1403 1429 1679 1478 litterarum
1715 1448 1825 1482 cum
1858 1434 2016 1483 inter-

317 1510 502 1572 pretari
536 1525 631 1558 non
666 1511 939 1574 potuisset,
973 1510 1161 1559 formas
1197 1525 1369 1559 earum
1405 1509 1477 1558 sic
1512 1511 1782 1561 memoriae
1814 1515 2016 1564 manda-

319 1595 486 1646 verat,
524 1594 577 1638 ut
611 1596 783 1655 posset
817 1590 1036 1656 singulas
1074 1589 1250 1639 ordine
1286 1589 1605 1639 describere:

451 1664 554 1734 ἐγὼ
589 1666 806 1735 πέφυκα
841 1670 1169 1735 γραμμάτων
1202 1667 1300 1736 μὲν
1335 1667 1435 1719 οὐκ
1468 1667 1624 1735 ἴδρις,

450 1748 665 1815 μορφὰς
701 1749 759 1801 δὲ
792 1748 921 1814 λέξω
957 1750 1046 1802 καὶ
1083 1752 1232 1818 σαφῆ
1267 1749 1549 1817 τεκμήρια·

449 1830 646 1891 κύκλος
678 1849 758 1892 τις
794 1831 867 1893 ὡς
899 1832 1173 1896 τόρνοισιν
1207 1828 1654 1897 ἐκμετρούμενος·

452 1901 610 1972 οὗτος
646 1907 694 1963 δ’
729 1911 828 1980 ἔχει
864 1916 1088 1979 σημεῖον
1122 1909 1181 1964 ἐν
1214 1911 1354 1983 μέσῳ
1379 1909 1559 1977 σαφές.

458 1991 532 2043 Τὸ
572 1993 830 2056 δεύτερον
865 1992 922 2045 δὲ
957 1995 1143 2058 πρῶτα
1177 1992 1275 2061 μὲν
1309 1991 1551 2061 γραμμαὶ
1585 1992 1706 2056 δύο,

448 2074 645 2134 ταύτας
681 2073 897 2141 διείργει
931 2070 978 2126 δ’
1018 2073 1077 2126 έν
1111 2074 1295 2140 μέσαις
1327 2077 1458 2140 ἄλλη
1494 2073 1604 2140 μία.

462 2151 656 2218 Τρίτον
690 2154 747 2204 δὲ
781 2155 1078 2220 βόστρυχός
1109 2172 1188 2214 τις
1221 2153 1292 2213 ὡς
1327 2153 1629 2218 εἱλιγμένος.

460 2233 534 2284 Τὸ
570 2229 619 2285 δ’
652 2228 722 2285 αὖ
755 2232 1009 2299 τέταρτον
1041 2228 1112 2302 ἦν
1146 2233 1243 2299 μὲν
1279 2231 1352 2294 είς
1386 2231 1562 2299 ὀρθὴν
1595 2231 1709 2297 μία,

449 2313 599 2376 λοξαὶ
635 2311 683 2366 δ’
719 2308 797 2367 ἐπ’
835 2316 1000 2382 αὐτῆς
1032 2318 1174 2380 τρεῖς
1207 2310 1676 2379 κατεστηριγμέναι

452 2387 607 2460 ἦσαν.
684 2394 758 2447 Τὸ
794 2394 1037 2461 πέμπτον
1072 2390 1120 2447 δ’
1156 2395 1256 2447 οὐκ
1292 2390 1349 2445 ἐν
1384 2393 1605 2460 εὐμαρεῖ
1634 2392 1866 2459 φράσαι·

450 2474 694 2540 γραμμαὶ
727 2476 830 2542 γάρ
867 2476 1002 2528 εἰσιν
1039 2475 1096 2529 έκ
1132 2475 1428 2528 διεστώτων
1462 2473 1582 2537 δύο,

455 2546 615 2606 αὗται
650 2555 708 2607 δὲ
744 2556 1128 2624 συντρέχουσιν
1163 2557 1236 2618 εἰς
1270 2556 1400 2622 μίαν
1435 2554 1610 2620 βάσιν.

462 2635 536 2687 Τὸ
570 2636 816 2689 λοίσθιον
851 2636 908 2689 δὲ
943 2644 1015 2704 τῷ
1049 2637 1209 2706 τρίτῳ
1242 2635 1617 2701 προςεμφερές.

320 2715 439 2766 Sine
466 2717 619 2767 dubio
645 2719 739 2769 bae
768 2720 1047 2769 litterarum
1062 2720 1254 2769 formae
1269 2717 1631 2781 (ΘΗΣΕΤΣ)
1663 2733 1844 2782 prorae
1866 2719 2017 2779 naviS‚

321 2814 448 2860 quae
482 2799 692 2849 Athenis
744 2801 1065 2858 servabatur,
1112 2799 1384 2864 inscriptae
1419 2804 1584 2857 erant,
1620 2797 1856 2862 deditque
1889 2799 2017 2848 haec

322 2877 593 2940 Euripides
643 2880 823 2929 civium
873 2880 1071 2940 studio,
1119 2879 1426 2944 antiquitatis
1473 2878 1598 2927 illud
1647 2884 2016 2928 monumentum

322 2959 662 3008 venerantium
680 2957 751 3025 *).
996 2972 999 2974 ’
1374 2940 1389 2955 ⁴

453 3037 673 3099 Locum,
711 3055 810 3104 quo
845 3055 927 3089 res
961 3044 1241 3102 agerentur,
1276 3040 1502 3105 proxime
1527 3037 1860 3104 labyrinthum
1889 3037 2015 3087 fuis-

323 3133 379 3165 se
425 3123 477 3166 et
525 3119 862 3183 labyrinthum
909 3120 1074 3184 ipsum
1110 3119 1265 3169 oculis
1302 3123 1636 3184 spectatorum
1671 3120 2010 3181 repraesenta·

323 3202 429 3246 tum
463 3198 624 3247 fuisse
658 3199 929 3264 putandum
965 3205 1058 3250 est.
1129 3199 1207 3248 Ex
1241 3215 1339 3264 quo
1376 3200 1486 3248 loco
1511 3203 1770 3263 postquam
1795 3197 2015 3247 Ariadne

322 3278 370 3326 iu
405 3279 594 3344 regiam
628 3280 810 3342 rediit,
846 3280 1028 3329 chorus
1064 3281 1252 3345 prodiit
1283 3286 1475 3345 septem
1509 3277 1897 3328 adolescentium
1931 3292 2014 3326 se-

377 3489 429 3544 *)
459 3490 590 3532 Plato
619 3489 790 3534 Phaed.
822 3504 868 3545 p.
895 3475 967 3533 58'.
1005 3490 1058 3533 A.
1087 3489 1317 3533 Plutarch.
1346 3486 1486 3531 Thes.
1517 3499 1557 3529 c.
1586 3483 1658 3528 23.
