2144 3854
928 301 1050 358 197

274 437 339 487 ⁷-
408 466 567 511 „nam
597 450 644 498 si
678 465 712 497 α
744 465 828 497 me
859 463 1077 513 regnum
1111 447 1349 498 Fortuna
1384 454 1540 518 atque
1573 467 1694 519 opes

277 531 507 597 Eripere
539 530 721 596 quivit,
758 535 815 577 at
845 529 1093 577 virtutem
1126 544 1229 578 non
1262 527 1449 595 quiit.”

276 610 322 662 εί
353 612 466 671 τοῖς
498 606 556 660 ἐν
589 607 718 675 οἴκῳ
750 607 1011 674 χρήμασιν
1042 607 1372 674 λελείμμεθα,

277 691 314 758 ἦ
346 691 396 742 δ’
431 690 666 757 εὐγένεια
696 687 785 740 καὶ
818 687 878 739 τὸ
910 690 1163 754 γενναῖον
1195 687 1351 755 μένει.

147 773 351 837 Reliqua
371 810 387 834 ,
421 773 471 822 in
506 773 680 838 quibus
715 771 776 819 ab
810 771 988 819 horum
1022 771 1282 820 sententiis
1317 771 1438 819 mihi
1473 771 1826 822 discedendum

145 869 260 902 esse
292 854 476 917 putavi,
511 854 659 901 rebus
691 851 818 916 ipsis
853 852 974 899 satis
1009 855 1299 901 excusatum
1322 852 1383 900 iri
1406 867 1572 915 spero.
1640 853 1825 914 Quam-

143 933 334 994 obrem,
363 933 543 981 omissa
567 931 787 995 longiore
812 930 1166 995 disputatione,
1200 931 1370 980 statim
1398 932 1457 979 ad
1484 937 1827 997 argumentum

144 1014 342 1063 fabulae
389 1011 716 1061 enarrandum
764 1009 1137 1078 fragmentaque
1189 1011 1320 1077 aptis
1369 1011 1492 1060 locis
1538 1011 1828 1062 collocanda

143 1093 344 1144 accedo.

275 1172 421 1237 Argis
455 1176 569 1221 ante
603 1173 753 1221 aedes
786 1174 1171 1239 Agamemnonis
1206 1187 1289 1221 res
1323 1177 1537 1238 aguntur
1549 1171 1621 1230 *).
1657 1171 1829 1222 Prodit

142 1253 396 1318 Telephus
429 1253 602 1303 habitu
634 1253 864 1315 mendici,
899 1255 1052 1303 miser
1090 1258 1239 1317 atque
1273 1251 1480 1302 claudus
1510 1250 1616 1318 **):

263 1321 335 1383 Ὦ
367 1333 496 1398 γαῖα
527 1332 733 1397 πατρίς,
766 1332 836 1399 ἣν
871 1330 1059 1395 Πέλοψ
1092 1331 1334 1399 ὁρίζεται,

273 1415 431 1481 χαῖρ’,
467 1411 527 1474 ὅς
558 1430 614 1465 τε
646 1411 845 1479 πέτρον
869 1409 1144 1480 Ἀρκοὲδων
1178 1412 1520 1479 δυςχείμερον

276 1493 403 1547 Πὰν
436 1491 755 1562 ἐμβατεύεις,
789 1494 948 1547 ἔνθεν
981 1498 1201 1562 εὔχομαι
1231 1494 1402 1561 γένος.

278 1578 434 1642 Αὔγη
467 1574 572 1642 γὰρ
605 1574 788 1627 Ἀλέου
822 1578 947 1637 παῖς
979 1593 1042 1644 με
1074 1578 1148 1648 τῷ
1189 1575 1466 1644 Τιρυνθίῳ

275 1656 434 1708 τίκτει
466 1655 739 1722 λαθραίως
760 1648 1035 1723 Ἡρακλεῖ·
1072 1656 1272 1720 ξύνοιδ’
1308 1659 1437 1725 ὄρος

281 1733 612 1810 Παρθένιον,
647 1734 784 1789 ἔνθα
815 1737 995 1804 μητέρ’
1028 1734 1239 1792 ὠδίνων
1273 1736 1407 1806 ἐμὴν

278 1817 465 1870 ἔλυσεν
496 1817 781 1869 Εἰλείθυια
805 1821 914 1886 ‘²²²¹‘²¹²)
982 1845 1047 1856 —-
1111 1847 1181 1857 -
1244 1849 1337 1871 —.

125 1902 288 1964 ‘Quae
320 1900 559 1965 deinceps
594 1901 946 1965 sequebantur,
978 1904 1107 1950 teste
1140 1899 1413 1964 Strabone,
1447 1900 1573 1949 haec
1604 1896 1828 1946 fuerunt:

144 1981 298 2031 Aleus
331 1995 448 2042 rex,
494 1981 690 2043 cognito
722 1979 858 2029 filiae
891 1986 1092 2047 stupro,
1147 1980 1275 2030 hanc
1308 1997 1421 2030 eum
1454 1977 1642 2028 inl-..ite
1674 1977 1830 2026 cistae

143 2062 426 2127 impositam
470 2059 522 2110 iu
567 2076 704 2110 mare
749 2060 948 2109 abiecit.
1015 2061 1270 2111 Minervae
1314 2064 1480 2110 autem
1524 2056 1831 2122 providentia

143 2142 334 2192 factum
369 2145 475 2203 est,
527 2145 581 2190 ut
628 2141 752 2190 cista
785 2141 848 2189 ad
882 2141 1065 2190 ostium
1101 2140 1239 2190 Caici
1270 2142 1321 2191 in
1352 2139 1570 2206 Mysiam
1603 2137 1829 2187 deferre-

142 2227 252 2284 tur,
298 2222 385 2271 ubi
429 2238 519 2271 rex
563 2221 816 2271 Teuthras
865 2221 1115 2271 inventam
1162 2222 1424 2272 mulierem
1473 2235 1586 2269 cum
1619 2215 1831 2284 puerulo

144 2302 346 2352 sustulit
379 2302 703 2365 servavitque,
736 2302 869 2350 illam
905 2318 1075 2352 secum
1100 2302 1416 2352 matrimonio
1440 2301 1664 2365 iungen8‚
1695 2299 1831 2347 hunc

145 2387 310 2431 autem
337 2397 431 2448 pro
457 2381 563 2429 filio
593 2381 854 2447 adoptans,
891 2382 1152 2448 eidemque
1178 2387 1355 2449 postea
1378 2397 1584 2446 regnum
1608 2377 1831 2428 moriens

143 2461 350 2510 tradidit
376 2458 538 2525 ****).
608 2461 718 2523 Quo
751 2467 990 2526 regnante
1025 2461 1235 2524 Graeci,
1284 2464 1345 2513 ab
1381 2461 1563 2512 Aulide
1594 2456 1831 2526 profecti,

144 2558 238 2607 per
270 2542 592 2609 ignorantiam
627 2541 853 2592 locorum
887 2542 937 2591 in
969 2540 1182 2607 Mysiam
1229 2542 1383 2593 delati
1429 2544 1574 2601 sunt,
1623 2552 1829 2603 eamque

201 2723 255 2778 *)
286 2722 357 2766 Cf.
395 2722 573 2766 Welck.
615 2735 659 2777 p.
689 2720 787 2763 479.
856 2722 1016 2765 Testes
1052 2725 1155 2765 sunt
1190 2722 1354 2767 Strabo
1380 2722 1437 2766 T.
1472 2722 1510 2765 1.
1541 2737 1587 2779 p.
1615 2721 1686 2764 1⁰.
1712 2719 1830 2777 (15.)

283 2793 442 2850 Dictys
464 2793 522 2847 11,
539 2792 583 2834 7.
616 2792 786 2849 Hygin.
814 2807 853 2834 c.
874 2791 972 2834 101.

178 2865 258 2919 *ἢ
286 2863 513 2919 Aristoph.
541 2863 736 2905 Acharn.
765 2860 863 2906 428.
904 2860 1062 2918 χωλός.
1117 2862 1234 2908 Nub.
1263 2862 1362 2905 921.
1397 2861 1593 2920 πτωχός.

158 2936 256 2991 **²¹‘)
285 2935 450 2978 Matth.
479 2933 646 2991 fragm.
676 2933 762 2976 inc.
792 2948 834 2978 n.
864 2934 1057 2977 XCVIII.
1111 2933 1284 2977 Welck.
1304 2949 1349 2990 p.
1370 2932 1470 2978 480.
1526 2935 1655 2979 Ialm-
1683 2948 1729 2990 ρ.
1754 2931 1828 2976 2⁰.

288 3005 359 3048 Cf.
389 3004 556 3062 Hygin.
587 3019 626 3047 e.
657 3005 815 3048 XCIX.

148 3077 263 3132 ****)
291 3075 456 3118 Strabo
485 3076 604 3129 XIII,
633 3075 674 3117 1.
704 3090 750 3130 p.
778 3073 878 3118 615.
910 3075 963 3118 G.
991 3073 1191 3131 (1341.)=
1223 3071 1484 3135 Εὐριπίδης
1511 3076 1562 3122 δὲ
1577 3073 1659 3122 ὑπ’
1683 3073 1829 3119 Ἀλέου

289 3146 417 3202 φησί,
445 3146 530 3190 τοῦ
559 3147 640 3203 τῆς
667 3145 817 3202 Αὔγης
843 3143 1032 3203 πατρός,
1062 3146 1126 3197 εἰς
1153 3144 1360 3205 λάρνακα
1388 3146 1474 3205 τὴν
1501 3144 1655 3205 Αὔγην
1682 3162 1831 3190 κατα-

284 3218 502 3261 τεθεῖσαν
531 3212 628 3272 ἅμα
656 3218 721 3275 τῷ
739 3215 874 3260 παιδὶ
905 3215 1096 3276 Τηλέφῳ
1114 3221 1551 3276 καταποντωθῆναι,
1580 3216 1830 3276 φωράσαν-

285 3302 368 3338 τος
411 3283 500 3344 τὴν
542 3285 589 3341 ἐξ
625 3280 897 3344 Ἡρακλέους
936 3286 1141 3346 φθοράν.
1196 3289 1390 3347 Ἀθηνᾶς
1417 3289 1480 3336 ’δὲ
1518 3289 1715 3348 προνοίᾳ
1743 3286 1831 3344 τὴν

288 3355 495 3415 λάρνακα
536 3361 881 3416 περαιωθεῖσαν
921 3356 1128 3403 ἐκπεσεῖν
1157 3359 1222 3412 εἰς
1246 3360 1300 3406 τὸ
1331 3359 1478 3419 στόμα
1504 3362 1592 3406 τοῦ
1619 3359 1827 3406 Καΐκου·

289 3426 371 3472 τὸν
400 3427 451 3473 δὲ
484 3428 778 3488 Τεύθραντα,
809 3427 1105 3488 ἀναλαβόντα
1132 3428 1191 3474 τὰ
1219 3429 1430 3489 σώματα,
1460 3434 1520 3491 τῇ
1547 3429 1629 3489 μὲν
1656 3430 1720 3481 ὥς
1745 3445 1831 3485 γα-

291 3499 404 3558 μετῇ
433 3497 714 3558 χρήσασθαι,
741 3501 806 3560 τῷ
828 3499 879 3546 δὲ
907 3499 970 3555 οὖς
985 3500 1153 3549 ἑαυτοῦ
1170 3504 1318 3550 παιδί.
1351 3502 1828 3562 cr.1{ygin.c.xc1x.
