2176 3874
1130 269 1251 325 442

365 423 609 476 Plutarch.
653 419 832 467 Lacon.
875 415 1111 480 apophth.
1157 431 1206 478 p.
1261 415 1372 465 142.
1454 414 1710 476 Eundem,
1766 430 1917 479 quum
1960 417 2021 465 ab

367 501 736 554 Atheniensium
770 498 965 546 theatro
1001 496 1374 560 exploderetur,
1419 495 1759 545 confirmatum
1803 509 1916 544 esee
1961 495 2024 544 ab

365 579 597 646 Euripide
643 578 803 635 aiunt,
850 575 1141 623 ostendente
1184 574 1322 624 brevi
1373 578 1595 638 tempore
1647 590 1703 623 se
1734 574 1785 624 in
1817 574 2024 624 theatris

364 664 673 724 regnaturum
719 654 990 719 (Plutarch.
1038 671 1099 703 an
1145 655 1249 703 seni
1298 654 1363 701 sit
1408 669 1508 718 ger.
1543 669 1675 718 resp.
1709 669 1758 718 p.
1792 655 1906 703 385.
1942 654 2023 706 ed.

363 739 515 803 Bas.).
581 737 658 786 Ab
692 735 788 783 hoc
820 733 971 797 igitur
1003 733 1138 794 viro,
1185 734 1303 782 artis
1339 732 1556 781 musicae
1598 734 1699 782 sive
1743 733 2025 798 perfectore

363 818 466 868 sive
499 819 814 880 corruptore,
863 828 1012 876 quum
1047 818 1212 862 nostro
1245 828 1335 876 per
1366 816 1523 860 totum
1558 816 1779 877 tempus,
1831 828 1930 877 quo
1974 813 2024 861 in

362 897 569 947 theatris
603 893 781 953 floruit,
815 892 1120 941 familiariter
1153 908 1270 941 usus
1307 907 1419 940 esse
1458 891 1683 941 videatur
1716 891 2027 956 eundemque

360 978 410 1026 in
454 974 792 1024 Macedoniam
836 972 1159 1020 decedentem
1206 977 1402 1019 secutus
1446 972 1539 1032 sit,
1588 970 1861 1038 fabularum
1892 971 2024 1019 illius

361 1056 438 1104 vel
485 1054 698 1103 omnium
744 1052 821 1100 vel
861 1058 997 1099 certe
1043 1050 1359 1114 plurimarum
1391 1051 1564 1099 modos
1598 1051 1759 1100 factos
1791 1067 1908 1101 esse
1938 1067 2024 1101 su-

361 1134 542 1200 spicari
578 1134 705 1181 licet.
772 1130 932 1179 Huius
965 1130 1117 1192 igitur
1145 1130 1314 1186 tibiae,
1349 1145 1468 1194 quas
1491 1131 1641 1179 barba
1667 1131 1857 1195 prolixa
1879 1146 2024 1196 prae-

360 1215 490 1263 ditus
523 1213 695 1261 inflare
747 1210 939 1259 solebat
973 1208 1176 1273 (Athen.
1211 1208 1338 1257 XIII.
1374 1226 1420 1273 p.
1457 1212 1567 1258 565.
1603 1210 1703 1274 Α.),
1740 1226 1871 1272 „non
1905 1212 2022 1260 aim-

358 1293 515 1358 plices
548 1296 823 1352 tenuesque
869 1287 1108 1337 foramine
1138 1303 1294 1352 pauco
1327 1289 1643 1352 adspirabant
1689 1290 1882 1351 chori8‚
1933 1291 2027 1339 sed*

358 1371 604 1421 orichalco
638 1371 853 1426 iunctae,
888 1369 1212 1431 tubarumque
1245 1367 1484 1430 aemulae,
1518 1369 1637 1418 flatu
1671 1370 1846 1420 sedilia
1878 1370 2024 1419 nimis

358 1451 514 1515 spissa
547 1447 908 1513 complebant.”

485 1528 677 1577 Novum
724 1532 889 1575 autem
933 1525 1054 1574 illud
1098 1525 1316 1574 musicae
1361 1542 1542 1591 genus,
1606 1528 1744 1577 cuius
1793 1533 2023 1578 auctores

283 1642 288 1651 .
354 1608 554 1658 fuerunt
587 1605 884 1656 Philoxenus
931 1609 1076 1667 atque
1110 1603 1431 1666 Timotheus,
1483 1622 1687 1670 regnare
1733 1608 1784 1656 in
1816 1607 2025 1657 theatris

355 1702 604 1751 nunquam
656 1684 830 1744 desiit3
876 1684 1118 1747 antiquius
1161 1684 1315 1744 illud,
1361 1702 1456 1750 quo
1505 1693 1644 1737 erant
1687 1687 1927 1738 Pindarus
1972 1692 2027 1737 et

357 1766 633 1816 Simonides
667 1764 763 1822 usi,
801 1764 918 1813 solis
951 1763 1147 1829 templis
1183 1770 1350 1830 aptum
1386 1781 1499 1815 esse
1531 1767 1822 1828 videbatur,
1856 1771 1910 1816 et
1941 1763 2027 1815 ra?

357 1846 553 1896 tissime
582 1846 802 1893 inventus
838 1849 915 1892 est
947 1844 1162 1893 musicus
1181 1881 1195 1906 ‚
1246 1846 1329 1908 qui
1374 1845 1425 1893 in
1473 1862 1534 1895 eo
1578 1847 1727 1896 vellet
1769 1847 2025 1897 elaborare

356 1925 509 1990 (Plut.
544 1940 587 1975 c.
622 1926 703 1974 2⁷.
740 1928 793 1972 et
826 1924 949 1985 31.).

484 2003 679 2052 Mutato
710 2001 907 2051 nomine
940 2002 1004 2050 de
1036 2001 1261 2050 omnibus
1296 2003 1511 2052 omnium
1551 2005 1873 2054 eruditiorum
1905 2022 2025 2071 geu-

355 2085 481 2133 tium
527 2082 729 2131 musicis
776 2081 899 2129 haec
943 2080 1112 2128 fabula
1155 2082 1340 2129 narrari
1382 2082 1594 2131 videtur.
1658 2084 1846 2133 Natura
1891 2086 2023 2135 enim

355 2163 463 2227 ipsa
488 2163 613 2210 duce
641 2161 767 2208 hanc
793 2160 918 2207 viam
943 2158 1243 2209 Philoxenus
1270 2176 1327 2209 ac
1343 2159 1637 2210 Timotheus
1660 2162 1872 2227 ingressi
1890 2170 2022 2226 nunt,

312 2235 316 2238 ⁴
355 2247 434 2301 ut,
468 2257 617 2305 quum
652 2239 929 2302 superiores
970 2239 1020 2287 in
1065 2240 1306 2287 variandis
1349 2241 1564 2289 numeris
1611 2243 1823 2291 maxime
1855 2244 2023 2293 elabo-

354 2324 566 2379 rassent,
602 2319 696 2382 ipsi
730 2317 792 2365 ad
825 2317 1083 2365 modorum
1116 2318 1396 2366 varietatem
1437 2320 1707 2384 augendam
1741 2324 2024 2387 perpolien-

355 2400 566 2462 damque
600 2413 658 2445 se
692 2400 1048 2445 converterent.
1116 2396 1228 2445 Hoc
1263 2397 1392 2445 enim
1440 2399 1570 2447 inter
1603 2405 1824 2450 veterem
1857 2408 1910 2452 et
1941 2419 2023 2453 re-

355 2478 624 2527 centiorem
658 2478 815 2524 artem
849 2475 1113 2536 intererat,
1159 2477 1290 2539 quod
1335 2477 1418 2525 illa
1450 2494 1679 2528 numeros
1713 2484 1766 2530 et
1797 2482 2024 2546 pulsandi

356 2556 684 2621 proprietates
718 2555 1004 2616 variaverat,
1040 2556 1164 2604 haec
1195 2557 1355 2604 modis
1381 2557 1748 2622 hai-muniisque
1779 2561 2022 2611 variandis

355 2652 559 2702 operam
593 2634 738 2683 dabat
770 2631 838 2697 *).
906 2634 1235 2696 Quamobrem
1266 2650 1354 2684 nos
1390 2636 1590 2699 quidem
1606 2639 1887 2690 omittamus
1907 2640 2020 2690 Pla-

354 2721 519 2765 tonem
554 2730 665 2763 cum
698 2714 951 2778 republica
999 2715 1283 2778 imaginaria
1328 2722 1380 2765 et
1423 2717 1698 2780 quicunque
1741 2719 1889 2768 huius
1937 2735 2021 2768 so-

353 2796 480 2844 mnia
494 2794 778 2859 impensius,
806 2809 949 2858 quam
975 2795 1230 2844 veritatem
1255 2800 1307 2844 et
1329 2795 1703 2846 Atheniensium
1726 2799 1894 2864 populi
1917 2799 2019 2848 sin-

356 2874 664 2923 cerissimum
697 2873 962 2934 iudicium,
1006 2875 1236 2923 admirati
1271 2880 1410 2935 sunt3
1459 2876 1766 2937 ignoscamus
1802 2879 2021 2943 querelis

356 2968 544 3012 eorum,
580 2952 677 3016 qui,
712 2952 970 3002 utilitatem
993 2954 1147 3020 magis
1178 2971 1322 3018 quam
1346 2954 1722 3006 delectationem
1750 2958 1800 3008 in
1831 2958 2019 3007 musica

410 3144 459 3200 *J
490 3144 607 3186 Plut.
649 3157 687 3183 c.
725 3141 805 3184 21:
836 3143 893 3200 τῇ
931 3142 1016 3201 γὰρ
1054 3147 1158 3204 περὶ
1203 3145 1285 3198 τὰς
1325 3147 1630 3206 ῥυθμοποιίας
1658 3146 1860 3204 ποικιλίᾳ
1901 3143 2017 3204 οὔσῃ

492 3210 794 3269 ποικιλωτέρᾳ
809 3210 1054 3271 ἐχρήσαντο
1071 3216 1115 3259 οἱ
1128 3218 1317 3261 παλαιοί
1331 3231 1342 3242 ·
1371 3216 1531 3272 ἐτίμων
1545 3217 1658 3271 γοῦν
1672 3213 1760 3272 τὴν
1787 3215 2021 3273 ῥυθμικὴν

491 3282 722 3327 ποικιλίαν
749 3282 827 3325 καὶ
854 3282 912 3326 τὰ
940 3284 1045 3344 περὶ
1068 3284 1149 3337 τὰς
1189 3285 1495 3346 κρουματικὰς
1532 3285 1583 3330 δὲ
1611 3285 1874 3338 διαλέκτους
1914 3283 2018 3330 τότε

494 3348 795 3409 ποικιλώτερα
833 3346 914 3408 ἦν·
956 3355 1002 3399 οὶ
1036 3355 1119 3412 μὲν
1147 3354 1234 3415 γὰρ
1277 3359 1360 3402 νῦν
1403 3358 1701 3413 φιλομαθεῖς,
1741 3355 1787 3401 οἱ
1823 3355 1875 3402 δὲ
1911 3351 2018 3401 τότε

492 3420 815 3481 φιλόῤῥυθμοι.
