2144 3854
918 310 1041 370 195

133 466 323 534 tragica
358 465 664 516 Graecorum
699 459 839 527 poesi
874 458 1094 523 scripsit,
1128 455 1191 510 T.
1224 456 1259 508 Ι.
1296 473 1347 523 p.
1384 457 1482 506 132
1520 471 1690 523 seqq„
1741 461 1826 526 qui

136 548 335 615 quidem
369 552 422 596 et
453 546 794 610 argumentum
827 539 1026 588 fabulae
1057 538 1194 587 idem
1226 538 1388 587 fuisse
1436 544 1610 589 censet
1636 545 1692 591 et
1724 540 1826 592 fra·

136 632 336 696 gmenta
369 621 543 676 eadem
577 621 770 672 ratione
801 620 1175 684 interpretatur,
1210 633 1339 681 quae
1372 619 1490 683 quin
1511 635 1631 671 vera
1653 621 1721 673 sit
1747 638 1827 673 ra-

135 710 223 770 tio,
277 707 523 757 neminem
556 703 654 751 iam
688 700 982 765 foreyspero
1015 698 1100 762 qui
1134 697 1342 746 dubitet.

267 787 343 837 De
373 785 524 834 rebus
571 780 897 847 personisque
945 794 1106 844 pauca
1149 777 1394 827 monenda
1441 784 1574 828 sunt.
1640 780 1826 834 Exem-

136 869 248 934 plar
313 865 495 916 amoris
544 863 778 928 pietatem
835 859 1077 908 vincentis
1139 856 1522 922 Alphesiboeam
1569 865 1829 927 proposuit
1921 908 1924 913 Δ

137 947 435 1010 Euripides,
487 943 627 993 cuius
659 939 839 989 amoris
874 940 973 988 hoc
1006 938 1164 1003 magis
1199 937 1500 987 admirabilis
1531 941 1603 988 vis
1639 947 1718 991 est
1749 949 1825 993 at-

137 1045 237 1094 que
270 1027 440 1087 robur,
476 1021 610 1089 quod
636 1020 878 1069 aemulam
906 1019 1124 1069 habebat
1150 1018 1476 1079 Callirrhoen,
1511 1019 1672 1070 forma
1698 1024 1825 1074 adeo

135 1108 478 1164 excellentem,
529 1108 586 1151 ut
619 1101 780 1150 lovem
812 1111 874 1150 ea
908 1105 1095 1150 tactum
1131 1115 1245 1148 esse
1279 1099 1476 1163 quidam
1510 1100 1826 1165 tradiderint,

135 1189 367 1254 quodque
407 1184 556 1234 huius
603 1183 852 1232 ornandae
907 1181 1235 1244 ditandaeque
1282 1195 1457 1229 caussa
1502 1195 1560 1230 se
1602 1181 1764 1246 ipsam
1798 1200 1828 1234 a

135 1269 342 1334 coniuge
376 1265 634 1331 spoliatam
669 1279 783 1312 esse
817 1262 1032 1311 videbat.
1100 1262 1168 1311 At
1203 1261 1336 1311 enim
1370 1260 1473 1310 fido
1507 1266 1560 1310 et
1581 1265 1828 1315 constanti

133 1363 306 1399 amore
340 1362 396 1396 se
429 1362 458 1394 a
492 1344 702 1409 coniuge
735 1343 969 1392 dilectam
1004 1357 1118 1391 esse
1144 1341 1454 1404 meminerat,
1488 1347 1753 1407 antequam
1773 1348 1828 1394 et

135 1427 310 1495 populi
342 1426 595 1475 voluntate
629 1430 682 1474 et
715 1423 798 1473 dei
832 1425 968 1472 iussn
1003 1438 1034 1470 e
1066 1427 1201 1472 terra
1231 1422 1522 1486 pelleretur,
1556 1428 1611 1472 et
1631 1424 1828 1475 veniam

135 1508 288 1559 dabat
319 1506 635 1564 necessitati,
681 1521 780 1568 qua
805 1504 889 1552 ille
913 1502 1218 1551 Callirrhoae
1240 1501 1509 1568 gratificari
1542 1504 1826 1568 cogebatur.

136 1588 308 1640 Testis
343 1592 421 1636 est
454 1585 662 1634 Ovidius
697 1584 842 1634 Rem.
877 1585 1005 1632 455:

268 1665 639 1733 „Amphilochi
656 1666 837 1727 frater
871 1679 937 1711 ne
969 1661 1207 1727 Phegida
1239 1678 1442 1728 semper
1477 1670 1696 1726 amaret,

408 1745 693 1795 Callirrhoe
713 1744 853 1809 fecit
881 1748 1040 1809 parte
1073 1748 1289 1808 recepta
1322 1742 1475 1790 tor-22⁷³

140 1829 376 1879 Ceterum
409 1825 711 1875 aemularum
744 1828 845 1872 tam
880 1822 1128 1886 patientes
1180 1827 1322 1871 erant
1354 1821 1541 1887 probae
1574 1823 1827 1886 mulieres,

139 1915 195 1960 ut
228 1906 575 1959 Andromache
609 1920 664 1952 se
698 1917 796 1951 non
830 1902 987 1950 solum
1024 1902 1271 1950 amoribus
1306 1901 1482 1949 harum
1507 1901 1827 1968 suffragatam

138 2004 269 2050 esse,
303 1985 393 2035 sed
428 1986 577 2034 etiam
604 1998 867 2032 mammam
892 1981 1164 2030 infantibus
1196 1997 1258 2029 ex
1281 1982 1359 2029 his
1385 1981 1512 2030 natis
1535 1982 1828 2045 praebuisse

136 2068 379 2136 glorietur
426 2065 686 2130 (Androm.
722 2061 877 2125 222).
960 2060 1197 2110 Solebant
1253 2060 1384 2109 enim
1427 2061 1691 2126 pellicibus
1755 2064 1829 2113 uti

135 2145 548 2216 praestantissimi
594 2149 649 2193 et
692 2142 951 2192 clarissimi
1003 2141 1186 2206 quique
1230 2141 1348 2199 viri,
1403 2156 1565 2205 neque
1609 2142 1830 2192 nonnulli

138 2229 288 2280 etiam
337 2242 448 2276 cum
491 2226 623 2276 binis
670 2223 903 2272 uxoribus
950 2220 1263 2271 matrimonia
1307 2221 1587 2270 iunxerant.
1652 2221 1829 2271 Mariti

136 2317 304 2360 autem
337 2306 496 2356 amori
528 2306 646 2370 quin
678 2305 775 2352 hoc
810 2300 1127 2352 tribuendum
1163 2300 1347 2361 fuerit,
1395 2306 1450 2350 ut
1494 2317 1671 2352 necem
1719 2303 1826 2352 eius

137 2389 478 2447 ulcisceretur,
514 2401 610 2434 non
643 2389 720 2433 est
753 2381 1107 2439 dubitandum,
1143 2381 1291 2429 modo
1325 2397 1418 2442 ne,
1455 2397 1566 2430 cum
1599 2383 1715 2432 huic
1748 2382 1827 2433 of-

137 2469 253 2518 ficio
285 2466 629 2526 satisfaceret,
677 2463 907 2512 laesisset
940 2462 1190 2526 pietatem.
1258 2461 1369 2510 Hae
1416 2461 1641 2511 mulieris
1676 2462 1828 2512 virtu-

138 2555 218 2599 tes
253 2547 401 2613 plane
435 2543 711 2595 contrariae
746 2547 859 2591 sunt
890 2541 1041 2601 vitiis,
1076 2540 1252 2603 quibus
1288 2545 1342 2590 et
1372 2541 1633 2606 Eriphyle,
1667 2547 1830 2593 mater

137 2625 472 2683 Alcmeonis,
498 2629 548 2673 et
573 2621 864 2682 Callirrhoe,
886 2622 1013 2670 uxot
1038 2619 1279 2681 eiusdem,
1305 2621 1538 2684 coniuges
1563 2636 1679 2671 suos
1711 2638 1828 2687 per-

138 2707 372 2759 diderunt
392 2704 462 2770 *).

271 2787 559 2843 Alcmaeon,
594 2788 649 2833 ut
682 2781 923 2841 excusari,
957 2781 1024 2829 ita
1058 2795 1156 2828 non
1189 2780 1388 2845 purgari
1423 2784 1607 2846 potest,
1641 2779 1826 2830 fidissi·

140 2885 270 2920 mam
292 2867 551 2931 coniugem
575 2863 831 2927 decipiens
860 2867 912 2910 et
933 2877 1025 2926 per
1060 2859 1282 2908 fraudem
1310 2876 1551 2924 quaerens
1585 2861 1654 2920 id,
1693 2861 1828 2925 quod

140 2950 412 3014 impetrare
442 2944 748 3012 ingenuitate
780 2942 1004 3006 potuisse
1034 2939 1248 2990 videtur.
1317 2939 1418 2989 Sed
1462 2939 1690 2990 consulto
1722 2940 1826 2989 Eu-

140 3029 350 3095 ripides,
383 3041 480 3090 quo
502 3024 658 3088 magis
685 3021 970 3087 splenderet
993 3019 1356 3085 Alphesiboeae
1380 3020 1551 3081 virtuS‚
1582 3019 1714 3070 illius
1737 3019 1826 3070 de-

141 3109 375 3158 teriorem
409 3104 666 3155 effinxisse
698 3116 963 3167 personam
997 3098 1208 3147 videtur.

272 3186 478 3237 Fratres
510 3184 657 3234 huius
702 3197 800 3246 quo
846 3179 1000 3243 magis
1034 3178 1172 3228 inviti
1222 3178 1571 3229 Alcmaeonem
1615 3195 1824 3230 necave-

142 3271 269 3330 rant,
302 3266 400 3316 hoc
433 3264 590 3330 magis
626 3279 712 3313 eos
748 3258 1030 3310 exacerbari
1064 3259 1246 3307 sororis
1281 3259 1555 3324 opprobriis
1580 3260 1825 3323 minisque

145 3363 236 3414 par
269 3350 393 3396 erat.
461 3343 696 3394 Ceterum
732 3344 909 3408 sponte
942 3343 994 3387 et
1028 3338 1134 3387 sine
1165 3339 1322 3403 patris
1352 3338 1648 3388 auctoritate
1681 3354 1822 3389 soro-

212 3505 264 3559 *)
293 3505 362 3574 Cf.
391 3505 577 3550 Schoell
605 3504 661 3547 de
690 3504 838 3548 tetral.
868 3505 990 3557 trag.
1018 3498 1106 3543 Att.
1137 3513 1182 3555 p.
1211 3496 1310 3543 134.
1529 3567 1557 3596 *

1451 3570 1516 3616 13
