2144 3854
945 296 1027 353 63

136 461 313 510 gosum
354 444 666 504 reddidisse,
717 446 773 492 ut
818 443 952 492 senis
998 458 1118 506 prae
1166 458 1223 494 se
1269 441 1479 493 formam
1513 445 1834 510 speciemque

138 527 329 588 ferret3
374 531 630 592 postremo
676 528 838 572 sumta
884 524 1010 572 deae
1043 523 1284 587 imagine,
1339 526 1516 574 mirum
1551 527 1599 575 in
1632 528 1833 577 modum

138 606 203 657 ad
238 605 728 672 obstupefaciendum
762 603 936 669 vulgus
969 604 1238 666 instructa,
1272 605 1321 652 in
1356 606 1530 655 urbem
1564 608 1836 672 ingressam

139 703 256 737 esse
290 703 403 737 cum
437 687 595 750 prima
623 682 785 733 luce.”
1388 732 1391 733 ι

269 767 439 816 Habes
456 782 625 822 verum
639 765 882 829 prooemii
906 769 1278 830 argumentum3
1306 767 1565 829 cognoscis
1586 769 1684 817 diei
1708 775 1836 819 tem-

138 863 235 914 pus
261 848 323 896 ad
346 847 429 896 illa
452 847 503 895 in
526 846 723 911 publico
753 847 1044 910 exponenda
1070 845 1474 910 instituendaque
1500 849 1836 913 aptissimum3

138 928 279 977 vides
331 926 545 976 Medeae
587 925 800 975 formam
836 927 1171 990 vestitumque
1204 933 1543 991 permutatum
1577 945 1690 979 cum
1726 931 1838 980 Dia-

139 1024 234 1058 nae
267 1007 560 1066 simulacro,
595 1007 820 1056 manibus
855 1007 964 1056 eius
997 1007 1260 1072 imposit03
1301 1008 1543 1074 intelligis
1580 1012 1744 1060 omnia
1778 1013 1840 1061 ad

139 1106 243 1138 rem
277 1088 631 1154 perficiendam
666 1094 836 1152 parata
871 1104 1000 1136 esse.
1069 1087 1185 1135 Sola
1219 1087 1284 1135 de
1319 1104 1409 1136 suo
1443 1090 1688 1141 adiecisse
1721 1093 1839 1142 Dio-

139 1170 315 1219 dorum
351 1169 580 1234 suspicor
614 1185 689 1229 ea,
726 1183 852 1231 quae
888 1168 951 1215 de
987 1167 1282 1216 crudelitate
1306 1167 1473 1219 Peliae
1499 1170 1663 1235 deque
1688 1175 1842 1224 caede

141 1253 463 1314 cognatorum
497 1248 687 1297 retulit.
755 1248 888 1297 Satis
924 1263 1099 1312 magna
1144 1247 1306 1297 Iasoni
1351 1266 1526 1299 caussa
1567 1259 1674 1302 erat:
1719 1255 1842 1303 ulci-

141 1330 333 1390 scendi,
369 1330 503 1395 quod
539 1347 567 1378 a
601 1329 759 1394 patria
788 1329 1042 1391 ablegatus
1078 1330 1131 1376 et
1165 1328 1217 1378 in
1248 1330 1471 1393 pericula
1499 1348 1557 1380 ea
1592 1335 1844 1386 coniectus

143 1416 277 1473 erat,
346 1411 397 1459 in
454 1411 635 1475 quibus
699 1410 808 1459 sine
862 1408 1076 1457 Medeae
1132 1410 1316 1458 auxilio
1361 1414 1668 1475 pereundum
1715 1416 1842 1480 fuit3

142 1508 306 1558 neque
351 1491 521 1540 Peliae
542 1523 544 1526 -
565 1491 875 1540 miserrimus
924 1491 1151 1539 interitus
1199 1491 1587 1542 misericordiam
1643 1513 1846 1570 moyere

142 1573 410 1640 potuisset,
447 1572 491 1620 si
523 1577 622 1620 tam
656 1571 860 1620 nefariis
897 1570 1077 1619 fuisset
1112 1571 1386 1620 sceleribus
1424 1574 1660 1637 pollutus.
1727 1578 1846 1627 Ser-

145 1657 324 1703 vantur
357 1657 523 1701 autem
553 1652 794 1717 prooemii
819 1651 1060 1714 quaedam
1084 1650 1387 1714 fragmenta3
1421 1659 1470 1702 et
1493 1656 1704 1718 primum
1733 1659 1845 1723 qui-

149 1734 282 1791 dem,
319 1748 445 1797 quae
475 1732 574 1780 huc
618 1732 873 1796 pertinere
918 1731 1212 1780 Welckerus
1258 1732 1407 1795 vidit,
1458 1735 1612 1799 stirps
1656 1738 1845 1790 Iasonis

149 1814 428 1864 declaratur
459 1813 598 1861 hisce
632 1812 797 1861 verbis
833 1811 973 1876 (dub.
1006 1812 1184 1876 fragm.
1218 1828 1266 1860 n.
1300 1811 1442 1879 43.):

281 1891 532 1951 Αἴσωνος
565 1889 683 1950 υἱὸς
719 1889 984 1958 Κρηθέως
1017 1890 1111 1956 ἀφ’
1147 1889 1388 1957 αἵματος,

146 1975 399 2035 Iniuriam,
433 1990 529 2038 qua
562 1973 706 2022 Iason
742 1973 950 2022 affectus
988 1978 1124 2035 erat,
1159 1989 1310 2037 quum
1344 1975 1394 2024 in
1430 1975 1724 2030 Colchidem
1760 1983 1846 2031 ab-

150 2057 416 2123 legaretur,
452 2055 579 2104 haec
615 2060 874 2119 spectasse
908 2054 1165 2103 videnturt

274 2136 342 2198 ud
377 2134 425 2187 δ’
460 2133 682 2201 ἔσχατον
716 2131 782 2201 δὴ
816 2137 977 2186 τοῦτο
1013 2131 1330 2199 θαυμαστὸν
1363 2135 1596 2202 βροτοῖς,

281 2216 561 2282 τυραννίς·
596 2216 694 2283 οὐχ
728 2214 905 2283 εὕροις
940 2215 1008 2268 ἂν
1042 2215 1397 2282 ἀθλιώτερον·

283 2299 480 2367 φίλους
511 2315 565 2349 τε
599 2301 826 2364 πορθεῖν
859 2297 951 2351 καὶ
984 2302 1332 2350 κατακτανεῖν
1366 2299 1563 2367 χρεών·

284 2384 528 2442 πλεῖστος
562 2381 735 2447 φόβος
768 2381 1037 2446 πρόςεστι,
1073 2377 1146 2448 μὴ
1183 2380 1421 2445 δράσωσι
1452 2400 1518 2433 τι.

284 2464 456 2529 Pergit
501 2464 684 2513 deinde
725 2464 975 2514 Diodorus
1025 2464 1086 2512 ad
1121 2464 1295 2530 parodi
1326 2471 1671 2530 argumentum
1707 2483 1849 2518 enar-

153 2545 361 2596 randum
398 2546 502 2593 sic:

285 2621 738 2689 ἑνθουσιαζούσης
763 2621 810 2674 δ’
840 2621 1006 2689 αὐτῆς
1029 2620 1141 2674 καὶ
1173 2627 1296 2675 τοῦ
1330 2623 1654 2690 πλήθους
1685 2627 1852 2679 κατὰ

153 2704 274 2767 τὰς
308 2697 512 2765 ὁδοὺς
563 2701 1098 2770 συντρέχοντος,
1147 2703 1534 2770 παραγγέλλειν
1585 2712 1716 2759 πᾶσι
1763 2707 1854 2760 δέ-

154 2790 343 2856 χεσθαι
373 2783 474 2854 τὴν
505 2784 639 2836 θεὸν
672 2784 902 2852 εὐσεβῶς
920 2797 931 2809 ·
967 2786 1216 2849 παρεῖναι
1246 2783 1348 2851 γὰρ
1386 2785 1556 2854 αὐτὴν
1590 2785 1642 2851 ἐξ
1668 2780 1853 2857 ’Τπερ-

157 2866 368 2937 βορέων
401 2865 480 2920 ἐπ’
516 2866 707 2935 ἀγαθῷ
740 2866 956 2934 δαίμονι
987 2872 1052 2933 τῇ
1082 2882 1136 2916 τε
1169 2865 1319 2919 πόλει
1349 2867 1495 2936 πάσῃ
1530 2868 1618 2920 καὶ
1649 2876 1722 2938 τῷ
1754 2871 1854 2938 βα-

157 2953 306 3004 σιλεῖ.
389 2950 623 3002 Πάντων
681 2947 739 3001 δὲ
790 2947 1242 3015 προςκυνούντων
1294 2948 1384 3001 καὶ
1437 2951 1715 3018 τιμώντων
1755 2952 1856 3022 τὴν

157 3032 292 3085 θεὸν
323 3032 572 3093 θυσίαις,
621 3028 714 3083 καὶ
759 3031 820 3083 τὸ
857 3030 1091 3082 σύνολον
1123 3033 1217 3099 τῆς
1248 3030 1452 3094 πόλεως
1485 3030 1693 3103 ἁπάσης
1727 3047 1855 3087 συν-

157 3114 488 3180 θεαζούσης,
525 3113 783 3180 εἷςβαλεῖν
809 3112 1061 3180 Μήδειαν
1095 3112 1168 3174 εἰς
1199 3111 1265 3165 τὰ
1299 3114 1553 3180 βασίλεια.

292 3197 514 3249 Alternis
548 3197 771 3260 strophis
802 3197 928 3245 haec
963 3211 992 3244 a
1024 3194 1208 3244 Medea
1243 3202 1296 3246 et
1329 3198 1511 3260 choro,
1559 3198 1621 3246 ad
1668 3199 1857 3263 primos

158 3276 290 3327 illius
323 3277 538 3326 ululatus
573 3283 915 3339 concurrente,
952 3280 1146 3326 cantata
1179 3293 1293 3326 esse
1325 3279 1598 3343 putandum
1626 3284 1721 3329 est.
1757 3279 1855 3328 Ra-

159 3357 231 3407 tio
278 3357 508 3407 carminis
554 3359 728 3407 similis
779 3373 893 3408 esse
948 3358 1111 3422 potuit
1160 3359 1321 3407 cantui
1356 3360 1429 3421 ei,
1485 3375 1580 3423 quo
1631 3359 1858 3409 Bacchae

162 3437 418 3502 Euripidis
446 3444 559 3488 ante
593 3438 805 3489 Penthei
836 3437 987 3487 aedes
1020 3443 1240 3489 utuntur.
1308 3439 1455 3502 Quod
1490 3439 1668 3489 deinde
1695 3440 1747 3488 in
1773 3456 1857 3489 ae-

163 3515 254 3565 des
287 3517 522 3568 Medeam
555 3520 773 3570 intrasse
805 3518 959 3569 tradit
990 3518 1265 3582 Diodorus‚
1309 3520 1360 3570 id
1406 3521 1480 3570 sic
1514 3520 1856 3584 corrigendum
