2144 3854
1102 278 1222 335 17⁰

326 426 640 479 interfectum
672 423 734 473 ad
767 424 954 474 inferos
985 430 1235 490 sequatur.
1303 423 1720 489 Clytaemnestra,
1759 427 1896 489 gravi
1929 428 2003 477 in·

327 507 454 556 iuria
486 506 617 554 laesa
649 507 708 554 ab
744 505 1123 571 Agamemnone,
1157 521 1270 555 cum
1306 503 1551 568 Telepho,
1587 508 1639 554 et
1665 505 1928 570 peregrino
1950 511 2005 556 et

325 588 485 646 hoste,
519 584 722 633 consilia
755 585 1016 649 coniungit.
1082 586 1297 652 Aerope,
1332 585 1465 634 nulla
1490 584 1671 634 affecta
1689 585 1881 646 iniuria,
1915 587 2006 635 aed

330 666 433 714 sola
477 665 678 714 libidine
724 666 959 731 impulsa,
1017 666 1206 715 nefaria
1250 665 1460 731 perfidia
1509 681 1713 729 regnum
1756 680 1787 714 a
1831 665 2005 715 marito

326 744 388 793 ad
420 744 697 795 adulterum
733 746 967 795 transfert
993 744 1064 809 *).

845 1027 915 1082 A.
1002 1025 1498 1084 Cressae.

455 1144 717 1195 Materiam
763 1144 969 1195 eandem
1016 1145 1290 1212 Sophocles
1337 1153 1483 1212 atque
1528 1145 1795 1212 Euripides
1828 1149 2010 1196 tracta-

326 1232 469 1289 runt,
516 1226 606 1275 sed
638 1223 833 1275 diversa
866 1227 1072 1278 ratione.
1139 1227 1384 1278 Docemur
1416 1233 1579 1278 autem
1614 1226 1679 1276 de
1711 1227 2010 1291 argumentis

324 1308 618 1369 dramatum,
652 1322 776 1370 quae
808 1306 1116 1370 interierunt,
1149 1309 1368 1372 scholiis,
1404 1325 1530 1374 quae
1561 1312 1676 1357 sunt
1707 1307 1768 1355 ad
1805 1306 2009 1372 Euripi-

324 1388 400 1437 dis
435 1387 600 1437 Orest.
631 1403 677 1438 v·
708 1388 821 1436 800.
857 1392 907 1436 et
938 1390 1051 1438 989.
1087 1390 1297 1454 scripta,
1344 1389 1519 1453 quibus
1561 1387 1682 1436 locis
1717 1385 1781 1435 ad
1813 1392 2007 1436 utrum-

324 1484 420 1533 que
452 1473 651 1533 poetam
687 1467 973 1516 nominatim
1006 1474 1321 1531 provocatur,
1355 1475 1406 1519 et
1440 1468 1731 1533 Euripidem
1761 1465 2010 1532 designari

323 1549 402 1597 vel
435 1548 552 1612 inde
582 1550 734 1612 patet,
768 1546 900 1610 quod
934 1547 1218 1614 philosophi
1248 1554 1416 1614 partes
1451 1545 1545 1612 (ὡς
1576 1544 1644 1596 ἂν
1677 1543 2008 1612 φιλοσόφου)

325 1628 477 1676 Atreo
528 1627 736 1675 tributas
788 1626 946 1675 fuisse
989 1628 1242 1678 docemur.
1326 1627 1683 1678 Verumtamen
1725 1627 1789 1675 ad
1831 1641 2011 1690 prooe-

325 1708 475 1756 mium
511 1707 764 1755 dumtaxat
796 1708 1047 1772 pertinent
1093 1724 1219 1773 quae
1263 1708 1333 1758 ihi
1365 1708 1682 1768 referuntur3
1730 1705 1920 1768 reliqua
1952 1705 2012 1754 ab

321 1788 518 1853 Hygino
554 1787 859 1852 supplentur,
896 1788 980 1852 qui
1015 1805 1058 1838 c.
1092 1792 1174 1840 88.
1208 1790 1392 1838 haecce
1425 1789 1609 1838 refert:
1644 1787 1881 1847 ‚,Atreus,
1914 1784 2012 1835 Pe-

321 1867 452 1932 lopis
486 1872 537 1916 et
570 1866 931 1932 Hippodamiae
967 1869 1129 1929 filius,
1165 1870 1370 1935 cupiens
1404 1886 1431 1917 a
1466 1869 1693 1933 Thyeste
1727 1865 1887 1914 fratre
1921 1881 2015 1915 suo

320 1947 525 1997 iniurias
559 1947 790 2011 exsequi,
842 1948 890 1995 in
937 1950 1142 2013 gratiam
1189 1966 1303 1999 cum
1350 1966 1409 1998 eo
1457 1949 1607 1998 rediit
1640 1953 1693 1996 et
1724 1947 1774 1996 in
1806 1960 2013 2011 regnum

322 2044 467 2077 suum
500 2043 611 2076 eum
646 2027 844 2075 reduxit
874 2028 1103 2092 filiosque
1136 2031 1242 2078 eins
1274 2030 1488 2079 infantes
1522 2027 1784 2077 Tantalum
1820 2031 1872 2076 et
1910 2025 2012 2074 Pli-

322 2107 551 2156 sthenem
586 2107 770 2155 occidit
804 2112 856 2156 et
882 2108 1038 2172 epulis
1063 2108 1276 2173 Thyesti
1294 2109 1541 2175 apposuit.
1578 2109 1675 2172 Qui
1705 2123 1816 2158 cum
1841 2122 2013 2156 vesce-

321 2192 489 2246 retur,
530 2186 712 2236 Atreus
758 2187 1018 2253 imperavit
1063 2190 1263 2239 brachia
1297 2195 1350 2238 et
1386 2206 1471 2238 ora
1506 2204 1779 2254 puerorum
1813 2186 2014 2237 afferri:

320 2268 384 2316 ob
431 2268 482 2316 id
529 2266 692 2314 scelus
741 2268 891 2316 etiam
926 2269 1002 2316 sol
1037 2285 1236 2318 currum
1270 2270 1466 2318 avertit.
1536 2269 1788 2333 Thyestes
1822 2267 2014 2317 scelere

320 2347 513 2396 nefario
549 2348 743 2410 cognito
778 2347 997 2414 profugit
1031 2348 1092 2396 ad
1126 2366 1294 2414 regem
1329 2346 1702 2415 Thesprotum’'
1738 2351 1838 2396 etc.
1906 2346 2013 2395 Ho-

321 2444 429 2476 rum
465 2427 703 2493 pleraque
736 2444 847 2476 cum
882 2428 1179 2494 fragmentis
1215 2429 1523 2494 conspirant3
1569 2427 1895 2478 removendae
1928 2443 2015 2476 au—

319 2515 425 2557 tem
459 2512 572 2556 sunt
604 2508 731 2556 duae
763 2524 862 2557 reS.
929 2508 1148 2557 Primum
1198 2511 1328 2558 enim
1380 2526 1440 2558 ex
1474 2510 1587 2558 filiis
1621 2508 1862 2573 Thyestis
1895 2523 2018 2556 non-

319 2588 418 2636 nisi
451 2604 577 2637 unus
613 2588 849 2654 puerulus
884 2594 1015 2650 erat,
1063 2590 1190 2638 alter
1223 2590 1419 2638 adultus
1454 2607 1563 2639 cum
1601 2595 1740 2655 patre
1773 2589 1839 2637 de
1870 2603 2018 2637 recu-

320 2667 541 2734 perando
575 2684 728 2732 regno
762 2684 1041 2719 sermonem
1077 2669 1380 2719 conferebat.
1449 2669 1639 2719 Deinde
1673 2685 1736 2719 ex
1770 2668 2018 2733 Sophocle
2079 2722 2082 2725 ⁴

323 2749 570 2798 adiectum
598 2754 683 2804 est
716 2749 872 2798 solem
908 2766 1109 2799 currum
1144 2751 1414 2800 avertisse:
1464 2750 1727 2813 Euripides
1763 2749 1891 2797 enim
1908 2753 2015 2796 tan-

322 2834 428 2878 tum
480 2830 668 2892 abfuit,
715 2834 772 2878 ut
823 2830 1163 2894 superstitioni
1213 2830 1570 2893 suffragaretur
1598 2827 1712 2893 **)‚
1766 2832 1821 2876 ut
1867 2826 2018 2876 doce-

322 2915 401 2959 ret
434 2910 513 2970 id,
567 2909 701 2974 quod
736 2915 840 2968 est,
891 2912 1189 2960 contrarium
1223 2910 1365 2958 coelo
1399 2925 1598 2958 cursum
1633 2915 1806 2957 tenere
1841 2907 2017 2966 solem,

320 2989 471 3053 idque
521 2989 583 3038 ab
630 2990 785 3040 Atreo
845 2991 1004 3055 primo
1054 2991 1335 3040 hominibus
1385 2988 1690 3055 patefactum
1754 3004 1869 3038 esse
1888 2984 2018 3051 ***).

321 3068 500 3119 Suidas
535 3084 730 3133 quoque
762 3071 827 3120 ad
861 3070 1153 3135 Euripidem
1187 3070 1408 3135 respexit
1441 3068 1666 3117 referens
1702 3067 1808 3117 sola
1853 3066 2017 3132 suspi-

376 3195 422 3251 *)
451 3195 521 3238 Cf.
550 3194 749 3239 Schoell.
779 3197 834 3240 de
866 3197 1113 3255 tetralogiis
1141 3194 1300 3253 tragic.
1330 3193 1460 3236 Attio.
1491 3209 1537 3249 1».
1567 3192 1653 3236 13⁰
1679 3208 1804 3249 seqq.

363 3267 425 3320 '’)
453 3267 620 3309 Electr.
649 3266 757 3309 737:
789 3266 985 3322 λέγεται·
1015 3266 1104 3311 τᾶν
1134 3266 1184 3311 δὲ
1210 3266 1363 3310 πίστιν
1392 3263 1585 3320 σμικρὰν
1612 3262 1720 3321 παρ’
1748 3259 1891 3319 ἔμοιγ’
1912 3260 2014 3318 ἔχει,

336 3337 428 3392 ***)
455 3338 611 3380 schol.
641 3337 698 3379 ad
728 3337 873 3380 Orest.
902 3337 1011 3381 989:
1053 3337 1326 3386 πιθανῶς
1364 3335 1414 3379 δὲ
1455 3333 1480 3378 ὁ
1519 3332 1781 3391 Εὐριπίδης
1812 3333 1896 3377 τὸν
1933 3333 2018 3388 μῦ-

465 3410 558 3452 θον
583 3406 962 3465 παρήρμοσεν
979 3424 991 3435 ·
1023 3407 1049 3451 ὁ
1079 3408 1166 3466 γὰρ
1196 3404 1391 3463 φυσικὸς
1418 3405 1551 3461 λόγος
1569 3403 1652 3450 τὸν
1670 3401 1802 3462 ἥλιον
1822 3401 2015 3448 ἀποδεί-

466 3492 597 3522 κνυσι
624 3476 710 3535 τὴν
740 3476 953 3524 ἐναντίαν
980 3479 1171 3537 πορείαν
1194 3476 1327 3522 ἰόντα
1355 3478 1420 3535 τῷ
1450 3473 1648 3535 οὐρανῷ.
2048 3478 2053 3485 ’
