2144 3854
927 264 1049 323 165

270 418 433 468 τοῦτο
466 416 684 466 σκοπεῖν
715 411 847 480 χρή·
881 409 1147 476 καὶγὰρ
1182 406 1254 462 ἐν
1287 382 1764 480 βακχελύμασιω

272 491 414 549 οὗσ’
447 494 482 564 ἥ
515 512 587 562 γε
622 493 918 559 σώφρων
951 491 1032 542 οὐ
1066 491 1632 561 διαφθαρήσεται.

44 609 52 623 .
139 578 316 644 Neque
348 578 473 627 haec
504 577 626 626 dicit
658 580 876 636 tantum,
924 574 1015 622 sed
1063 574 1214 622 etiam
1265 576 1505 640 exemplis
1555 578 1831 643 confirmat,

138 658 530 722 quandoquidem
568 662 619 706 et
652 656 920 714 PentheuS,
950 654 1136 702 Bacchi
1171 659 1464 717 contemtor,
1499 663 1552 706 et
1586 658 1833 724 Hippoly-

137 744 239 796 tus,
274 739 535 787 mulierum
556 735 868 798 Venerisque
892 750 1025 794 osor,
1061 735 1340 783 miserrimo
1380 735 1527 785 modo
1561 738 1831 789 intereunt.

139 817 287 867 Unde
322 817 629 882 Euripidem,
663 816 884 879 quamvis
917 815 1212 880 plerumque
1246 815 1381 863 vultu
1417 817 1554 880 gravi
1575 834 1632 865 ac
1658 835 1833 868 severo

137 898 372 963 prodiens
408 898 810 962 conspiceretur,
846 896 1067 960 quamvis
1100 896 1279 943 vitaret
1312 895 1564 944 hominum
1599 913 1832 963 congres-

135 993 239 1038 sus,
274 978 496 1043 quamvis
531 993 702 1042 saepe,
738 975 964 1042 neglecta
998 992 1056 1025 re
1091 974 1338 1037 familiari,
1373 976 1426 1024 in
1456 977 1666 1025 insulam
1694 977 1833 1026 Sala-

134 1058 315 1107 minem
350 1062 500 1122 atque
530 1058 580 1106 in
613 1063 837 1116 antrum,
886 1057 949 1105 ad
984 1073 1120 1105 mare
1154 1057 1334 1115 situm,
1381 1056 1652 1105 solitarium
1691 1073 1832 1106 sece-

133 1137 314 1199 deret,
347 1144 512 1191 tamen
546 1153 708 1202 neque
730 1137 803 1185 ab
837 1137 1089 1186 hilaritate
1122 1153 1285 1201 neque
1319 1153 1348 1185 a
1382 1136 1639 1202 voluptate
1674 1155 1836 1203 neque

128 1234 162 1266 a
196 1218 525 1267 conviviorum
577 1218 776 1268 licentia
809 1217 1127 1267 abhorruisse
1161 1221 1385 1283 apparet.
1452 1217 1574 1266 Fuit
1606 1218 1693 1267 ille
1723 1219 1833 1282 qui-

132 1297 247 1347 dem
283 1299 391 1347 sine
425 1299 576 1348 dubio
610 1299 801 1347 alienus
835 1314 864 1345 a
896 1299 1098 1347 levitate
1132 1297 1425 1364 Sophoclis,
1461 1314 1555 1363 qua
1587 1298 1833 1348 offensum

133 1394 248 1428 esse
280 1377 547 1441 Periclem,
582 1379 824 1443 collegam
860 1379 968 1428 eius
992 1379 1044 1427 in
1067 1383 1302 1444 praetura
1330 1378 1564 1443 gerenda,
1598 1380 1836 1429 memoria

131 1460 523 1524 est‘proditum3
559 1460 649 1508 sed
682 1460 816 1508 idem
851 1460 1010 1508 multo
1044 1460 1204 1523 magis
1238 1459 1429 1516 alienus
1464 1476 1493 1523 a
1525 1460 1835 1521 morositate,

132 1556 162 1587 a
194 1540 475 1589 rusticitate
509 1555 567 1586 ac
601 1539 834 1600 dur-itate,
869 1539 930 1587 ab
959 1539 1194 1587 affectata
1218 1539 1448 1588 castitate
1478 1544 1530 1588 et
1556 1540 1834 1590 sanctitate.

132 1617 398 1668 Venustati
433 1635 489 1666 se
521 1618 746 1677 habitus,
783 1634 936 1681 quum
970 1618 1160 1667 iuvenis
1195 1623 1360 1679 esset,
1394 1619 1650 1668 studuisse
1683 1624 1834 1668 testa-

133 1703 216 1746 tur
250 1697 380 1761 apud
415 1697 797 1761 Aristophanem
831 1697 1038 1746 Thesm.
1072 1714 1118 1746 v.
1160 1702 1272 1749 173.
1357 1699 1685 1749 Mulierosum
1719 1715 1836 1749 eum

133 1777 295 1827 fuisse
327 1761 530 1841 scripsit
564 1777 900 1841 Hieronymus
935 1778 985 1825 in
1017 1778 1268 1826 historicis
1303 1780 1669 1828 commentariis
1701 1779 1835 1844 apud

135 1857 442 1906 Athenaeum
471 1856 596 1905 Xlll.
623 1875 672 1922 p.
703 1859 814 1905 557.
843 1857 903 1908 E.
970 1858 1126 1905 Addit
1160 1858 1290 1905 idem
1326 1858 1644 1922 Sophoclem,
1680 1876 1834 1924 quum

133 1937 338 2001 quidam
381 1938 427 1985 ei
479 1937 688 1985 dixisset
730 1936 1017 2001 Euripidem
1066 1935 1278 1985 feminas
1325 1939 1572 1998 aversari,
1626 1955 1833 2004 respon-

131 2017 288 2079 disse,
322 2017 375 2065 in
408 2016 675 2080 tragoediis
710 2017 910 2079 quidem
946 2017 1185 2074 aversari,
1222 2022 1273 2065 at
1306 2018 1354 2066 in
1388 2018 1540 2067 cubili
1573 2035 1688 2068 esse
1725 2019 1833 2069 illa-

130 2115 241 2147 rum
274 2097 684 2146 amantissimum.
754 2096 865 2145 Non
899 2097 1232 2162 persuadetur
1265 2097 1385 2146 mihi
1435 2104 1521 2148 aut
1567 2104 1670 2148 tam
1717 2116 1834 2163 per-

128 2194 273 2228 verse
306 2178 370 2226 de
403 2177 657 2242 Euripidis
691 2177 963 2242 tragoediis
995 2177 1242 2242 iudicasse
1277 2177 1580 2243 Sophoclem
1626 2185 1738 2240 aut,
1783 2180 1836 2230 iu

129 2257 476 2324 Aristophanis
509 2258 659 2306 verba
691 2258 964 2320 iurantem,
1016 2258 1149 2306 serio
1183 2259 1431 2323 repetisse
1464 2274 1592 2322 quae
1626 2259 1690 2307 de
1724 2276 1833 2308 mu-

130 2339 305 2387 lierum
342 2337 458 2386 odio
493 2340 715 2387 comicus
750 2339 922 2387 iocose
967 2339 1254 2387 criminatus
1302 2344 1424 2388 erat.
1491 2339 1832 2389 Mulierosita-

129 2420 197 2469 tis
242 2423 407 2467 autem
454 2419 816 2482 Aristophanes
869 2435 1065 2483 quoque
1101 2419 1396 2483 Euripidem
1430 2435 1667 2469 accusare
1696 2420 1832 2469 vide-

128 2505 211 2548 tur
242 2498 330 2546 illo
363 2497 609 2546 Ranarum
647 2499 788 2556 loco,
839 2515 935 2562 quo
986 2499 1322 2562 Aeschylum,
1367 2516 1516 2562 quum
1563 2501 1832 2564 Euripides

129 2595 244 2628 eum
279 2577 480 2628 Venere
515 2593 572 2625 ac
607 2583 866 2626 venustate
900 2580 1121 2639 caruisse
1156 2579 1364 2628 dixisset
1410 2578 1503 2642 (οὐ
1550 2577 1654 2644 γὰρ
1700 2577 1833 2647 ἐπῆν

128 2660 222 2725 τῆς
247 2650 564 2724 Ἀφροδίτης
598 2653 760 2707 οὐδέν
795 2657 923 2722 σοι),
957 2657 1082 2706 haec
1117 2657 1236 2707 facit
1269 2660 1688 2723 respondentem:

987 2734 1121 2802 μηδέ
1154 2739 1204 2802 γ’
1240 2733 1416 2803 ἐπείη·

262 2818 375 2870 ἀλλ’
411 2817 495 2870 ἐπὶ
529 2818 637 2870 σοί
680 2836 788 2871 τοι
820 2816 934 2870 καὶ
977 2820 1122 2878 τοῖς
1156 2820 1393 2869 σοῖσιν
1425 2816 1594 2885 πολλὴ
1627 2820 1831 2871 πολλοῦ

991 2901 1295 2968 ’πικαθῆτο,

257 2979 424 3043 &gn
458 2999 530 3049 γε
563 2981 829 3034 καύτόν
862 2990 931 3031 σε
964 2982 1104 3031 κατ’
1141 2974 1266 3032 οὖν
1300 2980 1556 3047 ἔβαλεν.

125 3064 265 3114 Haec
309 3065 462 3114 verba
505 3065 856 3114 immensarum
893 3063 1287 3113 criminationum
1320 3062 1683 3128 posterioribus
1716 3062 1828 3111 fons

124 3144 341 3194 fuerunt.
423 3145 493 3194 Et
538 3146 740 3210 quidem
783 3145 833 3192 in
878 3159 1062 3192 uxores
1107 3144 1361 3208 Euripidis
1410 3159 1581 3193 omnes
1633 3158 1829 3190 omnem

124 3224 417 3275 calumniam
452 3225 803 3275 conferendam
839 3240 953 3272 esse
988 3223 1253 3282 duxerunt,
1288 3224 1516 3288 quoniam
1549 3223 1706 3287 ipsius
1755 3221 1828 3269 vi-

124 3311 205 3353 tae
238 3305 474 3354 sanctitas
519 3323 584 3355 ne
629 3305 963 3370 suspicionem
999 3304 1200 3368 quidem
1234 3304 1451 3354 libidinis
1485 3304 1590 3368 pati
1623 3302 1825 3351 videba-

126 3389 223 3436 tur.
293 3384 471 3434 Ortum
519 3391 687 3436 autem
735 3390 785 3435 et
834 3386 1196 3434 incrementum
1231 3385 1625 3434 criminationum
1660 3397 1825 3447 gram-

96 3464 413 3514 'maticorum
462 3467 591 3516 notis
635 3469 1063 3531 repraesentatum
1111 3466 1399 3530 conspicere
1450 3465 1581 3514 licet.
1664 3461 1825 3511 Scho-
