2176 3874
921 303 1044 360 449

132 465 224 501 cae
255 450 517 500 invasionis
551 449 736 500 famam
769 465 830 500 eo
863 454 1106 514 tempore,
1141 466 1237 515 quo
1270 452 1453 517 scripta
1477 453 1544 502 sit
1574 453 1700 503 haec
1720 457 1819 504 tra-

133 531 343 595 goedia,
405 531 568 580 denuo
614 531 880 580 excitatam
926 529 1118 590 fuisse,
1178 531 1365 580 exortis
1424 532 1507 595 qui
1551 533 1711 582 victos
1759 535 1820 584 ab

133 610 423 676 alienigenis
456 611 782 660 Athenienses
815 609 1187 675 peregrinorum
1230 626 1404 674 regum
1437 611 1820 664 dominationem

133 691 330 740 subisse
361 691 617 740 iactarent.
682 690 888 740 Scilicet
919 688 1066 737 otiosi
1108 704 1308 753 semper
1340 707 1433 754 per
1476 690 1561 738 illa
1595 696 1822 757 tempora

133 774 277 819 erant
308 770 658 832 Athenienses,
693 769 816 819 nihil
849 783 1134 834 magnarum
1169 784 1336 817 rerum
1373 771 1634 832 curabant,
1669 771 1818 822 nullis

132 849 275 899 malis
306 850 614 901 laborabant.
682 850 885 914 ltaque,
920 853 974 896 ut
1006 848 1090 908 fit,
1136 848 1199 896 ad
1234 847 1590 909 alienissimas,
1636 850 1819 901 vilissi-

132 945 271 991 mas,
305 930 664 979 remotissimas
707 945 790 978 res
822 928 1010 976 animos
1046 926 1362 976 advertentes
1397 928 1461 976 de
1496 930 1665 993 stirpis
1700 947 1820 981 suae

130 1009 417 1074 incorrupta
451 1010 736 1076 integritate
779 1008 1095 1072 quaerebant.
1163 1007 1322 1070 Quam
1356 1010 1697 1071 quaestionem
1730 1027 1818 1061 ex-

131 1089 304 1154 plicari
339 1106 489 1154 quum
509 1090 688 1139 summi
709 1087 948 1137 momenti
982 1103 1095 1136 esse
1115 1087 1324 1137 duceret
1355 1087 1644 1152 Euripides,
1680 1106 1816 1140 com-

131 1174 328 1219 mentus
362 1174 439 1218 est
470 1170 708 1218 rationem
743 1184 862 1217 sane
897 1167 1243 1228 artificiosam,
1288 1183 1386 1231 qua
1429 1169 1637 1233 probata
1683 1170 1817 1219 cives

130 1264 295 1298 meros
338 1264 395 1297 se
441 1248 803 1298 autochthones
848 1263 962 1296 esse
1009 1248 1274 1296 crederent
1319 1248 1674 1298 confidentius.
1741 1250 1818 1300 Ea

128 1343 249 1379 vero
281 1343 398 1378 cura
431 1327 578 1394 digna
610 1332 747 1377 tanto
780 1327 880 1375 fuit
911 1327 1097 1391 populo
1117 1332 1354 1390 tantoque
1370 1325 1542 1392 poeta!
1588 1329 1816 1391 Accedit,

129 1413 188 1457 ut
218 1407 410 1458 fructus
454 1423 518 1456 ex
565 1424 625 1457 ea
657 1406 971 1470 inquisitione
1014 1407 1153 1456 nasci
1195 1408 1451 1471 potuerint
1495 1408 1816 1472 amplissimi:

127 1503 242 1538 nam
299 1487 583 1537 certissime
640 1487 954 1548 SicilienseS,
1008 1488 1053 1535 si
1101 1502 1245 1535 veros
1295 1487 1618 1552 sincerosque
1670 1489 1815 1539 Iones

126 1566 456 1618 Athenienses
490 1583 605 1615 esse
638 1567 1024 1615 demonstratum
1060 1572 1226 1628 esset,
1260 1583 1411 1631 quum
1445 1568 1667 1618 eiusdem
1702 1570 1816 1618 stir-

125 1648 204 1712 pis
237 1650 430 1710 partem
476 1646 728 1695 civitatum
763 1645 1069 1694 Sicilicarum
1104 1663 1219 1696 esse
1251 1649 1617 1710 meminissent,
1660 1650 1815 1699 vehe-

127 1727 281 1776 menti
313 1725 480 1775 studio
502 1725 766 1775 amicitiam
787 1726 984 1775 illorum
1010 1727 1242 1791 amplecti
1264 1743 1472 1777 necesse
1492 1734 1612 1779 erat.
1647 1729 1814 1791 Quan-

127 1811 237 1856 tum
270 1806 425 1872 igitur
457 1805 508 1857 in
542 1805 784 1870 Euripide
819 1805 931 1868 fuit,
967 1805 1137 1856 Sicilia
1171 1808 1322 1872 potiri
1354 1813 1628 1874 potuerunt
1658 1810 1813 1861 Athe-

126 1887 346 1939 nienseS.

259 1965 362 2016 Sed
398 1967 528 2016 serio
575 1983 683 2017 rem
728 1982 948 2032 agamus.
1016 1967 1127 2030 Quo
1175 1969 1455 2033 pertineant
1498 1968 1581 2018 illa
1626 1970 1692 2018 de
1724 1984 1812 2033 ge-

125 2045 289 2097 nuinis
323 2048 604 2111 spuriisque
637 2046 755 2095 filiis
790 2047 952 2107 dicta,
988 2047 1200 2111 cognitis
1233 2047 1323 2109 iis,
1358 2063 1487 2111 quae
1519 2049 1585 2098 de
1617 2049 1813 2114 spurio-

125 2142 236 2175 rum
270 2127 584 2176 damnatione
627 2142 720 2191 per
754 2125 1000 2174 Periclem
1041 2126 1173 2175 facta
1221 2126 1383 2191 deque
1422 2128 1699 2178 eorundem
1731 2144 1812 2178 re-

123 2206 386 2256 stitutione
409 2206 703 2255 Plutarchus
736 2206 786 2255 in
819 2206 948 2254 illius
976 2206 1078 2254 vita
1111 2221 1155 2255 c.
1176 2209 1258 2258 3⁷.
1296 2207 1513 2272 scripsit,
1547 2208 1812 2274 intelliges

122 2285 388 2335 Simillima
419 2286 516 2336 fuit
549 2286 709 2351 spurii
741 2285 949 2335 Periclis
984 2286 1074 2334 filii
1105 2291 1254 2350 atque
1286 2286 1415 2337 Ionis
1449 2289 1702 2352 conditio,
1737 2293 1812 2337 at-

125 2381 224 2431 que
256 2365 453 2414 omnino
488 2365 708 2414 omnium
742 2366 1026 2430 spuriorum
1062 2381 1286 2414 caussam
1322 2383 1435 2416 cum
1468 2367 1601 2416 Ionis
1638 2382 1812 2417 caussa

126 2444 410 2508 suscepisse
433 2444 699 2509 Euripides
724 2444 934 2495 videtur.
1005 2444 1071 2492 Et
1103 2445 1404 2510 reipublicae
1438 2446 1812 2495 Atheniensium

124 2529 304 2585 status,
339 2540 486 2589 quem
523 2523 740 2573 ostendit
773 2523 1088 2585 Plutarchus,
1120 2525 1230 2590 ipse
1264 2525 1558 2589 exprimitur
1590 2527 1668 2576 his
1703 2527 1811 2576 Eu-

122 2603 298 2671 ripidis
334 2604 528 2654 verbis:
980 2648 982 2650 ,
1045 2590 1053 2597 ’

253 2677 598 2748 πενομὲνα
630 2681 734 2749 γὰρ
770 2681 838 2734 ἂν
869 2682 1020 2744 πόλις
1053 2680 1163 2749 ἔχοι
1197 2685 1394 2751 σκῆψιν

256 2763 464 2827 ξενικὸν
498 2763 740 2829 εἷςβολοέν

121 2861 167 2895 v.
190 2847 325 2908 721„
391 2847 537 2896 uibus
572 2844 701 2894 adde
738 2846 832 2892 591
856 2859 995 2908 seqq.
1031 2847 1130 2894 836
1156 2862 1292 2910 seqq.
1328 2848 1457 2894 1058
1483 2861 1620 2909 seqq.
1667 2845 1810 2895 Haec

122 2941 236 2975 cum
293 2925 534 2991 legimus,
595 2940 756 2974 nonne
801 2924 1133 2973 Athenienses
1194 2925 1332 2989 ipsos
1388 2926 1696 2990 disputantes
1746 2925 1811 2974 de

120 3004 231 3054 iure
265 3003 476 3055 civitatis
510 3006 683 3055 audire
718 3005 857 3054 nobis
892 3003 1143 3066 videmur,
1187 3022 1337 3070 quum
1371 3006 1530 3070 gentis
1566 3021 1685 3054 suae
1719 3021 1809 3054 no-

128 3083 321 3134 bilitate
364 3086 710 3151 superbientes
759 3083 954 3149 spurios
994 3073 1261 3150 respuant?
1335 3086 1576 3135 Eiusdem
1610 3085 1808 3150 generis

123 3169 233 3226 est,
283 3166 420 3229 quod
453 3165 568 3226 Ion,
622 3181 719 3230 quo
755 3166 865 3213 loco
913 3164 1124 3228 primum
1160 3181 1437 3214 sermonem
1474 3181 1584 3213 cum
1620 3165 1809 3214 femina

122 3242 420 3294 Atheniensi
453 3245 610 3296 nobili
644 3246 875 3305 conserit,
910 3244 1050 3304 nihil,
1084 3245 1217 3308 quod
1239 3261 1301 3294 ex
1328 3262 1386 3295 ea
1409 3250 1631 3310 quaerat,
1669 3246 1806 3310 prius

120 3323 292 3384 habet,
326 3339 471 3387 quam
504 3324 938 3392 originemgentis
970 3323 1196 3373 Atticae:

252 3400 312 3454 ἐκ
342 3404 442 3472 γῆς
474 3403 673 3471 πατρός
705 3414 807 3457 σου
854 3402 1120 3469 πρόγονος
1160 3398 1410 3468 ἔβλαστεν
1443 3403 1645 3470 marafim
1691 3403 1800 3454 κτλ.

1114 3484 1182 3548 (v.
1218 3482 1354 3547 2⁷0.)

1409 3565 1475 3612 29
