2144 3854
1170 256 1253 313 9⁰

380 420 515 454 mum
549 407 735 463 aetate,
769 416 865 465 qua
898 403 1086 466 sperari
1118 403 1320 452 minime
1370 407 1601 468 poterat,
1653 407 1883 472 adeptus*
1907 416 1959 459 et
2003 412 2054 461 in

379 484 548 532 limine
580 482 709 531 vitae
742 480 939 530 tandem
974 487 1147 530 nactus·
1180 483 1358 531 bonum
1394 482 1475 544 id,
1511 484 1650 532 cuius
1684 484 1932 539 desiderio
1964 507 2057 557 per

379 567 533 612 totum
569 560 863 610 matrimonii
896 565 1092 628 tempus
1126 564 1443 629 flagraverat:

504 639 682 708 γύναι,
718 639 877 704 φίλον
909 639 1006 705 μὲν
1040 640 1236 708 φέγγος
1267 642 1421 709 ἡλίου
1456 634 1601 701 τόδε,’

505 718 670 774 καλὸν
702 718 759 772 δὲ
789 721 991 772 πόντου
1025 725 1172 788 χεῦμ’
1208 723 1341 775 ι’δεῖν
1372 723 1646 790 εὐήνεμον,

505 805 573 871 γῆ
605 804 650 853 τ’
683 799 872 868 ἠρινὸν
903 802 1179 855 θάλλουσα
1210 804 1466 855 πλούσιόν
1499 806 1556 855 θ’
1590 802 1755 871 ὕδωρ,

504 885 718 935 πολλῶν
749 883 795 933 τ’
831 879 1051 935 ἔπαινον
1095 883 1202 936 ἔστι
1235 903 1327 950 μοι
1360 884 1498 948 λέξαι
1529 887 1706 937 καλῶν
1721 899 1736 914 ·

505 963 613 1015 ἄλλ’
649 962 806 1016 οὐδὲν
840 963 978 1016 οὕτω
1011 966 1256 1032 λαμπρὸν
1290 967 1406 1018 οὐδ’
1443 966 1575 1018 ἰδεῖν
1607 967 1789 1031 καλόν,
1870 990 1883 995 ·⁴

504 1043 576 1105 ὥς
609 1048 719 1106 τοῖς
752 1047 934 1097 ἄπαισι
967 1044 1056 1097 καὶ
1088 1047 1244 1115 πόθῳ
1280 1045 1619 1114 δεδηγμένοις

501 1125 709 1178 παίδων
728 1120 977 1192 Ἇνεογνῶν
1011 1126 1070 1179 ἐν
1102 1127 1287 1194 δόμοις
1322 1127 1455 1180 ἰδεῖν
1487 1129 1640 1194 φάος.

371 1210 676 1260 iuventutem
710 1209 801 1256 sibi
835 1209 1033 1258 restitui
1070 1216 1235 1276 optat,
1282 1227 1376 1275 quo
1412 1216 1461 1259 et
1499 1210 1804 1261 commodius
1840 1209 2052 1262 educare

370 1305 579 1354 puerum
616 1294 668 1337 et
700 1290 884 1338 certius
918 1289 1135 1339 adultum
1170 1290 1339 1340 videre
1373 1297 1547 1354 queat:

500 1366 590 1420 καὶ
622 1371 727 1419 νῦν
758 1370 999 1433 παραινῶ
1033 1373 1160 1421 πᾶσι
1192 1372 1303 1429 τοῖς
1334 1367 1623 1433 νεωτέροις,

500 1447 573 1515 μὴ
607 1448 741 1512 πρὸς
773 1448 833 1500 τὸ
866 1453 1033 1518 γῆρας
1064 1444 1191 1511 τοὺς
1223 1452 1427 1517 γάμους
1459 1448 1818 1516 ποιουμένους

502 1532 663 1596 σχολῇ
697 1534 1019 1582 τεκνοῦσθαι
1052 1531 1246 1592 παῖδας
1299 1531 1386 1596 (οὐ
1432 1530 1533 1597 γὰρ
1566 1531 1753 1598 ἡδονή,

501 1609 717 1676 γυναικί
748 1612 793 1660 τ’
829 1608 1026 1677 ἐχθρὸν
1058 1614 1234 1679 χρῆμα
1267 1611 1563 1678 πρεσβύτης
1599 1611 1791 1678 άνήρ),’

498 1690 609 1742 ἄλλ’
646 1688 717 1750 ὡς
748 1691 991 1758 τάχιστα·
1025 1690 1115 1743 καὶ
1148 1691 1251 1759 γὰρ
1287 1689 1542 1757 έκτροφαὶ
1574 1691 1731 1744 καλαὶ

496 1771 587 1823 καὶ
619 1772 923 1835 συννεάζων
954 1766 1060 1840 ήδὺ
1092 1775 1218 1833 παῖς
1249 1771 1351 1840 νέῳ
1386 1772 1560 1838 πατρί.

366 1854 638 1907 Masculam
672 1860 834 1902 autem
871 1856 1058 1919 prolem
1105 1855 1258 1902 solam
1294 1854 1415 1903 dicit
1447 1860 1499 1903 et
1533 1853 1876 1920 propagandae
1909 1852 2053 1918 stirpi

367 1940 529 2000 aptam
563 1940 615 1983 et
650 1935 787 1999 quasi
820 1934 994 1984 domus
1029 1934 1256 1982 columen
1290 1948 1430 1995 esse,
1481 1934 1609 1983 filias
1660 1950 1756 1984 non
1802 1950 1915 1984 esse
1961 1949 2054 1997 pa-‘

368 2022 560 2066 rentum
596 2015 840 2080 proprias,
877 2015 965 2062 sed
1001 2013 1169 2062 alienis
1207 2014 1533 2079 emancipari:

494 2092 635 2161 γυνὴ
667 2091 769 2160 γὰρ
804 2090 1092 2155 ἐξελθοῦσα
1124 2091 1388 2158 πατρῴων
1420 2091 1604 2158 δόμων

496 2175 562 2227 οὐ
595 2176 703 2226 τῶν
734 2174 996 2225 τεκόντων
1030 2171 1186 2235 ἐστίν,
1223 2172 1354 2225 άλλόι
1385 2177 1485 2226 τοῦ
1518 2173 1730 2241 λέχους·

493 2255 553 2307 τὸ
590 2256 636 2307 δ’
671 2258 834 2321 α”ρσεν
865 2252 1035 2321 ἕστηκ’
1072 2253 1131 2306 ἐν
1164 2253 1348 2320 δόμοις
1380 2252 1460 2306 ἀεὶ
1492 2254 1664 2321 γένος,

495 2339 640 2388 θεῶν
671 2334 933 2403 πατρῴων
966 2333 1055 2387 καὶ
1087 2335 1274 2400 τάφων
1305 2335 1579 2403 τιμάορον.

363 2420 506 2471 Nunc
541 2420 739 2469 demum
767 2407 830 2467 'se
879 2425 1016 2468 metu
1065 2435 1264 2479 eorum,
1316 2435 1440 2483 quae
1485 2418 1733 2485 praedixit
1778 2411 2048 2476 oracutum,

365 2501 625 2549 liberatum
661 2516 774 2548 esse
808 2499 1100 2558 arbitratur,
1136 2500 1452 2562 quamobrem
1489 2500 1635 2547 etiam
1670 2499 1824 2548 filiam
1860 2499 2051 2549 evocari

363 2582 528 2640 iubet,
575 2596 699 2644 quae
743 2580 987 2628 communi
1038 2580 1214 2642 gaudio
1249 2579 1444 2628 fruatur
1489 2579 1661 2627 fovens
1707 2579 2047 2629 fraterculum.

363 2660 472 2723 Qua
505 2660 875 2724 opportunitate
910 2660 1073 2709 oblata
1105 2659 1270 2708 Danae
1303 2666 1474 2726 rogat,
1525 2665 1581 2709 ut
1634 2659 1824 2725 parvuli
1858 2660 2047 2708 curatio

362 2741 456 2792 sibi
488 2740 632 2806 plane
665 2741 1012 2806 permittatur:

493 2819 601 2886 τάχ’
637 2817 704 2870 ἂν
737 2819 870 2885 πρὸς
901 2818 1179 2885 ἀγκάλαισι
1211 2816 1302 2870 καὶ
1335 2816 1573 2884 στέρνοις
1606 2815 1751 2884 ἐμοῖς

490 2899 678 2965 πηδῶν
711 2899 911 2966 άθύροι
944 2898 1035 2953 καὶ
1066 2887 1376 2968 φιλημάτων
1410 2901 1545 2967 ὄχλῳ

490 2976 669 3047 ψυχὴν
702 2977 834 3048 ἐμὴν
866 2982 1138 3049 κτήσαιτο·
1173 2985 1340 3033 ταῦτα
1373 2978 1475 3045 γὰρ
1511 2979 1723 3046 βροτοῖς

491 3061 716 3127 φίλτρον
747 3060 1010 3128 μέγιστον,
1047 3062 1104 3114 αἴ
1134 3060 1427 3126 ξυνουσίαι,
1460 3060 1636 3127 πάτερ.

359 3144 455 3194 His
489 3144 694 3207 aliisque
729 3144 891 3204 dictis,
925 3145 1054 3193 intro
1088 3145 1309 3195 ferentes
1341 3142 1581 3192 infantem
1616 3145 1830 3193 abeunt-
1883 3133 2046 3191 Locus

358 3225 416 3275 fit
448 3225 596 3274 tertio
631 3224 768 3273 chori
801 3225 1020 3274 carmini.

490 3303 663 3354 Subito
710 3319 799 3353 rex
847 3319 1041 3354 omnem
1093 3304 1331 3355 familiam
1379 3303 1487 3353 auri
1538 3302 1680 3369 copia
1714 3301 2043 3351 abundantem

357 3384 507 3434 videt.
571 3384 699 3434 Rem
732 3400 905 3434 novam
938 3385 1207 3436 admiratus
1242 3401 1305 3435 ex
1335 3400 1491 3434 uxore
1525 3382 1746 3449 quaerit,
1794 3396 1920 3446 quae
1951 3394 2047 3429 non

358 3464 597 3514 infitiatur
640 3463 761 3515 illud
805 3480 896 3530 per
943 3465 1230 3530 impluvium
1286 3464 1541 3530 delapsum
1578 3469 1641 3523 et,
1661 3462 1802 3526 quasi
1835 3461 2046 3511 imbrem
