2144 3854
935 284 1055 344 285

160 435 335 502 pocula
366 433 674 484 ministrasse
707 432 912 483 Athenis
946 431 1022 492 iis,
1053 446 1176 496 quos
1211 431 1467 481 saltatores
1514 427 1820 498 (ὀρχηστάς)

159 515 426 582 appellant.
494 514 746 565 Saltabant
778 517 940 561 autem
974 511 1027 559 hi
1062 513 1191 560 circa
1221 511 1387 561 fanum
1420 512 1661 576 Apollinis
1694 511 1833 563 Delii

160 596 401 660 primores
421 594 645 650 civitatiS,
669 592 864 656 tragicis
879 591 1098 640 vestibus
1123 592 1298 643 induti.
1363 591 1626 641 Enimvero
1645 591 1823 657 Apollo

160 675 243 724 hic
276 682 384 734 est,
429 674 478 723 in
512 673 648 721 cuius
682 672 921 721 honorem
957 669 1221 735 Thargelia
1254 671 1587 734 celebrantur,
1634 687 1730 734 qua
1760 670 1826 721 de

161 769 220 803 re
264 755 315 802 in
347 752 728 817 Daphnephorio
760 750 981 800 tribubus
1026 750 1400 799 Atheniensium
1434 751 1629 800 litterae
1662 765 1824 799 asser-

162 837 335 881 vantur
364 832 606 896 publicae.
670 830 804 880 Idem
840 829 1058 894 prodidit
1075 829 1407 893 Hieronymus
1429 829 1674 888 Rhodius,
1708 828 1828 881 Ari-

160 911 362 960 stotelis.
388 911 678 977 discipuluS,
710 910 758 958 in
791 909 936 969 libro,
970 926 1116 973 quem
1149 909 1350 973 scripsit
1381 910 1445 958 de
1479 911 1766 977 ebrietate.”

291 991 456 1054 Quum
503 995 708 1056 propter
752 988 879 1037 hauc
925 994 1180 1055 parentum
1229 989 1472 1038 fortunam
1519 1005 1615 1038 uon
1650 989 1829 1050 minus,

162 1085 305 1134 qnam
341 1075 546 1135 propter
577 1085 690 1118 suas
723 1069 961 1130 virtuteS,
1012 1070 1074 1118 ad
1108 1069 1436 1134 amplissimos
1470 1069 1685 1117 honores
1719 1068 1831 1117 adi—

160 1154 240 1198 tus
274 1155 470 1215 pateret
501 1149 741 1213 Euripidi,
777 1149 929 1197 noluit
974 1149 1025 1198 in
1070 1149 1268 1198 civitate
1309 1149 1559 1198 turbarum
1594 1164 1652 1197 ac
1683 1149 1830 1197 timo-

160 1229 230 1278 ris
264 1229 408 1293 plena
441 1229 691 1278 ambitioni
726 1230 910 1278 servire
954 1234 1006 1277 et
1052 1229 1282 1278 fluctibus
1319 1245 1374 1278 se
1410 1229 1643 1278 civilibus
1694 1244 1838 1277 com-f

159 1308 378 1358 mittere.
445 1309 716 1359 Audiamus
734 1310 894 1374 ipsum
927 1310 1135 1372 cogitata
1152 1325 1239 1357 sua
1262 1308 1590 1358 adolescentis
1616 1307 1832 1373 proden-

161 1392 262 1438 tem
295 1388 438 1438 hisce
468 1389 662 1438 verbis:
709 1389 801 1450 „Si
835 1388 896 1436 ad
931 1390 1257 1454 principatum
1291 1389 1449 1437 enitar
1480 1394 1628 1451 atque
1660 1387 1833 1450 aliquis

163 1484 277 1518 esse
306 1470 632 1530 contendam,
679 1469 795 1517 odio
827 1469 1049 1518 habebor
1081 1484 1108 1517 a
1142 1468 1474 1517 tenuioribus:
1508 1467 1669 1517 odiosi
1702 1467 1833 1517 enim

165 1553 280 1597 sunt
310 1549 630 1614 potentiores,
702 1549 799 1611 Qui
845 1554 1039 1609 autem,
1091 1564 1238 1612 quum
1285 1548 1384 1597 sint
1413 1548 1595 1597 virtute
1627 1552 1678 1596 et
1712 1563 1836 1611 pru-

164 1629 331 1677 dentia
363 1629 424 1677 ad
459 1645 538 1678 res
573 1629 813 1694 gerendas
843 1628 1087 1687 instructi,
1123 1629 1383 1691 quiescunt
1415 1644 1575 1691 neque
1609 1628 1671 1676 ad
1702 1642 1835 1676 rem-

164 1708 406 1772 publicam
442 1708 876 1757 administrandam
910 1709 1165 1769 accedunt,
1197 1708 1276 1755 his
1310 1707 1544 1756 ridiculus
1575 1723 1687 1756 esse
1713 1706 1837 1755 stul-

165 1794 346 1851 tusque
377 1788 608 1849 videbor,
662 1789 744 1852 qui
787 1803 883 1836 non
918 1789 1165 1851 quiescam
1199 1787 1249 1837 in
1282 1788 1479 1836 civitate
1510 1786 1654 1851 plena
1689 1787 1839 1835 timo-

166 1867 253 1917 ris.
287 1867 415 1916 Tum
438 1868 482 1916 si
505 1867 565 1915 ad
590 1868 876 1931 dignitatem
907 1868 1121 1916 virorum
1153 1868 1428 1933 principum
1461 1873 1511 1915 et
1541 1866 1841 1930 reipublicae

166 1947 496 2013 gubernacula
529 1949 796 1996 tenentium
830 1947 1109 2004 ascendam,
1144 1947 1298 2011 magis
1332 1946 1630 1996 observabor
1662 1946 1841 1996 horum

165 2027 395 2076 iudiciis:
430 2027 503 2075 sic
537 2029 667 2077 enim
703 2043 784 2075 res
819 2033 1129 2091 comparatae
1163 2031 1293 2087 sunt,
1326 2030 1394 2086 ut,
1432 2027 1516 2091 qui
1541 2031 1709 2075 tenent
1737 2042 1840 2076 ma-

165 2107 398 2170 gistratus
433 2112 583 2170 atque
628 2107 874 2166 honores,
928 2106 1133 2155 aemulis
1180 2107 1281 2155 suis
1333 2107 1432 2154 sint
1477 2106 1840 2155 infestissimi.”

167 2185 277 2247 His,
314 2202 437 2250 quae
470 2186 638 2235 Ionem
674 2189 742 2247 (v.
778 2189 1103 2247 609—620.)
1141 2185 1262 2235 fecit
1286 2187 1554 2247 dicentem,
1590 2186 1668 2234 sui
1692 2186 1842 2234 animi

167 2281 364 2316 sensum
399 2267 709 2330 apertissime
743 2267 1048 2332 expressisse
1082 2267 1303 2327 videtur3
1350 2273 1400 2315 et
1433 2267 1628 2316 omnino
1661 2281 1842 2331 perso-

167 2361 280 2395 nam
314 2345 441 2394 lonis
476 2346 539 2393 ad
572 2351 689 2394 suae
722 2348 850 2395 vitae
883 2346 1247 2395 similitudinem
1291 2345 1504 2395 effinxit.
1572 2346 1625 2394 ln
1658 2345 1843 2411 templo

169 2425 300 2474 enim
335 2424 587 2488 Apollinis,
621 2427 706 2488 qui
738 2427 786 2474 in
821 2426 1032 2474 Zostere
1064 2426 1401 2490 promontorio
1433 2426 1702 2485 colebatur,
1733 2442 1843 2475 mu-

170 2519 291 2552 nere
323 2503 520 2566 igniferi
538 2504 646 2568 ipse
668 2504 980 2569 fungebatur,
1015 2507 1098 2568 qui
1122 2506 1285 2569 ignem
1314 2511 1537 2555 servaret
1557 2521 1751 2554 sacrum
1771 2502 1843 2566 *).

171 2582 227 2632 ln
269 2581 365 2630 illis
410 2582 529 2630 locis
577 2599 688 2632 eum
722 2584 978 2648 praedium
1013 2584 1249 2634 habuisse
1283 2585 1507 2648 suspicor
1540 2591 1592 2633 et
1626 2585 1844 2633 delecta-

169 2668 278 2712 tum
309 2678 422 2711 esse
457 2661 680 2722 delubro,
714 2664 845 2712 unde
876 2669 1169 2728 prospectus
1203 2668 1401 2730 pateret
1432 2664 1483 2712 in
1512 2679 1664 2713 mare.
1699 2663 1846 2714 Hunc

168 2742 322 2808 igitur
354 2741 594 2790 honorem
628 2744 917 2807 Anagyrasii
953 2744 999 2792 ei
1035 2743 1271 2793 detulisse
1304 2743 1547 2796 videntur.
1629 2743 1844 2807 Amplis-

171 2821 296 2870 simo
329 2836 446 2869 vero
479 2822 666 2871 honore
700 2823 1031 2872 Athenienses
1066 2839 1179 2872 eum
1213 2823 1397 2888 dignati
1431 2828 1563 2883 sunt,
1599 2840 1748 2888 quum
1770 2823 1844 2872 vi-

171 2904 306 2949 ctum
337 2901 388 2949 ei
420 2901 757 2964 quotidianum
792 2903 843 2952 in
875 2908 1111 2967 prytaneo
1144 2903 1341 2968 publice
1372 2906 1682 2968 praeberent,
1716 2906 1848 2952 teste

170 2979 391 3029 Eusebio
424 2979 525 3040 Li,
559 2982 642 3044 qui
677 2984 924 3032 mentione
957 2982 1087 3031 facta
1122 2983 1304 3031 oraculi
1337 2983 1397 3031 ab
1434 2983 1658 3048 Apolline
1692 2984 1846 3032 editiz

172 3057 454 3120 „Nascetur
486 3061 576 3109 tibi
609 3061 758 3122 filius,
791 3062 1186 3124 Mnesarchides,
1221 3063 1435 3133 optimus
1469 3067 1522 3111 et
1547 3063 1842 3129 glorios11S,''

169 3137 316 3200 „Qua
349 3154 486 3200 vero,
516 3139 690 3203 inquit,
726 3142 907 3191 virtute
940 3143 1246 3208 Euripidem,
1281 3159 1310 3191 a
1343 3141 1593 3192 Socratica
1626 3143 1846 3208 philoso-

170 3215 290 3281 phia
322 3218 667 3283 improbatum,
702 3222 769 3271 dii
801 3223 1030 3272 admirati
1063 3223 1180 3282 sint,
1213 3223 1398 3283 nescio,
1430 3224 1525 3274 nisi
1558 3238 1763 3272 coronas
1786 3238 1846 3272 ac

242 3382 287 3438 *J
313 3383 413 3427 Vita
442 3385 488 3427 in
514 3387 612 3429 cod.
642 3386 825 3430 Mediol.
858 3388 960 3430 coll.
988 3387 1218 3431 Ambros.:
1258 3387 1474 3446 γενέσθαι
1514 3389 1565 3434 δὲ
1595 3386 1739 3434 αὐτὸν
1767 3387 1845 3436 καὶ

309 3455 552 3513 πυρφόρον
581 3457 668 3500 τοῦ
694 3458 957 3515 Ζωστηρίου
984 3454 1270 3510 Ἀπόλλωνος.
