2144 3854
1147 287 1271 346 318

375 438 546 506 generi
591 450 791 502 operam
827 433 1020 484 dederit
1053 434 1342 502 Euripides.
1408 433 1509 485 Sed
1543 436 1944 490 venustissimum
1961 456 2051 508 po-

375 518 751 580 litissimumque
782 515 880 564 hoc
912 515 1107 564 dicendi
1140 533 1296 583 genus
1331 515 1549 566 habitum
1582 533 1698 567 esse
1731 523 1882 584 atque
1906 521 2051 572 unice

373 597 653 646 Atticorum
695 595 898 644 auribus
945 597 1186 646 teretibus
1230 596 1576 663 religiosisque
1621 598 1882 663 probatum
1937 615 2051 651 esse

371 692 542 726 omnes
576 680 820 724 testantur
833 692 848 736 3
901 673 966 726 cf.
1012 676 1204 726 Ioanni·
1253 676 1353 727 Sic.
1393 676 1579 724 scholia
1613 677 1666 725 in
1698 678 1835 728 ideas
1870 679 2048 742 (Rhet.

371 773 444 822 gr.
480 755 543 803 Τ.
577 755 663 806 Vl.
690 772 736 820 p.
773 757 886 804 230.
922 756 1000 806 ed.
1033 755 1246 820 Walz.):
1281 753 1364 806 διὸ
1397 753 1487 805 καὶ
1519 755 1728 808 τούτων
1754 755 1808 808 οἱ
1825 755 1919 818 τὰς
1943 774 2050 810 τοι·

370 834 534 896 αὐτας
576 834 935 900 ψυχρολογίας
979 836 1510 903 παρασκευασάμενοι
1565 835 2047 904 εὐδοκίμησαν,

371 904 460 967 ὧν
493 917 758 978 πρῶτος
791 915 1207 982 Εὐριπίδης·
1254 916 1347 977 τὰς
1380 916 1482 983 γὰρ
1517 918 1759 984 τραχείας
1791 916 1880 970 καὶ
1914 929 2048 985 omo·

369 995 499 1062 δρὰς
544 993 754 1057 ἐννοίας
796 997 1160 1061 περικαλύψας
1203 997 1397 1061 λέξεσιν
1443 996 1669 1060 ἁπαλαῖς
1714 996 1804 1051 καὶ
1848 998 2046 1067 ἠπίαις,

369 1074 538 1144 ὥςπερ
570 1075 668 1144 τὴν
701 1076 947 1141 ἀνωτέρω
982 1077 1256 1144 ῥηθεῖσαν,
1303 1079 1544 1147 ὐπήγαγε
1578 1079 1667 1131 τό·
1726 1079 1795 1141 ,,ὁ
1837 1080 1911 1133 τὸ
1944 1078 2047 1134 θέ-

369 1176 577 1224 ατρον
609 1157 997 1224 πληρώσας,
1034 1156 1105 1219 ὥς
1141 1171 1323 1226 φησιν,
1358 1156 1701 1228 ἦδοναΐς.”

502 1239 635 1289 Dicit
666 1241 812 1288 etiam
853 1240 1227 1303 quinctilianus,
1251 1243 1299 1291 in
1331 1259 1560 1292 sermone
1593 1239 1676 1308 (ἐν
1707 1244 1820 1303 τοῖς
1846 1238 2049 1308 ἔπεσιν)

367 1320 619 1371 humiliori
652 1318 848 1367 dicendi
879 1336 1091 1383 genere,
1139 1326 1190 1368 et
1233 1323 1363 1384 quod
1397 1324 1551 1388 magis
1585 1325 1850 1374 accederet
1882 1329 2047 1373 orato-

366 1401 440 1451 rio
484 1399 680 1466 generi,
727 1415 874 1448 usum
909 1416 1022 1450 esse
1057 1400 1377 1465 Euripidem,
1424 1401 1576 1465 idque
1609 1419 1639 1450 a
1671 1402 1840 1452 multis
1873 1418 2045 1469 repre-

366 1482 575 1532 hensum
623 1495 764 1542 esse,
813 1480 990 1544 quibus
1039 1482 1252 1545 gravitas
1287 1486 1338 1530 et
1371 1482 1642 1531 cothurnus
1677 1487 1730 1532 et
1763 1498 1917 1533 sonus
1952 1482 2046 1532 So-

366 1560 560 1628 phoclis
604 1559 859 1610 videretur
904 1576 1019 1610 esse
1065 1561 1332 1611 sublimior.
1412 1561 1513 1610 Sed
1559 1562 1798 1612 habemus
1847 1577 2045 1629 gravem

364 1648 652 1702 auctorem,
699 1656 797 1705 quo
840 1656 936 1690 non
981 1642 1139 1690 solum
1187 1642 1542 1702 excusandam,
1591 1642 1682 1692 sed
1716 1643 1865 1692 etiam
1899 1642 2047 1692 laude

363 1721 700 1788 dignissimam
735 1721 990 1785 solamque
1025 1739 1189 1772 veram
1226 1730 1276 1772 et
1307 1728 1497 1772 rectam
1523 1738 1638 1771 esse
1661 1722 1913 1788 Euripidis
1934 1738 2045 1772 ora-

361 1803 544 1852 tionem
596 1801 916 1851 affirmemus.
1002 1803 1297 1853 Aristoteles
1349 1804 1477 1854 enim
1525 1803 1575 1851 in
1611 1802 1761 1852 Rhet.
1798 1802 1884 1851 ΙΙΙ.
1918 1817 1962 1851 c.
1998 1804 2045 1852 1.

365 1888 418 1933 et
454 1886 501 1932 2.
541 1882 614 1932 sic
649 1882 757 1931 fere
791 1883 1018 1932 disserit:
1082 1884 1256 1944 „Novo
1302 1890 1351 1932 et
1397 1883 1594 1932 insolito
1629 1881 1828 1932 dicendi
1863 1897 2048 1949 genere

363 1968 418 2013 et
449 1969 630 2028 poetae
664 1968 715 2011 et
748 1970 968 2012 oratores
1004 1964 1143 2011 initio
1179 1964 1257 2012 usi
1293 1967 1437 2023 sunt,
1489 1979 1639 2026 quum
1689 1963 1792 2011 sola
1826 1963 2047 2012 dictione

362 2044 512 2093 rebus
545 2043 734 2092 frivolis
768 2043 1007 2091 honorem
1043 2043 1156 2091 addi
1189 2043 1551 2107 intelligerent,
1585 2044 1735 2107 idque
1760 2042 1891 2091 omni
1913 2048 2045 2091 tem-

362 2138 487 2187 pore
537 2123 727 2187 vulgo
777 2122 1260 2172 ineruditorum
1294 2123 1588 2188 pulcrum
1623 2126 1818 2185 atque
1850 2121 2045 2171 admi-

361 2202 578 2252 rabile
639 2218 787 2251 esse
848 2203 1127 2251 videtur.
1209 2201 1311 2251 Sed
1366 2203 1462 2250 iam
1509 2219 1572 2251 ne
1616 2201 1792 2266 tragici
1842 2201 2042 2266 quidem

360 2287 535 2348 poetae
569 2283 651 2332 illo
686 2299 868 2347 genere
897 2283 1125 2331 dictionis
1159 2284 1382 2348 poeticae
1424 2283 1632 2348 amplius
1680 2287 1910 2343 utuntur3
1959 2298 2043 2332 ve-

360 2379 501 2423 rum,
555 2364 681 2411 sicut
714 2380 786 2423 ,ex
837 2364 1140 2412 tetrametris
1186 2363 1247 2411 ad
1283 2362 1544 2412 iambicum
1581 2363 1879 2428 transgressi
1912 2367 2041 2423 sunt,

360 2445 587 2508 quoniam
634 2448 907 2492 metrorum
962 2443 1175 2492 omnium
1226 2444 1322 2491 hoc
1358 2444 1574 2492 sermoni
1609 2443 1911 2491 simillimum
1945 2452 2042 2504 est,

359 2523 434 2572 sic
468 2540 788 2588 quaecuuque
822 2524 1071 2572 nominum
1109 2539 1137 2571 a
1171 2524 1524 2572 consuetudine
1571 2524 1865 2582 abhorrent,
1915 2523 2041 2571 omi-

358 2610 560 2664 serunt,
614 2609 667 2652 et
716 2605 893 2668 quibus
938 2605 1089 2668 prisci
1133 2605 1431 2653 exornabant
1465 2609 1613 2667 atque
1647 2604 1924 2652 etiamnunc
1956 2602 2041 2666 qui

354 2683 644 2733 hexametra
679 2690 977 2749 componunt
1010 2690 1231 2743 utuntur,
1265 2684 1566 2733 abiecerunt.
1635 2683 1892 2749 Fugienda
1927 2688 2042 2731 sunt

356 2764 548 2813 abiecta
587 2770 739 2828 atque
773 2765 1014 2824 obsoleta,
1050 2763 1329 2813 adhibenda
1360 2763 1506 2823 lecta,
1541 2763 1750 2812 illustria
1779 2762 2041 2825 minusque

356 2844 566 2902 usitata,
618 2861 743 2908 quae
790 2860 961 2894 omnes
1007 2844 1334 2894 admiramur:
1387 2859 1500 2892 nam
1550 2843 1785 2891 mirabilia
1828 2841 2040 2891 iucunda

352 2928 480 2972 sunt.
551 2924 617 2973 Et
650 2926 699 2973 in
731 2926 905 2974 metris
940 2926 1139 2989 quidem
1172 2925 1298 2973 haec
1330 2923 1596 2990 plurimum
1631 2921 1793 2971 val‘ent
1820 2936 2037 2972 commo-

353 3003 519 3066 deque
553 3020 608 3052 se
641 3005 854 3054 habent:
890 3022 1003 3054 nam
1039 3011 1136 3054 tam
1172 3021 1253 3053 res
1289 3020 1432 3069 quam
1468 3018 1728 3066 personae,
1763 3001 1828 3050 de
1862 3002 2037 3066 quibus

354 3083 567 3132 habetur
600 3086 783 3144 oratio,
831 3086 1208 3135 excellentiores
1244 3091 1371 3134 sunt.
1439 3084 1490 3133 ln
1527 3082 1688 3132 soluta
1721 3089 1887 3132 autem
1924 3096 2036 3129 ora-

352 3163 512 3224 tione,
560 3180 671 3213 cum
706 3182 879 3214 caussa
914 3167 1074 3215 minor
1108 3167 1195 3226 sit,
1244 3165 1397 3214 multo
1430 3163 1746 3227 paucioribus
1780 3161 2035 3210 utendum.

353 3242 662 3307 Quamquam
714 3247 864 3295 etiam
916 3248 965 3296 in
1013 3247 1310 3296 carminibus
1345 3243 1388 3293 si
1422 3257 1593 3291 servus
1627 3246 1714 3291 aut
1745 3240 2036 3291 adolescens

354 3324 602 3373 ornatiora
651 3324 785 3374 dicat
831 3332 915 3376 aut
965 3327 1028 3376 de
1074 3327 1237 3392 parvis
1271 3324 1417 3375 nimis
1452 3323 1712 3387 magnifice
1745 3323 2035 3386 exponatur,

352 3403 640 3454 indecorum
676 3406 801 3466 erit;
845 3407 934 3456 sed
970 3408 1118 3457 etiam
1153 3409 1204 3455 in
1237 3406 1316 3455 his
1349 3410 1452 3453 tum
1487 3409 1758 3453 extenuare
1789 3407 1897 3450 tum
1929 3413 2034 3464 nm-

352 3483 608 3548 plificare,
653 3492 801 3551 prout
844 3504 929 3538 res
973 3487 1221 3553 postulat,
1270 3486 1504 3536 decorum
1538 3488 1634 3534 est.
1701 3478 2032 3545 Quamobrem
