2144 3854
1125 291 1244 349 14⁰

355 439 473 489 facit
504 436 780 487 certiorem.
848 435 1057 486 Auditur
1088 434 1355 502 Chrysippi
1387 450 1479 486 vox
1512 438 1759 490 clamantis
1789 443 1844 490 et
1867 439 2011 498 fami·

355 519 467 566 liam
499 514 800 566 concitantis.
866 514 1264 581 Trepidationem
1316 515 1584 567 sceleratae
1626 517 1847 570 mulieris
1885 518 2013 570 baec

353 596 602 646 declarant
633 594 776 644 verba
793 611 810 644 z
1779 649 1794 661 Ἃ
1831 607 1834 611 ·

482 701 545 711 —-
581 673 770 740 „quid
802 677 1026 740 agam?
1057 690 1178 724 vos
1212 675 1407 724 illius
1442 682 1622 725 certe
1655 673 1806 728 πῖθ’

353 769 477 818 quae
508 753 761 804 confimat
792 753 1000 803 chorus:

910 831 1023 893 „Id
1057 833 1306 884 etenim
1333 849 1540 883 omnes
1574 831 1946 886 cernimus?

353 912 556 976 Aufugit
585 911 939 977 Hippodamia3
972 913 1200 973 accurrit,
1236 929 1298 962 ex
1322 929 1493 964 somno
1514 913 1770 974 excitatus,
1803 912 2010 979 Pelops;

350 992 402 1040 in
446 1007 641 1040 scenam
682 991 916 1051 effertur,
963 991 1122 1055 gladio
1167 992 1218 1042 in
1261 997 1462 1058 pectore
1494 993 1594 1042 fixo
1612 1029 1628 1054 ‚
1689 992 2012 1060 Chrysippus,

350 1070 564 1120 Sceleris
597 1075 851 1120 accusatur
883 1071 1058 1120 Laius:
1090 1070 1286 1122 videtur
1316 1072 1446 1121 enim
1478 1073 1568 1120 sub
1596 1077 1851 1136 praetextu
1877 1089 2011 1123 amo-

349 1151 418 1201 ris
452 1151 536 1207 nil,
570 1151 665 1199 nisi
698 1150 968 1215 perniciem
998 1151 1155 1216 pueri,
1207 1150 1300 1201 sibi
1334 1151 1642 1216 propositum
1672 1151 1926 1212 habuisse,
1959 1158 2014 1202 et

349 1229 528 1279 indicia
560 1230 718 1279 omnia
749 1229 799 1279 iu
844 1245 955 1279 eum
999 1231 1314 1290 conveniunt,
1362 1230 1494 1294 quod
1540 1230 1752 1295 abripuit
1787 1247 2012 1298 puerum,

350 1309 480 1374 quod
528 1309 578 1358 in
630 1308 803 1359 eodem
849 1309 1074 1359 cubiculo
1116 1310 1375 1374 quiescere
1418 1310 1600 1370 voluit,
1647 1309 1778 1376 quod
1821 1311 2014 1376 gladius

348 1389 503 1453 ipsius
547 1389 743 1453 corpori
785 1388 962 1438 infixus
996 1394 1087 1438 est.
1153 1389 1271 1439 Laio
1304 1403 1401 1439 non
1424 1389 1636 1438 habente
1666 1405 1764 1454 quo
1810 1390 2015 1441 crimina

346 1469 504 1519 diluat
536 1469 809 1531 iratumque
839 1467 1046 1533 hospitis
1077 1467 1292 1518 animum
1325 1467 1534 1532 mitiget,
1570 1467 1877 1534 Chrysippus
1906 1485 2012 1520 mo-

348 1548 609 1607 ribundus,
654 1561 873 1595 caussam
905 1561 1000 1609 pro
1031 1547 1185 1596 amico
1218 1547 1415 1608 dicens,
1460 1563 1490 1595 a
1533 1561 1742 1598 noverca
1773 1563 1830 1598 se
1859 1549 2014 1599 inter-

347 1627 535 1677 fectum
568 1640 680 1674 esse
711 1623 940 1673 ostendit.
1003 1624 1379 1690 Hippodamiam
1412 1625 1603 1684 famuli,
1635 1627 1720 1690 qui
1740 1628 1803 1676 ad
1825 1627 2014 1693 suppli-

346 1706 476 1756 cium
509 1705 755 1754 adducere
785 1703 1041 1763 iubentur,
1075 1719 1138 1754 ex
1170 1704 1370 1754 civitate
1401 1703 1655 1771 aufugisse
1686 1706 1912 1758 nuntiant
1935 1704 2016 1770 *);

345 1784 698 1850 aegritudinem
731 1783 860 1847 regis
894 1783 1074 1833 chorus
1106 1783 1401 1833 consolando
1434 1783 1664 1850 mitigare
1693 1787 1886 1838 studet:

481 1855 524 1914 ὦ
558 1860 782 1924 δέσποτ’,
817 1860 989 1923 οὐδεὶς
1021 1855 1182 1925 οἶδεν,
1214 1863 1501 1928 ἄνθρωπος
1530 1862 1713 1928 γεγώς,

481 1945 593 1994 οὔτ’
627 1942 880 2010 εὐτυχοῦς
911 1938 1144 2008 ἀριθμὸν
1177 1943 1296 1993 οὔτε
1329 1942 1638 2009 δυςτυχοῦς.

346 2025 521 2075 Laium
554 2025 731 2072 nullam
763 2023 892 2073 vitae
944 2039 1061 2073 suae
1101 2022 1198 2071 vim
1244 2022 1471 2072 intulisse
1525 2028 1738 2074 testatur
1785 2024 2018 2075 Aelianus

346 2104 483 2156 nist.
508 2103 650 2156 anim.
669 2102 753 2166 Vl,
777 2104 859 2153 14.

480 2183 768 2248 Composuit
811 2180 1008 2231 Strattis
1053 2181 1265 2231 comicus
1310 2185 1458 2246 poeta
1500 2180 1714 2231 fabulam
1750 2180 2018 2248 Chrysippi

346 2264 540 2315 nomine
572 2262 874 2327 inscriptam,
908 2261 958 2310 in
991 2276 1086 2324 qua
1118 2261 1281 2326 potuit
1314 2260 1562 2326 Euripidis
1594 2261 1760 2309 drama
1799 2260 2017 2310 imitatus

347 2359 492 2402 esse3
527 2342 589 2391 cf.
625 2341 804 2391 Athen.
838 2339 922 2390 IV.
956 2357 1005 2406 p.
1041 2343 1151 2390 169.
1187 2341 1242 2390 A.
1309 2339 1386 2388 Ex
1429 2339 1628 2402 tragicis
1659 2340 2017 2405 posterioribus

347 2412 481 2471 idem
512 2426 850 2486 argumentum
885 2420 1127 2486 Diogenes
1162 2418 1364 2478 ornavit,
1399 2418 1461 2467 de
1495 2434 1593 2482 quo
1625 2419 1791 2468 videas
1823 2419 2016 2472 Welok.

347 2520 399 2567 p.
436 2502 562 2548 1035
598 2515 733 2563 seqq.
800 2500 878 2549 Ad
911 2506 1133 2549 nostrum
1167 2498 1389 2562 pluribus
1410 2498 1529 2546 locis
1556 2503 1879 2564 respexerunt
1898 2497 2017 2555 Plu-

348 2580 567 2640 tarchuS‚
599 2572 849 2640 Aelianus,
883 2578 1076 2639 Cicero,
1112 2577 1341 2627 Clemens
1373 2577 1540 2639 Alex„
1589 2577 1770 2628 Sextus
1801 2577 2015 2643 Empiri-

350 2676 453 2722 ους,
486 2659 629 2709 Philo
663 2658 786 2722 lud..
819 2658 1089 2708 Antoninus
1122 2657 1316 2722 aliique.

796 2937 864 2994 Β.
965 2936 1563 3011 Meleager.

478 3055 685 3106 Malalas
721 3055 901 3105 Chron.
923 3071 971 3120 p.
996 3057 1110 3107 209.
1134 3055 1309 3122 (165),
1343 3055 1559 3120 quamvis
1587 3052 1842 3120 Euripidis
1866 3054 2016 3104 vesti-

346 3138 441 3204 giis
474 3152 531 3186 se
561 3134 801 3184 institisse
833 3134 977 3194 dicat,
1010 3140 1175 3184 tamen
1207 3138 1260 3185 et
1292 3139 1483 3201 patrem
1516 3135 1625 3183 loco
1658 3134 1827 3183 matris
1862 3134 2017 3183 nomi-

348 3217 496 3275 navit,
531 3215 615 3280 qui
646 3219 827 3264 torrem
863 3214 1190 3274 combureret,
1222 3219 1303 3275 et,
1336 3230 1431 3278 quo
1463 3214 1724 3263 Parcarum
1756 3227 2018 3279 personam

404 3331 457 3385 ²⁸²)
484 3330 674 3372 Pausan.
701 3326 775 3380 Vl,
802 3325 882 3379 20,
909 3325 961 3368 4:
1000 3323 1086 3382 τὴν
1126 3324 1177 3370 δὲ
1209 3321 1533 3381 Ἱπποδάμειάν
1572 3338 1713 3382 φασιν
1754 3322 1801 3376 ἐς
1836 3322 2021 3369 Μιδέαν

490 3397 576 3454 τὴν
603 3394 652 3441 ἐν
687 3397 744 3454 τῇ
779 3394 993 3453 Ἀργολίδι
1033 3392 1349 3455 ἀποχωρῆσαι,
1388 3390 1469 3440 ἅτε
1496 3396 1581 3440 τοῦ
1617 3393 1826 3447 Πέλοπος
1852 3393 1929 3440 ἐπὶ
1955 3394 2019 3452 τῷ

490 3469 760 3527 Χρυσίππου
792 3463 984 3523 θανάτῳ
1013 3465 1059 3519 ἐς
1085 3467 1259 3524 ἐκείνην
1287 3463 1469 3522 ἔχοντος
1494 3463 1580 3523 τὴν
1607 3461 1762 3523 ὀργήν.
