2144 3854
1171 286 1254 343 3⁰

373 432 507 482 forte
540 429 852 494 vacuefacto,
898 429 1108 494 Ulysses
1139 435 1286 497 atque
1319 429 1609 492 Diomedes,
1653 433 1841 496 strictis
1867 432 2043 500 gladiis

373 513 438 561 ad
478 511 614 559 illum
662 509 1003 559 trucidandum
1045 512 1232 577 parati,
1281 516 1423 563 caute
1464 512 1840 576 progredientes
1862 544 1866 548 -
1887 518 1939 563 et
1980 512 2042 563 ad

373 591 591 655 quemvis
626 590 882 654 strepitum
917 592 1109 641 attenti.
1169 591 1247 640 Ex
1280 607 1489 655 quorum
1523 592 1833 641 sermonibus
1856 608 2043 659 cogno-

370 671 528 718 scitur
571 668 837 730 Dolonem,
880 668 1014 719 forte
1048 671 1241 720 obviam
1275 671 1490 732 factum,
1535 674 1595 721 ab
1630 672 1692 720 iis
1726 672 2042 728 interfectum

369 764 513 797 esse:
546 749 598 798 id
631 748 761 813 quod
796 750 942 798 etiam
977 765 1039 799 ex
1074 751 1277 815 spoliis,
1312 768 1436 816 quae
1469 757 1695 817 gestant,
1735 751 2041 817 intelligitur,

369 829 615 892 simulque
647 829 868 878 eiusdem
902 829 1116 877 hominis
1149 832 1390 894 pravitate
1434 836 1487 880 et
1522 837 1765 881 tesseram
1800 831 2042 881 Troiano-

367 924 477 957 rum
512 909 609 956 illis
643 909 888 974 proditam
925 914 975 957 et
1008 910 1197 969 locum,
1246 909 1297 958 in
1340 925 1438 974 quo
1469 912 1660 960 Hector
1693 913 1921 971 cubaret,
1965 910 2041 960 in-

367 989 581 1038 dicatum
618 1004 746 1038 esse.
805 989 902 1037 Ubi
936 1004 1140 1037 vacuum
1176 989 1338 1038 cubile
1372 990 1640 1052 inveniunt,
1675 991 1804 1055 quod
1831 989 2040 1050 Hector,

366 1084 430 1117 ne
462 1069 618 1132 quieti
651 1084 707 1116 se
740 1083 909 1117 rursus
943 1070 1113 1127 daret,
1159 1069 1315 1118 Rhesi
1358 1070 1571 1118 adventu
1605 1071 1883 1136 prohibitus
1909 1076 2038 1131 erat,

365 1163 457 1214 spe
490 1148 734 1209 frustrati,
770 1164 977 1212 quonam
1001 1165 1056 1198 se
1078 1150 1350 1206 conferant,
1384 1149 1688 1199 deliberant:
1722 1154 1775 1198 et
1798 1149 2040 1200 suadente

364 1228 748 1297 prudentissime
807 1229 1019 1293 Ulysse,
1070 1234 1125 1276 ut
1168 1229 1373 1278 redeant
1430 1245 1554 1278 neve
1587 1234 1759 1279 contra
1789 1229 2037 1279 fortunam

364 1310 579 1358 nitantur
625 1307 922 1371 (timendum
970 1309 1100 1358 enim
1135 1325 1274 1370 esse,
1319 1324 1383 1356 ne
1416 1309 1566 1358 nimia
1601 1313 1846 1359 sectantes
1881 1309 2040 1360 salute

362 1387 658 1455 priventur),
693 1386 959 1436 Diomedes
993 1403 1204 1453 quoque,
1238 1389 1455 1452 quamvis
1490 1390 1552 1439 ad
1586 1387 1890 1440 abutendum
1923 1405 2036 1439 suc-

363 1485 509 1519 cessu
555 1468 782 1534 pronior,
835 1468 885 1516 id
927 1468 1168 1534 optimum
1209 1468 1345 1518 factu
1380 1484 1493 1518 esse
1526 1468 1780 1535 intelligit.
1845 1469 2037 1532 Quibus

360 1549 528 1598 redire
570 1549 848 1597 volentibus
893 1547 1118 1597 Minerva
1150 1549 1439 1610 intervenit,
1490 1554 1641 1613 utque
1687 1564 1780 1613 pro
1812 1549 2036 1598 Hectore

360 1628 583 1677 Rhesum
618 1627 681 1675 de
715 1627 881 1676 medio
911 1628 1086 1676 tollant
1118 1627 1363 1692 simulque
1397 1644 1551 1692 equos
1576 1629 1700 1689 εἰπε,
1733 1628 1847 1678 albo
1869 1628 2035 1677 colore

360 1707 706 1774 splendenteS,
751 1707 1022 1768 abducant,
1058 1709 1308 1767 hortatur,
1344 1709 1527 1757 (locens
1562 1712 1614 1757 et
1647 1708 1785 1756 illum
1817 1706 2034 1757 fortissi-

358 1804 494 1837 mum
543 1803 681 1848 esse,
728 1792 784 1836 ut
829 1789 907 1836 vix
953 1787 1172 1837 Achilles
1221 1794 1304 1836 aut
1345 1788 1497 1851 Aiax,
1544 1788 1807 1852 quominus
1849 1785 2035 1836 navalia

359 1874 624 1933 expugnet,
658 1867 929 1931 prohibere
961 1868 1140 1934 possit,
1174 1874 1223 1916 et
1256 1869 1348 1916 hos
1368 1868 1514 1934 longe
1536 1883 1775 1933 equorum
1796 1868 2032 1925 omnium,

357 1947 443 2013 qui
477 1947 657 2012 ubique
688 1953 936 1997 terrarum
971 1950 1176 2009 alantur,
1211 1948 1585 2014 pulcherrimos,
1636 1947 1849 2012 Negavit
1869 1947 2031 1997 Hora-

357 2027 455 2079 tius
487 2026 635 2076 deum
670 2032 807 2076 reete
841 2029 987 2077 rebus
1021 2030 1282 2086 interesse,
1319 2028 1412 2076 nisi
1448 2027 1626 2094 dignus
1655 2026 1847 2078 vindice
1871 2027 2031 2077 nodus

356 2107 627 2157 incidisset.
694 2107 804 2158 Non
837 2108 1160 2174 expediendis
1193 2110 1376 2170 rebUS,
1422 2122 1544 2172 quas
1578 2113 1726 2172 poeta
1758 2107 2032 2173 impedivit,

355 2204 452 2238 non
493 2188 726 2237 solvendo
776 2189 823 2237 ei
869 2190 1024 2250 nodo,
1071 2205 1218 2253 quem
1260 2204 1350 2237 nos
1386 2188 1557 2238 dicere
1588 2187 1836 2251 solemuS,
1882 2189 2031 2237 deum

354 2268 688 2318 adhibendum
727 2285 840 2318 esse
887 2270 1033 2318 docet
1079 2269 1347 2330 Horatius3
1395 2269 1561 2334 potius
1607 2285 1666 2321 ex
1710 2269 1821 2334 ipsa
1864 2267 2031 2319 fabula

356 2354 409 2399 et
438 2349 807 2414 impeditionem
843 2354 894 2398 et
927 2350 1223 2399 solutionem
1266 2351 1400 2397 nasci
1442 2353 1678 2413 oportere
1719 2348 2029 2397 consentiens

355 2446 467 2479 cum
500 2430 770 2479 Aristotele
804 2434 998 2478 censet:
1044 2431 1134 2478 sed
1176 2429 1262 2478 ubi
1308 2427 1536 2477 inciderit
1566 2428 1728 2492 aliqua
1761 2427 2029 2476 difficultas

354 2509 628 2569 eiusmodi,
672 2525 797 2572 quae
842 2525 939 2558 non
971 2510 1127 2573 possit
1158 2508 1305 2557 ullius
1339 2506 1549 2556 hominis
1583 2524 1735 2573 opera
1766 2507 2027 2568 removeri,

354 2589 500 2654 digna
535 2589 615 2638 ‹lei
647 2589 847 2651 auxilio,
880 2589 950 2636 ibi
972 2590 1105 2638 hunc
1129 2595 1268 2638 recte
1289 2587 1519 2636 arcessiri
1542 2588 1822 2638 arbitratur.
1864 2585 2027 2637 Huius

353 2669 548 2734 generis
582 2671 741 2719 nodus
776 2673 863 2717 aut
894 2684 1134 2733 nusquam
1170 2673 1253 2717 aut
1285 2667 1336 2717 in
1368 2667 1465 2717 hoc
1497 2668 1732 2716 dramatis
1765 2668 1875 2716 loco
1909 2682 2026 2717 con-

353 2750 590 2815 spicitur,
634 2750 719 2798 ubi
759 2753 844 2798 aut
887 2748 1192 2798 redeundum
1238 2749 1338 2798 fuit
1378 2748 1766 2812 speculatoribus
1803 2746 2024 2807 Graecis,

352 2835 437 2879 aut
467 2846 585 2878 casu
616 2830 778 2893 aliquo
811 2833 959 2894 atque
993 2829 1195 2878 fortuna
1231 2828 1578 2888 efficiendum,
1622 2831 1676 2875 ut
1708 2841 1831 2875 nova
1865 2825 2026 2877 damni

333 2909 598 2959 ‘inferendi
624 2909 827 2958 materia
850 2910 909 2957 iis
937 2909 1215 2958 offerretur.
1262 2909 1428 2971 ‘Quum
1453 2911 1615 2956 autem
1643 2922 1809 2956 casum
1842 2906 2037 2975 fortuie

351 2994 460 3038 tum
495 2989 746 3054 tragoedia
781 2988 1026 3050 excludat,
1064 3005 1229 3054 quum,
1261 3003 1580 3052 quaecunque
1604 2988 1891 3036 mortalibus
1917 2985 2025 3037 siue

350 3068 575 3136 ipsorum
608 3085 760 3134 opera
795 3074 846 3118 et
879 3070 1084 3118 consilio
1119 3069 1250 3129 ultro
1285 3068 1532 3126 eveniunt,
1565 3068 1899 3133 praesentium
1933 3082 2023 3117 nn-

352 3149 536 3199 minum
583 3149 628 3197 vi
677 3148 813 3197 effici
862 3154 1119 3213 putentur,
1169 3153 1306 3198 recte
1350 3153 1403 3197 et
1433 3149 1714 3198 necessario
1745 3148 2023 3215 EuripideS,

350 3229 559 3279 Homeri
601 3230 940 3277 auctoritatem
986 3235 1213 3290 secutuS,
1256 3229 1534 3278 Minervam
1581 3227 1631 3278 in
1677 3244 1874 3282 scenam
1906 3244 2022 3294 pro-

352 3307 511 3371 duxit,
547 3308 679 3374 quod
713 3309 901 3359 faciens
934 3311 1032 3359 hoc
1065 3310 1212 3359 simul
1243 3313 1498 3358 assecutus
1534 3314 1628 3370 est,
1662 3313 1734 3370 ut,
1767 3323 1895 3372 quae
1925 3322 2022 3356 uno

354 3395 582 3455 tempore
613 3389 663 3438 in
698 3390 908 3440 diversis
943 3395 1216 3440 castrorum
1246 3389 1367 3439 locis
1410 3392 1620 3456 aguntur
1630 3425 1646 3453 ,
1687 3389 1812 3438 deae
1854 3402 2021 3454 opera,
