2176 3874
1011 283 1132 344 551

228 455 328 506 que
380 436 500 488 inde
562 435 774 486 evadere
831 439 1005 500 posset
1022 433 1088 499 ²²²).
1157 431 1389 483 Theseus
1419 492 1421 494 ¹
1451 435 1623 482 contra
1668 431 1919 496 pollicitus

229 525 309 571 est
365 535 422 568 se
469 534 579 567 eam
639 533 701 566 ex
747 516 1028 581 labyrintho
1078 520 1328 563 servatum
1383 514 1432 562 in
1493 513 1702 578 patriam
1748 528 1922 561 secum

229 600 561 650 abducturum
599 603 652 646 et
684 614 778 662 pro
811 611 966 646 uxore
999 595 1298 644 habiturum.
1368 593 1642 642 Consilium
1678 593 1924 642 Ariadnae

227 680 308 730 his
343 681 510 729 verbis
540 678 759 743 explicat
793 675 1088 726 Plutarchus
1124 691 1168 725 c.
1209 677 1299 722 19:
1335 669 1444 723 ἐπεὶ
1479 671 1538 723 δὲ
1571 670 1924 723 κατέπλευσεν

233 759 308 821 εἰς
345 759 600 825 Κρήτην,
637 757 709 818 ὡς
743 755 840 823 μὲν
875 753 929 805 οἱ
959 752 1149 804 πολλοὶ
1183 752 1535 820 γράφουσι
1570 753 1682 804 καὶ
1714 753 1924 821 ᾄδου-

230 851 322 902 σι,
371 838 517 906 παρὰ
562 840 656 904 τῆς
694 830 969 902 Ἀριάδνης
1001 833 1312 901 ἐρασθείσης
1343 835 1403 886 τὸ
1436 834 1590 886 λίνον
1623 834 1805 901 λαβὼν
1837 833 1927 886 καὶ

234 919 530 988 διδαχθεὶς,
569 917 638 979 ὡς
674 916 780 969 ἔστι
810 920 911 967 τοῦ
945 915 1285 981 λαβυρίνθου
1314 908 1444 976 τοὺς
1468 912 1716 983 ἑλιγμοὺς
1741 915 1929 980 διεξελ-

234 1007 386 1066 θεῖν,
444 1000 714 1053 ἀπέκτεινε
769 997 864 1049 τὸν
923 997 1294 1065 Μινώταυρον
1340 995 1430 1048 καὶ
1489 997 1779 1050 ἀπέπλευσε
1828 995 1929 1064 τὴν

226 1077 512 1151 Ἀριάδνην
559 1077 846 1146 ἀναλαβὼν
892 1077 983 1132 καὶ
1044 1073 1173 1139 τοὺς
1227 1077 1460 1146 ἠϊθέους.
1544 1081 1724 1130 Exstat
1780 1081 1930 1130 etiam

232 1167 570 1234 fragmentum
621 1164 687 1215 ad,
736 1163 888 1212 huius
940 1161 1042 1211 doli
1092 1162 1479 1227 descriptionem
1522 1163 1773 1227 pertinens
1810 1160 1931 1225 (inc.

235 1265 285 1298 n.
319 1245 484 1310 2069:

367 1355 432 1366 —-
502 1324 655 1377 λίνου
690 1324 972 1389 κλωστῆρα
1005 1319 1277 1387 περιφέρει
1309 1320 1504 1388 λαβών.

234 1407 314 1457 Ex
347 1407 518 1456 famuli
554 1407 833 1456 narratione
866 1406 964 1453 hoc
1012 1404 1328 1469 depromtum
1376 1421 1490 1454 esse
1537 1407 1760 1470 apparet.
1830 1401 1933 1451 Eo-

240 1490 357 1536 dem
409 1487 626 1552 pertinet
658 1487 836 1553 fragm.
872 1486 968 1534 inc.
1002 1487 1147 1547 202.,
1197 1501 1293 1550 quo
1340 1485 1453 1550 ipsa
1499 1484 1707 1535 monstri
1754 1482 1934 1534 caedes

242 1568 579 1635 significatur:

369 1646 399 1699 ὁ
435 1647 484 1698 δ’
519 1644 838 1711 ἐσφάδαζεν,
876 1645 976 1698 οὐκ
1010 1641 1147 1711 ἔχων
1180 1643 1505 1712 ἀπαλλαγάς.

238 1729 409 1779 Potuit
464 1736 724 1794 praeterea
776 1729 827 1777 iu
872 1729 969 1777 hac
1017 1729 1274 1794 tragoedia
1316 1729 1478 1778 locum
1524 1728 1713 1778 habere
1757 1725 1934 1792 fragm.

238 1810 337 1859 inc.
375 1812 470 1858 46:

374 1882 477 1940 σὺν
510 1891 647 1940 τοῖσι
682 1887 878 1949 δεινοῖς
913 1887 1126 1952 αὔξεται
1158 1886 1311 1949 κλέος
1342 1888 1573 1954 βροτοῖς.

240 1971 348 2022 Nec
382 1973 625 2021 absonum
663 1978 739 2020 est
771 1972 950 2035 fragm.
989 1974 1116 2020 110:

375 2050 422 2102 εἰ
457 2049 514 2102 δὲ
547 2054 739 2101 θανεῖν
771 2049 954 2115 θέμις,
991 2040 1094 2101 ὧδε
1126 2052 1320 2101 θανεῖν
1352 2049 1538 2113 καλόν,

373 2131 448 2190 εἰς
483 2129 677 2196 ἀρετὴν
709 2128 1185 2195 καταλυσαμένους
1220 2131 1358 2195 βίον.

374 2212 541 2261 Noctu
576 2212 703 2260 clam
741 2229 850 2261 cum
886 2212 1103 2261 Ariadna
1138 2212 1397 2261 Theseum
1433 2211 1690 2276 aufugisse
1724 2212 1794 2261 ait
1820 2211 1938 2260 Dio-

242 2292 398 2340 dorus
446 2289 534 2354 (V,
571 2290 700 2354 51.)‚
750 2307 843 2339 nec
878 2298 1056 2356 sponte
1091 2293 1227 2341 illam
1260 2293 1578 2353 deseruisse,
1615 2293 1705 2341 sed
1741 2293 1941 2341 Baccho

243 2370 507 2429 minitanti,
540 2386 690 2434 quum
725 2369 918 2419 Naxum
953 2373 1282 2435 pervenisset,
1330 2374 1658 2422 concessisse.
1726 2373 1804 2422 Ad
1840 2372 1940 2420 De-

244 2451 347 2500 lum
383 2466 581 2515 quoque
617 2466 730 2498 eum
767 2451 1020 2516 appulisse
1055 2458 1124 2513 et,
1161 2469 1273 2501 cum
1310 2469 1451 2501 sacra
1481 2453 1699 2516 Apollini
1730 2453 1941 2500 fecisset

244 2531 538 2595 signumque
583 2530 794 2580 Veneris
841 2531 1153 2594 dedicasset,
1201 2533 1332 2596 quod
1369 2533 1429 2580 ab
1465 2533 1678 2580 Ariadna
1715 2531 1940 2596 accepis-

245 2616 354 2670 set,
402 2610 677 2674 tripudium
726 2611 935 2659 saltasse
964 2628 1083 2669 ‚cum
1118 2612 1289 2675 pueris
1325 2612 1632 2676 puellisque,
1679 2613 1813 2675 quod
1848 2626 1940 2676 po-

246 2696 381 2740 stero
409 2706 607 2754 quoque
640 2696 866 2754 tempore
895 2690 1023 2738 Delii
1053 2693 1414 2756 usurpaverint,
1449 2693 1610 2742 refert
1643 2691 1941 2740 Plutarchus

244 2786 290 2820 c.
323 2772 404 2818 20.
475 2770 667 2819 Harum
716 2787 882 2819 rerum
927 2772 1406 2836 praemonendarum
1453 2789 1631 2823 caussa
1665 2771 1943 2821 Minervam

247 2850 314 2900 de
348 2849 489 2898 coelo
524 2850 831 2899 descendere
866 2867 1075 2900 necesse
1107 2851 1221 2902 fuit.

380 2929 530 2978 Hunc
575 2931 808 2979 dramatis
857 2932 1041 2981 exitum
1091 2933 1286 2996 pictura
1333 2933 1544 2997 quadam
1577 2931 1942 2981 Herculanensi

249 3012 614 3074 repraesentari
649 3011 906 3076 suspicor,
955 3013 1005 3061 in
1040 3028 1135 3076 qua
1171 3012 1401 3062 Theseus
1438 3013 1742 3077 conspicitur
1788 3012 1941 3076 pallio

248 3089 479 3151 indutus,
528 3097 724 3139 caetera
758 3093 951 3150 nudus,
1001 3099 1050 3142 et
1086 3110 1250 3142 coram
1287 3110 1348 3143 eo
1384 3093 1655 3143 Minotauri
1687 3090 1943 3141 interfecti

250 3185 432 3236 corpus
506 3175 834 3220 cruentatum.
935 3172 1083 3222 Pueri
1152 3174 1452 3239 puellaeque
1526 3174 1707 3224 servati
1777 3188 1941 3234 crura,

309 3362 360 3419 ²⁸³)
387 3363 569 3409 Diodor.
610 3366 690 3419 IV,
728 3366 809 3409 61:
843 3364 1024 3424 Θησεύς
1075 3367 1138 3413 δὲ
1183 3369 1268 3420 εἰς
1308 3367 1522 3426 λόγους
1561 3367 1749 3415 ἐλθών
1789 3362 1942 3425 αὐτῇ

393 3434 472 3478 καὶ
503 3435 681 3493 ταύτην
708 3438 929 3496 συνεργὸν
957 3437 1111 3496 λαβών
1138 3442 1233 3485 κτλ.
