2176 3874
1175 282 1302 342 450

410 439 477 488 Et
507 437 665 503 primo
700 434 862 482 statim
897 431 1136 496 adspectu
1171 447 1232 480 ex
1268 429 1396 479 facie
1417 428 1654 494 vultuque
1687 427 1902 480 feminae
1933 447 2085 497 geue-

408 519 662 567 rositatem
699 513 981 575 cognoscit:

539 591 845 659 γενναιότης
879 601 981 651 σοι,
1016 587 1104 641 καὶ
1137 587 1351 654 τρόπων
1383 586 1667 653 τεκμήριον

530 673 590 724 τὸ
626 671 776 740 σχῆμ’
812 669 939 737 ἔχεις
971 670 1100 732 τόδ’,
1134 668 1246 736 ἥτις
1279 663 1329 719 εἴ
1358 669 1491 729 ποτ’,
1529 660 1570 718 ὦ
1603 667 1765 732 γύναι
1798 666 1866 728 (v.
1895 667 2054 732 240.)‚

409 756 711 817 eosdemque
745 753 851 801 eius
886 768 1051 800 mores
1085 751 1398 816 paedagogus
1430 749 1684 814 praedicat
1717 749 1786 810 (v.
1807 748 1963 810 7350,
2000 747 2088 796 de-

408 837 556 899 nique
591 835 743 882 tribus
768 832 1144 881 Atheniensium
1180 835 1375 879 veteres
1413 846 1441 876 a
1465 829 1692 878 Minerva
1722 828 1833 893 ipsa
1867 827 2088 876 nomina-

407 917 499 963 tim
534 915 821 971 laudantur3
871 901 1041 959 civitas
1094 915 1254 958 autem
1299 907 1513 971 καθαρὰ
1546 907 1695 967 πόλις
1729 908 1798 970 (ν.
1832 907 1971 970 675.)
2001 923 2088 970 ap-

409 995 635 1059 pellatur,
669 993 941 1053 eademque
975 993 1035 1040 ob
1069 990 1299 1038 invidiam
1334 1005 1531 1049 eorum,
1567 989 1652 1053 qui
1686 989 1846 1036 minus
1880 987 2091 1035 honesto

411 1076 521 1123 loco
556 1073 654 1121 nati
688 1073 749 1120 ad
783 1071 997 1118 honores
1033 1070 1298 1127 enitantur,
1331 1070 1474 1132 plena
1507 1069 1700 1116 timoris
1720 1065 1923 1132 (φόβου
1941 1061 2090 1124 πλέα,
2169 1132 2173 1134 Ἴ

409 1171 453 1204 v.
487 1151 643 1215 603.).
690 1150 781 1197 His
832 1164 943 1196 cum
991 1150 1163 1196 turbae
1210 1148 1537 1211 dissidiaque,
1589 1149 1763 1210 quibus
1812 1146 2092 1211 respublica

410 1233 759 1287 exercebatur,
808 1226 1178 1288 significentur,
1213 1233 1319 1274 tum
1354 1228 1644 1275 familiarum
1678 1225 1984 1291 perturbatio
2017 1230 2091 1273 at-

411 1328 507 1375 que
541 1324 744 1358 uxorum
774 1306 908 1363 irae,
965 1321 1092 1368 quae
1127 1321 1273 1368 aegre
1308 1306 1500 1354 ferrent
1544 1307 1828 1355 maritorum
1863 1305 1996 1353 filios
2029 1319 2091 1353 ex
2171 1310 2176 1316 '

410 1389 565 1439 servis
596 1392 739 1435 natos
776 1384 870 1433 sibi
906 1384 1118 1446 obtrudi,
1153 1400 1230 1432 vv.
1269 1387 1398 1432 1069
1432 1400 1571 1448 seqq.
1608 1390 1659 1433 et
1690 1387 1788 1433 816
1823 1400 1964 1449 seqq.
1999 1385 2088 1452 de-

411 1469 669 1518 clarantur.

540 1546 677 1605 Inde,
714 1560 811 1608 quo
845 1548 1072 1608 tempore
1106 1543 1231 1591 haec
1266 1542 1429 1591 fabula
1464 1548 1572 1591 acta
1596 1543 1678 1600 sit,
1712 1559 1808 1592 non
1844 1548 1922 1592 est
1953 1543 2089 1591 diffi-

410 1627 505 1676 cile
540 1625 808 1673 intellectu.
881 1622 1054 1671 Insunt
1095 1627 1259 1671 autem
1307 1623 1400 1670 alia
1448 1637 1545 1670 non
1588 1623 1747 1671 minus
1782 1629 1922 1672 certa
1951 1623 2091 1671 lucu-

410 1708 637 1768 lentaque
655 1704 808 1767 signa,
842 1703 1018 1765 quibus
1036 1708 1231 1766 tempus
1252 1702 1531 1751 definiatur.
1580 1701 1820 1752 Versibus
1854 1705 2091 1753 59--62.

410 1785 593 1836 bellum
619 1799 729 1832 cum
748 1783 984 1831 Euboeae
1004 1782 1178 1830 incolis
1196 1782 1410 1831 feliciter
1432 1786 1626 1847 gestum
1651 1787 2091 1843 commemoratur:

541 1855 611 1927 ἦν
643 1863 756 1920 ταῖς
783 1854 1035 1926 Ἀθήναις
1065 1863 1175 1921 τοῖς
1208 1877 1262 1911 τε
1299 1860 1924 1924 Χαλκωδοντίδαις,

546 1942 599 1992 οἳ
631 1943 734 2007 γῆν
768 1936 942 2007 ἒχουσ’
977 1940 1236 2004 Εὐβοῖδα,
1270 1939 1517 2006 πολέμιος
1547 1941 1777 2002 κλύδων,

412 2037 509 2087 quo
543 2023 593 2071 in
629 2022 760 2070 bello
795 2038 947 2084 quum
981 2037 1182 2083 operam
1212 2021 1522 2069 utilissimam
1549 2022 1860 2084 praebuisset
1877 2019 2093 2079 xuthos,

413 2103 649 2150 Creusam
685 2115 775 2163 pro
819 2099 1040 2164 praemio
1085 2100 1136 2146 in
1181 2100 1541 2148 matrimonium
1589 2102 1841 2163 accepisse
1873 2100 2094 2164 fingitur.

412 2181 523 2229 Hoc
571 2194 769 2242 quoque
803 2178 1010 2226 Periclis
1058 2178 1326 2227 memoriae
1374 2180 1614 2228 tributum
1649 2186 1727 2229 est
1761 2179 1826 2244 ss).
1894 2178 1964 2228 Et
1995 2178 2093 2226 iam

416 2259 693 2307 Boeckhius
730 2254 815 2323 (de
849 2275 923 2320 gr.
944 2262 1063 2322 trag.
1098 2259 1251 2322 princ.
1287 2275 1336 2321 p.
1372 2257 1512 2321 191.)
1548 2274 1645 2307 non
1675 2259 1830 2308 multo
1862 2262 1977 2323 post
2011 2257 2093 2305 01.

413 2342 496 2396 87,
532 2340 581 2389 4.
620 2337 741 2401 (quo
775 2352 900 2385 anno
936 2337 1154 2385 Pericles
1190 2338 1254 2384 de
1287 2337 1390 2385 vita
1439 2336 1681 2400 decessit)
1717 2338 1842 2386 hanc
1875 2336 2094 2386 fabulam

414 2423 573 2467 actam
629 2432 742 2464 esse
792 2432 853 2464 ex
901 2416 1009 2464 aliis
1045 2416 1336 2478 quibusdam
1369 2417 1596 2483 vestigiis
1631 2417 1873 2481 cognovit.
1939 2416 2094 2465 Cuius

414 2497 567 2545 verba
601 2496 724 2543 haec
759 2501 900 2544 sunt:
949 2496 1079 2560 „Agi
1111 2495 1236 2544 haec
1272 2496 1533 2560 (parodum
1560 2496 1651 2563 sc.)
1685 2498 1737 2546 in
1769 2497 1960 2562 porticu
1979 2495 2094 2544 Del-

414 2576 563 2641 phica
597 2575 916 2624 manifestum
952 2580 1029 2623 est
1063 2591 1091 2623 e
1125 2590 1169 2624 v.
1211 2577 1353 2635 184„
1386 2576 1472 2624 ubi
1507 2582 1622 2625 sunt
1654 2574 1886 2636 εὐκίονες
1921 2573 2094 2636 αὐλαί,

415 2662 468 2704 et
500 2655 618 2703 vidit
651 2655 747 2702 hoc
780 2656 879 2702 iam
913 2653 1233 2718 TyrwhittuS.
1300 2655 1611 2717 Musgravius
1655 2661 1822 2706 autem
1853 2673 1946 2720 per
1978 2671 2094 2720 pro-

414 2735 573 2798 lepsin
606 2735 910 2798 designatam
943 2734 1026 2781 hic
1060 2739 1200 2797 putat
1233 2750 1342 2782 eam
1377 2740 1536 2783 stoam
1573 2751 1718 2797 esse,
1765 2752 1913 2800 quam
1959 2736 2093 2784 devi-

415 2815 509 2863 ctis
545 2813 606 2862 ad
655 2812 887 2862 Rhium
919 2812 1323 2862 Lacedaemoniis
1357 2830 1385 2863 a
1430 2814 1731 2864 Phormione
1777 2815 1857 2865 01.
1901 2817 1995 2877 87,
2041 2816 2091 2862 4.
2139 2835 2145 2838 >

470 2955 519 3008 >l⁶)
548 2955 693 2996 Thuc.
723 2952 760 3005 Ι,
789 2951 887 2994 114.
919 2955 963 2994 et
991 2953 1218 2995 Plutarch.
1248 2968 1285 2995 c.
1316 2952 1385 2994 22.
1413 2951 1496 2995 232
1556 2949 1716 3003 Εὐθὺς
1755 2945 1839 2997 οὖν
1876 2950 1952 2996 ἐπὶ
1981 2950 2093 3002 τούς

553 3021 821 3078 ἀφεστῶτας
844 3019 1129 3078 τραπόμενος
1149 3022 1224 3066 καὶ
1245 3021 1411 3079 διαβὰς
1429 3022 1493 3073 εἰς
1511 3019 1592 3066 Εὖ
1604 3024 1632 3079 β
1644 3038 1668 3066 ο
1682 3038 1778 3066 ιαν
1805 3018 2093 3077 πεντήκοντα

553 3091 692 3136 ναυσὶ
721 3091 800 3134 καὶ
828 3094 1205 3147 πεντακιςχιλίοις
1224 3090 1432 3143 ὁπλίταις
1449 3090 1790 3149 κατεστρέψατο
1810 3089 1895 3143 τὰς
1922 3090 2091 3142 πόλεις.

555 3162 649 3205 Καὶ
679 3162 1018 3205 Χαλκιδέων
1046 3160 1128 3216 μὲν
1157 3161 1267 3213 τούς
1306 3159 1563 3218 ἱπποβότας
1603 3160 1870 3217 λεγομένους
1907 3160 2092 3220 πλούτῳ

553 3230 633 3274 καὶ
664 3228 776 3287 δόξῃ
805 3230 1112 3288 διαφέροντας
1139 3223 1371 3290 ἐξέβαλενς
1411 3229 1629 3282 Ἑστιαεῒς
1668 3230 1719 3275 δὲ
1757 3230 1937 3284 πάντας
1975 3229 2092 3276 ἄνα-

554 3300 726 3357 στήσας
755 3300 804 3345 ἐκ
833 3303 915 3356 τῆς
943 3300 1094 3359 χώρας
1121 3299 1388 3359 Ἀθηναίους
1415 3299 1586 3357 μόνους
1621 3300 1867 3361 κατῴκισε,
1908 3301 2093 3353 τούτοις

556 3369 880 3430 ἀπαραιτήτως
906 3371 1197 3428 χρησάμενος,
1227 3371 1298 3418 ὅτι
1325 3373 1444 3417 ναῦν
1465 3369 1662 3430 Ἀττικήν
1690 3369 1977 3431 αἰχμᾶλωτον
2005 3376 2091 3417 λα-

555 3439 713 3500 βόντες
741 3437 1014 3486 ἀπέκτειναν
1045 3442 1155 3494 τούς
1182 3439 1368 3500 ἄνδρας.
