2144 3854
943 274 1063 329 103

154 426 374 474 minutae
407 424 644 472 materiae
679 418 966 486 particulae,
1002 420 1130 468 iuter
1164 436 1219 468 se
1244 421 1433 469 similes
1455 417 1849 486 (ὁμοιομερεῖς),

151 506 365 571 primum
398 505 529 553 inter
563 519 621 553 se
653 500 918 561 confusae,
966 504 1143 564 postea
1177 501 1452 551 accedente
1484 506 1653 552 mente
1685 504 1852 554 diviua

150 587 203 635 iu
250 585 472 635 ordinem
520 584 764 632 adductae
811 595 925 628 esse
959 579 1261 629 dicerentur.
1332 581 1663 643 Quamobrem
1698 601 1850 650 quum

151 665 316 715 omnia
349 681 412 714 ex
446 664 673 713 omnibus
724 660 969 725 principio
1012 664 1125 710 nata
1172 677 1286 710 esse
1332 662 1682 725 crederentur,
1729 665 1850 730 quid

152 746 352 806 mirum,
389 745 433 793 si
467 741 668 793 Daedali
701 741 904 790 audacia
938 741 1000 789 ad
1036 741 1272 790 effectum
1306 743 1560 792 adducere
1581 750 1752 795 conata
1772 750 1853 796 est

148 826 218 887 id,
254 825 387 891 quod
419 824 529 874 fieri
562 819 719 888 posse'
745 821 1037 888 Menalippa
1059 839 1230 871 rerum
1265 823 1646 888 investigatione
1668 841 1850 889 cogno-

148 908 251 967 vit,
303 910 357 955 et
388 903 644 970 migrando
679 902 999 968 tollendoque
1034 903 1170 968 leges
1205 909 1410 952 naturae
1447 906 1598 953 boves
1634 905 1852 956 homini-

147 987 240 1036 bus
270 985 511 1042 miscere,
558 983 730 1033 alitum
765 984 1179 1047 terrestriumque
1212 990 1439 1033 naturam
1473 986 1666 1034 sociare
1701 1003 1850 1036 ausus

146 1067 263 1116 est?
328 1063 504 1125 Vides,
539 1081 683 1129 quam
720 1070 857 1113 arcte
891 1066 1172 1113 dramatum
1207 1071 1497 1128 argumenta
1529 1067 1660 1115 inter
1685 1082 1740 1115 se
1765 1082 1849 1116 co-

142 1147 384 1195 haereant
440 1151 588 1210 atque
633 1146 845 1195 alterum
894 1145 1050 1193 altero
1086 1145 1410 1210 compleatur.
1478 1146 1747 1196 Praeterea
1800 1148 1850 1196 in

144 1227 324 1276 eodem
371 1225 598 1275 dramate
632 1225 902 1291 Euripides
937 1230 1100 1275 totum
1135 1231 1300 1274 vatum
1334 1226 1413 1275 vel
1447 1227 1613 1291 potius
1649 1227 1849 1292 sapien·

141 1308 268 1358 tium
303 1306 512 1356 chorum
545 1306 752 1370 induxit,
790 1322 913 1371 quos
948 1323 1046 1356 non
1072 1307 1233 1355 minus
1257 1307 1500 1368 studiose,
1537 1324 1681 1373 quam
1714 1323 1849 1356 sum-

141 1378 250 1437 mos
304 1387 662 1454 philosophos,
719 1388 768 1436 in
813 1404 982 1437 rerum
1037 1394 1258 1437 naturam
1308 1388 1558 1452 inquirere
1608 1390 1849 1451 videmus,

143 1485 311 1534 quum,
346 1484 539 1518 summo
561 1468 747 1518 numini
774 1469 1052 1533 indagando
1086 1468 1395 1532 colendoque
1430 1485 1632 1534 operam
1657 1468 1847 1530 damea,

141 1549 276 1598 nulla
308 1566 476 1598 rerum
510 1548 859 1614 procuratione
894 1549 1248 1598 distrahantur.
1309 1549 1405 1597 His
1441 1551 1631 1598 duabus
1665 1549 1848 1599 fabulis

141 1630 344 1679 tertiam
376 1629 507 1678 addo
543 1629 803 1691 Cadmum,
840 1630 979 1677 cuius
1014 1628 1247 1692 primaria
1280 1645 1495 1693 persona
1520 1631 1688 1694 Agave
1722 1633 1846 1688 erat,

143 1709 341 1759 Baccho
374 1709 648 1774 inspirante

274 1791 618 1857 „utiliumque
650 1805 821 1856 sagax·
855 1806 1026 1838 rerum
1061 1795 1113 1838 et
1148 1788 1330 1839 divina
1350 1789 1581 1854 suturi‚''

142 1887 269 1934 quae
303 1872 504 1936 quidem
531 1870 946 1934 philosophorum
980 1869 1160 1934 placita
1192 1869 1400 1918 rudibus
1435 1869 1657 1919 barbaris
1691 1871 1846 1919 tradi-

142 1951 279 2000 disse
319 1951 533 2000 videtur.

273 2031 458 2081 Natura
516 2031 696 2080 horum
755 2031 1036 2080 dramatum
1095 2029 1210 2078 talis
1268 2035 1409 2091 erat,
1467 2036 1551 2090 ut,
1608 2031 1742 2081 inter
1789 2046 1848 2082 se

138 2113 321 2171 iuncta,
356 2127 454 2161 non
488 2116 718 2160 carerent
750 2111 965 2161 iucunda
998 2111 1252 2160 varietate.
1321 2111 1415 2160 His
1459 2112 1610 2176 igitur
1643 2111 1847 2162 alterius

138 2192 438 2244 didascaliae
471 2191 637 2240 locum
672 2192 927 2256 assignare
962 2191 1128 2248 lubet,
1164 2208 1309 2255 quam
1345 2197 1504 2240 actam
1532 2195 1846 2242 esse'statuo

139 2273 219 2323 01.
253 2276 336 2334 83,
372 2274 418 2323 1.
451 2287 579 2321 anno
612 2273 726 2320 447.
778 2278 1014 2336 praetore
1057 2271 1292 2320 Philisco.
1332 2294 1335 2298 ·
1373 2273 1512 2335 Quae
1561 2273 1846 2334 coniectura

137 2355 316 2404 indicio
341 2355 512 2403 nititur
533 2351 733 2411 Suidae,
770 2354 854 2416 qui
879 2370 918 2401 s.
950 2370 994 2402 v.
1031 2346 1236 2417 Ἀχαιός
1263 2353 1388 2400 haec
1422 2353 1630 2402 tradidit
1655 2368 1846 2403 memo-

138 2436 270 2484 riae:
304 2426 374 2500 ἦν
409 2431 466 2484 δὲ
498 2432 754 2498 νεώτερος
778 2432 1128 2498 Σοφοκλέους
1149 2431 1310 2499 ὀλίγῳ
1330 2430 1468 2483 τινί·
1504 2430 1844 2484 ἐπεδείκνυτο

141 2511 199 2566 δὲ
232 2519 441 2579 κοινῇ
477 2506 605 2564 σὺν
639 2519 723 2563 τῶ
747 2514 1089 2581 Εὐριπίδη
1126 2512 1258 2565 ἀπὸ
1292 2516 1412 2581 τῆς
1445 2508 1541 2580 σῖγ’
1568 2513 1842 2581 ὀλυμπι-

140 2593 323 2655 άδος.
391 2595 502 2645 Νοη
538 2611 739 2660 semper
773 2597 1076 2660 tetralogus,
1113 2596 1202 2644 sed
1237 2596 1486 2644 interdum
1522 2598 1672 2646 etiam
1705 2597 1842 2646 trilo-

138 2677 235 2744 giis
269 2682 515 2726 certatum
550 2692 663 2724 esse
697 2676 935 2725 arbitror:
984 2692 1145 2740 neque
1192 2675 1319 2723 enim
1354 2691 1613 2724 numerum
1646 2677 1843 2740 thyme-

137 2758 350 2807 licorum
384 2757 644 2817 artificum,
680 2758 762 2820 qui
797 2775 826 2806 a
850 2757 1065 2821 chorago
1089 2756 1346 2816 dabantur,
1382 2770 1582 2821 semper
1610 2761 1844 2821 quattuor

138 2837 320 2889 fabulis
352 2837 557 2902 agendis
593 2836 854 2887 suffecisse
888 2841 1273 2887 consentaneum
1308 2841 1399 2888 est.

582 3109 652 3164 A.
740 3105 1385 3162 Cretenses.

275 3231 636 3294 Argumentum
683 3230 830 3278 huius
876 3229 1164 3294 tragoediae
1212 3228 1417 3278 Malalas
1463 3230 1514 3279 in
1563 3228 1837 3292 chronogr.

143 3309 230 3361 lv.
263 3327 314 3375 p.
351 3311 464 3362 105.
501 3311 693 3372 retulit,
743 3326 894 3374 quem
938 3309 1092 3358 miror
1136 3325 1234 3358 non
1281 3310 1443 3360 solum
1486 3327 1515 3359 a
1549 3309 1838 3370 Matthiaeo,

142 3389 236 3440 sed
266 3389 420 3440 etiam
453 3407 481 3439 a
527 3390 791 3441 Welckero
832 3389 1115 3454 neglectum
1160 3406 1292 3440 esse.
1358 3391 1481 3441 Eius
1519 3392 1671 3440 verba
1713 3389 1840 3458 haec
1890 3425 1891 3429 ,

145 3474 285 3521 suut:
334 3467 394 3522 ἐν
438 3463 520 3532 οἷς
564 3470 776 3538 χρόνοις
824 3462 963 3537 ἦσαν
1013 3468 1044 3521 ὁ
1094 3468 1370 3532 Δαίδαλος
1413 3467 1505 3523 καὶ
1552 3468 1584 3522 ὁ
1625 3462 1839 3534 Ἴκαρος
