<?xml version="1.0" encoding="UTF-8"?>
<!DOCTYPE html PUBLIC "-//W3C//DTD XHTML 1.0 Transitional//EN"
    "http://www.w3.org/TR/xhtml1/DTD/xhtml1-transitional.dtd">
<html xmlns="http://www.w3.org/1999/xhtml" xml:lang="en" lang="en">
 <head>
  <title>
</title>
<meta http-equiv="Content-Type" content="text/html;charset=utf-8" />
  <meta name='ocr-system' content='tesseract 3.04.00' />
  <meta name='ocr-capabilities' content='ocr_page ocr_carea ocr_par ocr_line ocrx_word'/>
</head>
<body>
  <div class='ocr_page' id='page_1' title='image "./euripidesrestitu01hartuoft_0118.png"; bbox 0 0 2144 3854; ppageno 0'>
   <div class='ocr_carea' id='block_1_1' title="bbox 1124 314 1246 371">
    <p class='ocr_par' dir='ltr' id='par_1_1' title="bbox 1124 314 1246 371">
     <span class='ocr_line' id='line_1_1' title="bbox 1124 314 1246 371; baseline 0.008 -1"><span class='ocrx_word' id='word_1_1' title='bbox 1124 314 1246 371; x_wconf 78' lang='lat'><strong>100</strong></span> 
     </span>
    </p>
   </div>
   <div class='ocr_carea' id='block_1_2' title="bbox 335 451 2039 3410">
    <p class='ocr_par' dir='ltr' id='par_1_2' title="bbox 470 451 1792 531">
     <span class='ocr_line' id='line_1_2' title="bbox 470 451 1792 531; baseline -0.008 -13"><span class='ocrx_word' id='word_1_2' title='bbox 470 466 535 518; x_wconf 82' lang='grc' dir='ltr'><strong>τὰ</strong></span> <span class='ocrx_word' id='word_1_3' title='bbox 567 464 719 531; x_wconf 80' lang='grc' dir='ltr'><em>μῶρα</em></span> <span class='ocrx_word' id='word_1_4' title='bbox 751 459 855 527; x_wconf 75' lang='grc' dir='ltr'><strong>γὰρ</strong></span> <span class='ocrx_word' id='word_1_5' title='bbox 887 451 1035 511; x_wconf 77' lang='grc' dir='ltr'><strong><em>πάντ’</em></strong></span> <span class='ocrx_word' id='word_1_6' title='bbox 1072 458 1215 512; x_wconf 83' lang='grc' dir='ltr'><strong><em>ἐστὶν</em></strong></span> <span class='ocrx_word' id='word_1_7' title='bbox 1241 451 1526 525; x_wconf 82' lang='grc' dir='ltr'><strong><em>Ἀφροδίτη</em></strong></span> <span class='ocrx_word' id='word_1_8' title='bbox 1560 456 1792 524; x_wconf 78' lang='grc' dir='ltr'><em>βροτοῖς,</em></span> 
     </span>
    </p>

    <p class='ocr_par' dir='ltr' id='par_1_3' title="bbox 335 539 2035 1490">
     <span class='ocr_line' id='line_1_3' title="bbox 470 539 1774 607; baseline -0.005 -11"><span class='ocrx_word' id='word_1_9' title='bbox 470 544 560 598; x_wconf 84' lang='grc' dir='ltr'><strong>καὶ</strong></span> <span class='ocrx_word' id='word_1_10' title='bbox 590 541 808 606; x_wconf 83' lang='grc' dir='ltr'>τοῦνομ’</span> <span class='ocrx_word' id='word_1_11' title='bbox 843 539 1022 607; x_wconf 81' lang='grc' dir='ltr'>ὀρθῶς</span> <span class='ocrx_word' id='word_1_12' title='bbox 1054 539 1363 607; x_wconf 70' lang='grc' dir='ltr'><em>ἀφροσύνης</em></span> <span class='ocrx_word' id='word_1_13' title='bbox 1397 541 1541 607; x_wconf 82' lang='grc' dir='ltr'><em>ἄρχει</em></span> <span class='ocrx_word' id='word_1_14' title='bbox 1571 542 1676 607; x_wconf 73' lang='grc' dir='ltr'><strong>θεᾷ</strong></span> <span class='ocrx_word' id='word_1_15' title='bbox 1710 568 1774 576; x_wconf 92' lang='grc'>-</span> 
     </span>
     <span class='ocr_line' id='line_1_4' title="bbox 337 617 2029 689; baseline -0.005 -12"><span class='ocrx_word' id='word_1_16' title='bbox 337 635 502 678; x_wconf 87' lang='lat' dir='ltr'><strong>tamen</strong></span> <span class='ocrx_word' id='word_1_17' title='bbox 533 640 779 689; x_wconf 89' lang='lat' dir='ltr'><strong>nunquam</strong></span> <span class='ocrx_word' id='word_1_18' title='bbox 826 623 1031 672; x_wconf 89' lang='lat' dir='ltr'><strong>deorum</strong></span> <span class='ocrx_word' id='word_1_19' title='bbox 1065 623 1215 672; x_wconf 86' lang='lat' dir='ltr'><strong>ullam</strong></span> <span class='ocrx_word' id='word_1_20' title='bbox 1249 624 1302 671; x_wconf 90' lang='lat' dir='ltr'><strong>in</strong></span> <span class='ocrx_word' id='word_1_21' title='bbox 1348 623 1672 671; x_wconf 89' lang='lat' dir='ltr'><strong>occoecandis</strong></span> <span class='ocrx_word' id='word_1_22' title='bbox 1707 617 1880 670; x_wconf 88' lang='lat' dir='ltr'><strong>animis</strong></span> <span class='ocrx_word' id='word_1_23' title='bbox 1914 633 2029 684; x_wconf 82' lang='lat' dir='ltr'><strong>par-</strong></span> 
     </span>
     <span class='ocr_line' id='line_1_5' title="bbox 337 699 2031 769; baseline -0.008 -12"><span class='ocrx_word' id='word_1_24' title='bbox 337 715 440 758; x_wconf 86' lang='lat' dir='ltr'><strong>tem</strong></span> <span class='ocrx_word' id='word_1_25' title='bbox 485 721 598 755; x_wconf 91' lang='lat' dir='ltr'><strong>esse</strong></span> <span class='ocrx_word' id='word_1_26' title='bbox 658 703 871 769; x_wconf 84' lang='lat' dir='ltr'><strong>negavit.</strong></span> <span class='ocrx_word' id='word_1_27' title='bbox 954 703 1171 768; x_wconf 83' lang='lat' dir='ltr'><strong>Ancipiti</strong></span> <span class='ocrx_word' id='word_1_28' title='bbox 1222 703 1351 752; x_wconf 88' lang='lat' dir='ltr'><strong>enim</strong></span> <span class='ocrx_word' id='word_1_29' title='bbox 1389 718 1561 751; x_wconf 85' lang='lat' dir='ltr'>caussa</span> <span class='ocrx_word' id='word_1_30' title='bbox 1593 701 1712 750; x_wconf 91' lang='lat' dir='ltr'><strong>talia</strong></span> <span class='ocrx_word' id='word_1_31' title='bbox 1745 699 1884 750; x_wconf 89' lang='lat' dir='ltr'><strong>nasci</strong></span> <span class='ocrx_word' id='word_1_32' title='bbox 1914 714 2031 764; x_wconf 89' lang='lat' dir='ltr'><strong>par-</strong></span> 
     </span>
     <span class='ocr_line' id='line_1_6' title="bbox 335 780 2032 850; baseline -0.005 -14"><span class='ocrx_word' id='word_1_33' title='bbox 335 789 522 850; x_wconf 89' lang='lat' dir='ltr'><strong>timque</strong></span> <span class='ocrx_word' id='word_1_34' title='bbox 554 784 809 835; x_wconf 90' lang='lat' dir='ltr'><strong>hominum</strong></span> <span class='ocrx_word' id='word_1_35' title='bbox 842 784 1051 848; x_wconf 87' lang='lat' dir='ltr'><strong>ingeniis</strong></span> <span class='ocrx_word' id='word_1_36' title='bbox 1075 784 1256 848; x_wconf 89' lang='lat' dir='ltr'><strong>partim</strong></span> <span class='ocrx_word' id='word_1_37' title='bbox 1283 784 1330 830; x_wconf 79' lang='lat' dir='ltr'><strong>vi</strong></span> <span class='ocrx_word' id='word_1_38' title='bbox 1356 784 1560 832; x_wconf 92' lang='lat' dir='ltr'><strong>deorum</strong></span> <span class='ocrx_word' id='word_1_39' title='bbox 1587 782 1739 840; x_wconf 84' lang='lat' dir='ltr'><strong>effici,</strong></span> <span class='ocrx_word' id='word_1_40' title='bbox 1774 780 1886 829; x_wconf 86' lang='lat' dir='ltr'><strong>fere</strong></span> <span class='ocrx_word' id='word_1_41' title='bbox 1914 794 2032 828; x_wconf 87' lang='lat' dir='ltr'><strong>con-</strong></span> 
     </span>
     <span class='ocr_line' id='line_1_7' title="bbox 338 859 2032 929; baseline -0.005 -13"><span class='ocrx_word' id='word_1_42' title='bbox 338 867 553 916; x_wconf 88' lang='lat' dir='ltr'><strong>sentiens</strong></span> <span class='ocrx_word' id='word_1_43' title='bbox 586 863 878 929; x_wconf 90' lang='lat' dir='ltr'><strong>populorum</strong></span> <span class='ocrx_word' id='word_1_44' title='bbox 913 863 1080 928; x_wconf 90' lang='lat' dir='ltr'><strong>opinio</strong></span> <span class='ocrx_word' id='word_1_45' title='bbox 1117 868 1209 912; x_wconf 90' lang='lat' dir='ltr'><strong>est.</strong></span> <span class='ocrx_word' id='word_1_46' title='bbox 1279 862 1468 911; x_wconf 84' lang='lat' dir='ltr'><strong>Eadem</strong></span> <span class='ocrx_word' id='word_1_47' title='bbox 1518 862 1839 926; x_wconf 87' lang='lat' dir='ltr'><strong>ambiguitate</strong></span> <span class='ocrx_word' id='word_1_48' title='bbox 1883 859 2032 908; x_wconf 79' lang='lat' dir='ltr'><strong>Euri-</strong></span> 
     </span>
     <span class='ocr_line' id='line_1_8' title="bbox 336 939 2033 1013; baseline -0.004 -18"><span class='ocrx_word' id='word_1_49' title='bbox 336 947 481 1013; x_wconf 89' lang='lat' dir='ltr'><strong>pides</strong></span> <span class='ocrx_word' id='word_1_50' title='bbox 527 945 578 994; x_wconf 90' lang='lat' dir='ltr'><strong>in</strong></span> <span class='ocrx_word' id='word_1_51' title='bbox 625 944 810 992; x_wconf 86' lang='lat' dir='ltr'><strong>fabulis</strong></span> <span class='ocrx_word' id='word_1_52' title='bbox 845 944 1113 1007; x_wconf 88' lang='lat' dir='ltr'><strong>antiquitus</strong></span> <span class='ocrx_word' id='word_1_53' title='bbox 1149 942 1344 992; x_wconf 83' lang='lat' dir='ltr'><strong>traditis</strong></span> <span class='ocrx_word' id='word_1_54' title='bbox 1381 942 1748 990; x_wconf 84' lang='lat' dir='ltr'><strong>conformandis</strong></span> <span class='ocrx_word' id='word_1_55' title='bbox 1783 939 2033 1003; x_wconf 87' lang='lat' dir='ltr'><strong>corrigen-</strong></span> 
     </span>
     <span class='ocr_line' id='line_1_9' title="bbox 338 1021 2032 1090; baseline -0.006 -14"><span class='ocrx_word' id='word_1_56' title='bbox 338 1027 513 1090; x_wconf 89' lang='lat' dir='ltr'><strong>disque</strong></span> <span class='ocrx_word' id='word_1_57' title='bbox 547 1025 731 1090; x_wconf 89' lang='lat' dir='ltr'><strong>passim</strong></span> <span class='ocrx_word' id='word_1_58' title='bbox 767 1023 952 1072; x_wconf 86' lang='lat' dir='ltr'><strong>utitur:</strong></span> <span class='ocrx_word' id='word_1_59' title='bbox 988 1022 1035 1070; x_wconf 92' lang='lat' dir='ltr'><strong>id</strong></span> <span class='ocrx_word' id='word_1_60' title='bbox 1072 1023 1203 1086; x_wconf 91' lang='lat' dir='ltr'><strong>quod</strong></span> <span class='ocrx_word' id='word_1_61' title='bbox 1237 1023 1425 1072; x_wconf 83' lang='lat' dir='ltr'><strong>notavit</strong></span> <span class='ocrx_word' id='word_1_62' title='bbox 1459 1022 1618 1073; x_wconf 89' lang='lat' dir='ltr'><strong>schol.</strong></span> <span class='ocrx_word' id='word_1_63' title='bbox 1656 1021 1820 1070; x_wconf 88' lang='lat' dir='ltr'><strong>Orest.</strong></span> <span class='ocrx_word' id='word_1_64' title='bbox 1848 1037 1891 1071; x_wconf 78' lang='lat' dir='ltr'><strong>v,</strong></span> <span class='ocrx_word' id='word_1_65' title='bbox 1915 1021 2032 1069; x_wconf 74' lang='lat'><strong>970.</strong></span> 
     </span>
     <span class='ocr_line' id='line_1_10' title="bbox 337 1098 2034 1172; baseline -0.003 -17"><span class='ocrx_word' id='word_1_66' title='bbox 337 1124 386 1172; x_wconf 91' lang='lat' dir='ltr'><strong>p.</strong></span> <span class='ocrx_word' id='word_1_67' title='bbox 420 1107 534 1154; x_wconf 81' lang='lat'><strong>449.</strong></span> <span class='ocrx_word' id='word_1_68' title='bbox 568 1104 778 1154; x_wconf 88' lang='lat' dir='ltr'><strong>Matth.:</strong></span> <span class='ocrx_word' id='word_1_69' title='bbox 830 1099 1285 1168; x_wconf 70' lang='grc' dir='ltr'><em>γιγνωσκέτωσαν,</em></span> <span class='ocrx_word' id='word_1_70' title='bbox 1321 1099 1401 1152; x_wconf 81' lang='grc' dir='ltr'><strong>ὅτι</strong></span> <span class='ocrx_word' id='word_1_71' title='bbox 1446 1100 1524 1152; x_wconf 82' lang='grc' dir='ltr'><strong>τὰ</strong></span> <span class='ocrx_word' id='word_1_72' title='bbox 1575 1098 1833 1166; x_wconf 77' lang='grc' dir='ltr'><strong><em>φυσικὰ</em></strong></span> <span class='ocrx_word' id='word_1_73' title='bbox 1880 1102 2034 1160; x_wconf 82' lang='grc' dir='ltr'><strong><em>τοῖς</em></strong></span> 
     </span>
     <span class='ocr_line' id='line_1_11' title="bbox 338 1182 2034 1252; baseline -0.002 -17"><span class='ocrx_word' id='word_1_74' title='bbox 338 1185 677 1252; x_wconf 76' lang='grc' dir='ltr'><strong><em>μυθικοῖς</em></strong></span> <span class='ocrx_word' id='word_1_75' title='bbox 709 1182 1221 1249; x_wconf 79' lang='grc' dir='ltr'><em>καταμίγνυσιν</em></span> <span class='ocrx_word' id='word_1_76' title='bbox 1255 1182 1285 1234; x_wconf 86' lang='grc' dir='ltr'>ὁ</span> <span class='ocrx_word' id='word_1_77' title='bbox 1319 1182 1700 1250; x_wconf 80' lang='grc' dir='ltr'><strong><em>Εὐριπίδης*).</em></strong></span> <span class='ocrx_word' id='word_1_78' title='bbox 1751 1183 1890 1245; x_wconf 78' lang='lat' dir='ltr'><strong>Quae</strong></span> <span class='ocrx_word' id='word_1_79' title='bbox 1918 1198 2034 1248; x_wconf 88' lang='lat' dir='ltr'><strong>per-</strong></span> 
     </span>
     <span class='ocr_line' id='line_1_12' title="bbox 337 1261 2035 1330; baseline -0.004 -14"><span class='ocrx_word' id='word_1_80' title='bbox 337 1266 514 1316; x_wconf 83' lang='lat' dir='ltr'><strong>mixtio</strong></span> <span class='ocrx_word' id='word_1_81' title='bbox 548 1266 791 1315; x_wconf 90' lang='lat' dir='ltr'><strong>eiusmodi</strong></span> <span class='ocrx_word' id='word_1_82' title='bbox 828 1270 935 1323; x_wconf 91' lang='lat' dir='ltr'><strong>est,</strong></span> <span class='ocrx_word' id='word_1_83' title='bbox 971 1271 1026 1314; x_wconf 92' lang='lat' dir='ltr'><strong>ut</strong></span> <span class='ocrx_word' id='word_1_84' title='bbox 1059 1266 1344 1314; x_wconf 88' lang='lat' dir='ltr'><strong>memoriam</strong></span> <span class='ocrx_word' id='word_1_85' title='bbox 1379 1265 1681 1330; x_wconf 82' lang='lat' dir='ltr'><strong>antiquitatis</strong></span> <span class='ocrx_word' id='word_1_86' title='bbox 1716 1264 1895 1328; x_wconf 86' lang='lat' dir='ltr'><strong>partim</strong></span> <span class='ocrx_word' id='word_1_87' title='bbox 1926 1261 2035 1311; x_wconf 87' lang='lat' dir='ltr'><strong>tolli</strong></span> 
     </span>
     <span class='ocr_line' id='line_1_13' title="bbox 337 1343 2033 1412; baseline -0.001 -18"><span class='ocrx_word' id='word_1_88' title='bbox 337 1346 750 1412; x_wconf 84' lang='lat' dir='ltr'><strong>philosophorum</strong></span> <span class='ocrx_word' id='word_1_89' title='bbox 783 1345 979 1410; x_wconf 88' lang='lat' dir='ltr'><strong>placitis</strong></span> <span class='ocrx_word' id='word_1_90' title='bbox 1008 1346 1190 1410; x_wconf 88' lang='lat' dir='ltr'><strong>partim</strong></span> <span class='ocrx_word' id='word_1_91' title='bbox 1225 1346 1531 1405; x_wconf 81' lang='lat' dir='ltr'><strong>confirmari,</strong></span> <span class='ocrx_word' id='word_1_92' title='bbox 1580 1349 1632 1394; x_wconf 90' lang='lat' dir='ltr'><strong>et</strong></span> <span class='ocrx_word' id='word_1_93' title='bbox 1678 1343 1869 1393; x_wconf 86' lang='lat' dir='ltr'><strong>fabulas</strong></span> <span class='ocrx_word' id='word_1_94' title='bbox 1919 1359 2033 1392; x_wconf 89' lang='lat' dir='ltr'><strong>cum</strong></span> 
     </span>
     <span class='ocr_line' id='line_1_14' title="bbox 339 1424 1717 1490; baseline -0.001 -15"><span class='ocrx_word' id='word_1_95' title='bbox 339 1426 553 1476; x_wconf 89' lang='lat' dir='ltr'><strong>naturali</strong></span> <span class='ocrx_word' id='word_1_96' title='bbox 586 1425 905 1490; x_wconf 86' lang='lat' dir='ltr'><strong>philosophia</strong></span> <span class='ocrx_word' id='word_1_97' title='bbox 939 1425 1164 1473; x_wconf 89' lang='lat' dir='ltr'><strong>consulto</strong></span> <span class='ocrx_word' id='word_1_98' title='bbox 1201 1424 1434 1473; x_wconf 85' lang='lat' dir='ltr'><strong>confundi</strong></span> <span class='ocrx_word' id='word_1_99' title='bbox 1467 1428 1717 1490; x_wconf 82' lang='lat' dir='ltr'><strong>appareat.</strong></span> 
     </span>
    </p>

    <p class='ocr_par' dir='ltr' id='par_1_4' title="bbox 339 1503 2039 3410">
     <span class='ocr_line' id='line_1_15' title="bbox 470 1503 2033 1570; baseline -0.001 -16"><span class='ocrx_word' id='word_1_100' title='bbox 470 1505 646 1554; x_wconf 89' lang='lat' dir='ltr'><strong>Multis</strong></span> <span class='ocrx_word' id='word_1_101' title='bbox 681 1511 847 1553; x_wconf 90' lang='lat' dir='ltr'><strong>autem</strong></span> <span class='ocrx_word' id='word_1_102' title='bbox 884 1504 1044 1553; x_wconf 91' lang='lat' dir='ltr'><strong>modis</strong></span> <span class='ocrx_word' id='word_1_103' title='bbox 1077 1521 1322 1569; x_wconf 81' lang='lat' dir='ltr'><strong>personae</strong></span> <span class='ocrx_word' id='word_1_104' title='bbox 1356 1505 1660 1570; x_wconf 82' lang='lat' dir='ltr'><strong>Euripideae</strong></span> <span class='ocrx_word' id='word_1_105' title='bbox 1694 1503 1924 1568; x_wconf 84' lang='lat' dir='ltr'><strong>cogitatis</strong></span> <span class='ocrx_word' id='word_1_106' title='bbox 1957 1503 2033 1552; x_wconf 89' lang='lat' dir='ltr'><strong>in-</strong></span> 
     </span>
     <span class='ocr_line' id='line_1_16' title="bbox 339 1583 2034 1653; baseline -0.001 -21"><span class='ocrx_word' id='word_1_107' title='bbox 339 1585 595 1647; x_wconf 81' lang='lat' dir='ltr'><strong>ventisque</strong></span> <span class='ocrx_word' id='word_1_108' title='bbox 644 1584 1057 1648; x_wconf 88' lang='lat' dir='ltr'><strong>philosophorum</strong></span> <span class='ocrx_word' id='word_1_109' title='bbox 1108 1588 1328 1633; x_wconf 88' lang='lat' dir='ltr'><strong>utuntur.</strong></span> <span class='ocrx_word' id='word_1_110' title='bbox 1413 1583 1540 1633; x_wconf 87' lang='lat' dir='ltr'><strong>Sunt</strong></span> <span class='ocrx_word' id='word_1_111' title='bbox 1593 1585 1719 1653; x_wconf 82' lang='lat' dir='ltr'><strong>enim</strong></span> <span class='ocrx_word' id='word_1_112' title='bbox 1782 1585 1868 1648; x_wconf 89' lang='lat' dir='ltr'><strong>qui</strong></span> <span class='ocrx_word' id='word_1_113' title='bbox 1910 1584 2034 1633; x_wconf 89' lang='lat' dir='ltr'><strong>deos</strong></span> 
     </span>
     <span class='ocr_line' id='line_1_17' title="bbox 339 1663 2036 1728; baseline -0.002 -14"><span class='ocrx_word' id='word_1_114' title='bbox 339 1665 488 1714; x_wconf 88' lang='lat' dir='ltr'><strong>ullam</strong></span> <span class='ocrx_word' id='word_1_115' title='bbox 532 1680 698 1713; x_wconf 86' lang='lat' dir='ltr'><strong>rerum</strong></span> <span class='ocrx_word' id='word_1_116' title='bbox 756 1663 1078 1712; x_wconf 89' lang='lat' dir='ltr'><strong>humanarum</strong></span> <span class='ocrx_word' id='word_1_117' title='bbox 1134 1666 1533 1728; x_wconf 84' lang='lat' dir='ltr'><strong>procurationem</strong></span> <span class='ocrx_word' id='word_1_118' title='bbox 1595 1664 1781 1713; x_wconf 90' lang='lat' dir='ltr'><strong>habere</strong></span> <span class='ocrx_word' id='word_1_119' title='bbox 1839 1668 2036 1727; x_wconf 82' lang='lat' dir='ltr'><strong>negent,</strong></span> 
     </span>
     <span class='ocr_line' id='line_1_18' title="bbox 340 1742 2038 1809; baseline -0.001 -16"><span class='ocrx_word' id='word_1_120' title='bbox 340 1745 475 1793; x_wconf 87' lang='lat' dir='ltr'><strong>velut</strong></span> <span class='ocrx_word' id='word_1_121' title='bbox 495 1742 932 1807; x_wconf 87' lang='lat' dir='ltr'><strong>Bellerophontes;</strong></span> <span class='ocrx_word' id='word_1_122' title='bbox 969 1749 1082 1796; x_wconf 87' lang='lat' dir='ltr'><strong>sunt</strong></span> <span class='ocrx_word' id='word_1_123' title='bbox 1108 1745 1191 1809; x_wconf 90' lang='lat' dir='ltr'><strong>qui</strong></span> <span class='ocrx_word' id='word_1_124' title='bbox 1215 1745 1525 1809; x_wconf 89' lang='lat' dir='ltr'><strong>popularium</strong></span> <span class='ocrx_word' id='word_1_125' title='bbox 1558 1744 1763 1792; x_wconf 87' lang='lat' dir='ltr'><strong>deorum</strong></span> <span class='ocrx_word' id='word_1_126' title='bbox 1788 1744 2038 1809; x_wconf 84' lang='lat' dir='ltr'><strong>praesenti</strong></span> 
     </span>
     <span class='ocr_line' id='line_1_19' title="bbox 341 1822 2039 1889; baseline -0.002 -14"><span class='ocrx_word' id='word_1_127' title='bbox 341 1824 520 1875; x_wconf 82' lang='lat' dir='ltr'><strong>auxilio</strong></span> <span class='ocrx_word' id='word_1_128' title='bbox 555 1825 750 1888; x_wconf 85' lang='lat' dir='ltr'><strong>privati,</strong></span> <span class='ocrx_word' id='word_1_129' title='bbox 803 1840 917 1872; x_wconf 91' lang='lat' dir='ltr'><strong>cum</strong></span> <span class='ocrx_word' id='word_1_130' title='bbox 952 1825 1054 1874; x_wconf 89' lang='lat' dir='ltr'><strong>sint</strong></span> <span class='ocrx_word' id='word_1_131' title='bbox 1099 1826 1258 1888; x_wconf 85' lang='lat' dir='ltr'><strong>patria</strong></span> <span class='ocrx_word' id='word_1_132' title='bbox 1305 1825 1466 1889; x_wconf 83' lang='lat' dir='ltr'><strong>pulsi,</strong></span> <span class='ocrx_word' id='word_1_133' title='bbox 1513 1823 1765 1889; x_wconf 87' lang='lat' dir='ltr'><strong>praesidio</strong></span> <span class='ocrx_word' id='word_1_134' title='bbox 1810 1822 2039 1873; x_wconf 72' lang='lat' dir='ltr'><strong>destituti</strong></span> 
     </span>
     <span class='ocr_line' id='line_1_20' title="bbox 341 1903 2038 1969; baseline -0.001 -14"><span class='ocrx_word' id='word_1_135' title='bbox 341 1904 665 1967; x_wconf 87' lang='lat' dir='ltr'><strong>omnibusque</strong></span> <span class='ocrx_word' id='word_1_136' title='bbox 698 1903 915 1952; x_wconf 88' lang='lat' dir='ltr'><strong>hostium</strong></span> <span class='ocrx_word' id='word_1_137' title='bbox 962 1905 1149 1953; x_wconf 92' lang='lat' dir='ltr'><strong>iniuriis</strong></span> <span class='ocrx_word' id='word_1_138' title='bbox 1195 1905 1441 1969; x_wconf 80' lang='lat' dir='ltr'><strong>expositi,</strong></span> <span class='ocrx_word' id='word_1_139' title='bbox 1488 1905 1539 1962; x_wconf 84' lang='lat' dir='ltr'><strong>in</strong></span> <span class='ocrx_word' id='word_1_140' title='bbox 1582 1905 1759 1953; x_wconf 89' lang='lat' dir='ltr'><strong>summi</strong></span> <span class='ocrx_word' id='word_1_141' title='bbox 1807 1903 2038 1965; x_wconf 78' lang='lat' dir='ltr'><strong>numiniS,</strong></span> 
     </span>
     <span class='ocr_line' id='line_1_21' title="bbox 342 1984 2036 2045; baseline -0.001 -11"><span class='ocrx_word' id='word_1_142' title='bbox 342 1985 484 2034; x_wconf 89' lang='lat' dir='ltr'><strong>cuius</strong></span> <span class='ocrx_word' id='word_1_143' title='bbox 519 1989 640 2032; x_wconf 90' lang='lat' dir='ltr'><strong>nutu</strong></span> <span class='ocrx_word' id='word_1_144' title='bbox 676 1999 733 2031; x_wconf 91' lang='lat' dir='ltr'><strong>ac</strong></span> <span class='ocrx_word' id='word_1_145' title='bbox 768 1984 1021 2032; x_wconf 79' lang='lat' dir='ltr'><strong>voluntate</strong></span> <span class='ocrx_word' id='word_1_146' title='bbox 1055 1985 1219 2033; x_wconf 89' lang='lat' dir='ltr'><strong>omnia</strong></span> <span class='ocrx_word' id='word_1_147' title='bbox 1252 1984 1682 2045; x_wconf 77' lang='lat' dir='ltr'><strong>administrentur,</strong></span> <span class='ocrx_word' id='word_1_148' title='bbox 1717 1984 1906 2034; x_wconf 89' lang='lat' dir='ltr'><strong>iustitia</strong></span> <span class='ocrx_word' id='word_1_149' title='bbox 1952 1999 2036 2033; x_wconf 88' lang='lat' dir='ltr'><strong>ac-</strong></span> 
     </span>
     <span class='ocr_line' id='line_1_22' title="bbox 344 2063 2038 2130; baseline 0 -17"><span class='ocrx_word' id='word_1_150' title='bbox 344 2065 625 2130; x_wconf 88' lang='lat' dir='ltr'><strong>quiescant,</strong></span> <span class='ocrx_word' id='word_1_151' title='bbox 676 2063 808 2111; x_wconf 82' lang='lat' dir='ltr'><strong>velut</strong></span> <span class='ocrx_word' id='word_1_152' title='bbox 840 2063 1067 2116; x_wconf 88' lang='lat' dir='ltr'><strong>Hecuba.</strong></span> <span class='ocrx_word' id='word_1_153' title='bbox 1136 2064 1377 2126; x_wconf 78' lang='lat' dir='ltr'><strong>Quidam,</strong></span> <span class='ocrx_word' id='word_1_154' title='bbox 1428 2064 1562 2113; x_wconf 80' lang='lat' dir='ltr'><strong>velut</strong></span> <span class='ocrx_word' id='word_1_155' title='bbox 1597 2064 1760 2126; x_wconf 78' lang='lat' dir='ltr'><strong>ixion,</strong></span> <span class='ocrx_word' id='word_1_156' title='bbox 1794 2064 2038 2130; x_wconf 86' lang='lat' dir='ltr'><strong>religione</strong></span> 
     </span>
     <span class='ocr_line' id='line_1_23' title="bbox 343 2144 2037 2202; baseline 0.001 -9"><span class='ocrx_word' id='word_1_157' title='bbox 343 2144 477 2193; x_wconf 92' lang='lat' dir='ltr'><strong>omni</strong></span> <span class='ocrx_word' id='word_1_158' title='bbox 510 2159 622 2191; x_wconf 91' lang='lat' dir='ltr'><strong>cum</strong></span> <span class='ocrx_word' id='word_1_159' title='bbox 657 2144 862 2191; x_wconf 89' lang='lat' dir='ltr'><strong>deorum</strong></span> <span class='ocrx_word' id='word_1_160' title='bbox 900 2145 1173 2193; x_wconf 83' lang='lat' dir='ltr'><strong>reverentia</strong></span> <span class='ocrx_word' id='word_1_161' title='bbox 1206 2144 1427 2202; x_wconf 88' lang='lat' dir='ltr'><strong>liberati,</strong></span> <span class='ocrx_word' id='word_1_162' title='bbox 1480 2144 1669 2193; x_wconf 81' lang='lat' dir='ltr'><strong>nefaria</strong></span> <span class='ocrx_word' id='word_1_163' title='bbox 1714 2145 1908 2194; x_wconf 85' lang='lat' dir='ltr'><strong>scelera</strong></span> <span class='ocrx_word' id='word_1_164' title='bbox 1955 2161 2037 2194; x_wconf 87' lang='lat' dir='ltr'><strong>se-</strong></span> 
     </span>
     <span class='ocr_line' id='line_1_24' title="bbox 345 2214 2037 2290; baseline 0.001 -17"><span class='ocrx_word' id='word_1_165' title='bbox 345 2224 452 2273; x_wconf 90' lang='lat' dir='ltr'><strong>curi</strong></span> <span class='ocrx_word' id='word_1_166' title='bbox 485 2222 786 2284; x_wconf 82' lang='lat' dir='ltr'><strong>moliuntur3</strong></span> <span class='ocrx_word' id='word_1_167' title='bbox 822 2224 904 2271; x_wconf 89' lang='lat' dir='ltr'><strong>alii</strong></span> <span class='ocrx_word' id='word_1_168' title='bbox 932 2225 1260 2290; x_wconf 87' lang='lat' dir='ltr'><strong>tegendorum</strong></span> <span class='ocrx_word' id='word_1_169' title='bbox 1295 2224 1672 2273; x_wconf 87' lang='lat' dir='ltr'><strong>commissorum</strong></span> <span class='ocrx_word' id='word_1_170' title='bbox 1708 2214 1898 2287; x_wconf 77' lang='lat' dir='ltr'><strong>caussa,</strong></span> <span class='ocrx_word' id='word_1_171' title='bbox 1932 2225 2037 2274; x_wconf 81' lang='lat' dir='ltr'><strong>vel-</strong></span> 
     </span>
     <span class='ocr_line' id='line_1_25' title="bbox 344 2301 2037 2369; baseline 0.001 -16"><span class='ocrx_word' id='word_1_172' title='bbox 344 2311 401 2353; x_wconf 94' lang='lat' dir='ltr'><strong>ut</strong></span> <span class='ocrx_word' id='word_1_173' title='bbox 445 2301 740 2364; x_wconf 82' lang='lat' dir='ltr'><strong>MacareuS,</strong></span> <span class='ocrx_word' id='word_1_174' title='bbox 786 2304 1002 2353; x_wconf 87' lang='lat' dir='ltr'><strong>miscere</strong></span> <span class='ocrx_word' id='word_1_175' title='bbox 1050 2304 1128 2352; x_wconf 84' lang='lat' dir='ltr'><strong>fas</strong></span> <span class='ocrx_word' id='word_1_176' title='bbox 1174 2303 1415 2369; x_wconf 85' lang='lat' dir='ltr'><strong>nefasque</strong></span> <span class='ocrx_word' id='word_1_177' title='bbox 1463 2310 1717 2354; x_wconf 88' lang='lat' dir='ltr'><strong>conantur.</strong></span> <span class='ocrx_word' id='word_1_178' title='bbox 1783 2305 2037 2354; x_wconf 89' lang='lat' dir='ltr'><strong>Bacchum</strong></span> 
     </span>
     <span class='ocr_line' id='line_1_26' title="bbox 343 2381 2036 2450; baseline 0 -16"><span class='ocrx_word' id='word_1_179' title='bbox 343 2389 492 2448; x_wconf 90' lang='lat' dir='ltr'><strong>atque</strong></span> <span class='ocrx_word' id='word_1_180' title='bbox 522 2381 787 2444; x_wconf 75' lang='lat' dir='ltr'><strong>Venerem,</strong></span> <span class='ocrx_word' id='word_1_181' title='bbox 823 2383 1078 2433; x_wconf 88' lang='lat' dir='ltr'><strong>libidinum</strong></span> <span class='ocrx_word' id='word_1_182' title='bbox 1102 2388 1354 2448; x_wconf 90' lang='lat' dir='ltr'><strong>patronos,</strong></span> <span class='ocrx_word' id='word_1_183' title='bbox 1392 2389 1630 2450; x_wconf 88' lang='lat' dir='ltr'><strong>spernunt</strong></span> <span class='ocrx_word' id='word_1_184' title='bbox 1655 2390 1708 2434; x_wconf 91' lang='lat' dir='ltr'><strong>et</strong></span> <span class='ocrx_word' id='word_1_185' title='bbox 1730 2401 1760 2433; x_wconf 91' lang='lat' dir='ltr'><strong>e</strong></span> <span class='ocrx_word' id='word_1_186' title='bbox 1782 2390 1927 2435; x_wconf 91' lang='lat' dir='ltr'><strong>coetu</strong></span> <span class='ocrx_word' id='word_1_187' title='bbox 1953 2401 2036 2434; x_wconf 87' lang='lat' dir='ltr'><strong>re-</strong></span> 
     </span>
     <span class='ocr_line' id='line_1_27' title="bbox 343 2457 2037 2531; baseline 0.001 -18"><span class='ocrx_word' id='word_1_188' title='bbox 343 2466 594 2529; x_wconf 91' lang='lat' dir='ltr'><strong>liquorum</strong></span> <span class='ocrx_word' id='word_1_189' title='bbox 627 2464 837 2512; x_wconf 87' lang='lat' dir='ltr'><strong>deorum</strong></span> <span class='ocrx_word' id='word_1_190' title='bbox 871 2465 1125 2514; x_wconf 83' lang='lat' dir='ltr'><strong>exturbari</strong></span> <span class='ocrx_word' id='word_1_191' title='bbox 1172 2457 1340 2514; x_wconf 87' lang='lat' dir='ltr'><strong>volunt</strong></span> <span class='ocrx_word' id='word_1_192' title='bbox 1373 2465 1627 2516; x_wconf 89' lang='lat' dir='ltr'><strong>Pentheus</strong></span> <span class='ocrx_word' id='word_1_193' title='bbox 1662 2470 1809 2530; x_wconf 89' lang='lat' dir='ltr'><strong>atque</strong></span> <span class='ocrx_word' id='word_1_194' title='bbox 1841 2465 2037 2531; x_wconf 88' lang='lat' dir='ltr'><strong>Hippo-</strong></span> 
     </span>
     <span class='ocr_line' id='line_1_28' title="bbox 343 2542 2037 2611; baseline 0.001 -18"><span class='ocrx_word' id='word_1_195' title='bbox 343 2545 506 2609; x_wconf 82' lang='lat' dir='ltr'><strong>lytus3</strong></span> <span class='ocrx_word' id='word_1_196' title='bbox 554 2558 615 2592; x_wconf 82' lang='lat' dir='ltr'><strong>ex</strong></span> <span class='ocrx_word' id='word_1_197' title='bbox 648 2542 854 2594; x_wconf 90' lang='lat' dir='ltr'><strong>deorum</strong></span> <span class='ocrx_word' id='word_1_198' title='bbox 889 2545 1136 2594; x_wconf 89' lang='lat' dir='ltr'><strong>erroribus</strong></span> <span class='ocrx_word' id='word_1_199' title='bbox 1170 2544 1580 2610; x_wconf 86' lang='lat' dir='ltr'><strong>libidinibusque,</strong></span> <span class='ocrx_word' id='word_1_200' title='bbox 1618 2561 1744 2609; x_wconf 90' lang='lat' dir='ltr'><strong>quae</strong></span> <span class='ocrx_word' id='word_1_201' title='bbox 1777 2550 2037 2611; x_wconf 86' lang='lat' dir='ltr'><strong>poetarum</strong></span> 
     </span>
     <span class='ocr_line' id='line_1_29' title="bbox 344 2623 2036 2690; baseline 0 -15"><span class='ocrx_word' id='word_1_202' title='bbox 344 2624 528 2674; x_wconf 85' lang='lat' dir='ltr'><strong>fabulis</strong></span> <span class='ocrx_word' id='word_1_203' title='bbox 573 2623 852 2672; x_wconf 83' lang='lat' dir='ltr'><strong>celebratae</strong></span> <span class='ocrx_word' id='word_1_204' title='bbox 900 2627 1046 2682; x_wconf 88' lang='lat' dir='ltr'><strong>sunt,</strong></span> <span class='ocrx_word' id='word_1_205' title='bbox 1098 2623 1328 2674; x_wconf 88' lang='lat' dir='ltr'><strong>Phaedra</strong></span> <span class='ocrx_word' id='word_1_206' title='bbox 1374 2626 1477 2675; x_wconf 90' lang='lat' dir='ltr'><strong>suis</strong></span> <span class='ocrx_word' id='word_1_207' title='bbox 1528 2625 1669 2674; x_wconf 77' lang='lat' dir='ltr'><strong>vitiis</strong></span> <span class='ocrx_word' id='word_1_208' title='bbox 1709 2625 2036 2690; x_wconf 85' lang='lat' dir='ltr'><strong>patrocinium</strong></span> 
     </span>
     <span class='ocr_line' id='line_1_30' title="bbox 347 2703 2038 2771; baseline 0.001 -18"><span class='ocrx_word' id='word_1_209' title='bbox 347 2703 562 2770; x_wconf 89' lang='lat' dir='ltr'><strong>quaerit,</strong></span> <span class='ocrx_word' id='word_1_210' title='bbox 611 2708 668 2751; x_wconf 89' lang='lat' dir='ltr'><strong>ut</strong></span> <span class='ocrx_word' id='word_1_211' title='bbox 712 2703 905 2752; x_wconf 86' lang='lat' dir='ltr'><strong>abiecta</strong></span> <span class='ocrx_word' id='word_1_212' title='bbox 947 2705 1246 2754; x_wconf 83' lang='lat' dir='ltr'><strong>verecundia</strong></span> <span class='ocrx_word' id='word_1_213' title='bbox 1287 2706 1572 2771; x_wconf 89' lang='lat' dir='ltr'><strong>pietateque</strong></span> <span class='ocrx_word' id='word_1_214' title='bbox 1604 2705 1814 2759; x_wconf 84' lang='lat' dir='ltr'><strong>lubidini</strong></span> <span class='ocrx_word' id='word_1_215' title='bbox 1846 2707 2038 2754; x_wconf 86' lang='lat' dir='ltr'><strong>temere</strong></span> 
     </span>
     <span class='ocr_line' id='line_1_31' title="bbox 344 2782 2038 2849; baseline 0 -15"><span class='ocrx_word' id='word_1_216' title='bbox 344 2785 609 2848; x_wconf 83' lang='lat' dir='ltr'><strong>indulgeat.</strong></span> <span class='ocrx_word' id='word_1_217' title='bbox 678 2782 890 2832; x_wconf 89' lang='lat' dir='ltr'><strong>Omnem</strong></span> <span class='ocrx_word' id='word_1_218' title='bbox 934 2784 1246 2848; x_wconf 82' lang='lat' dir='ltr'><strong>religionem,</strong></span> <span class='ocrx_word' id='word_1_219' title='bbox 1301 2786 1433 2849; x_wconf 85' lang='lat' dir='ltr'><strong>q&#39;uod</strong></span> <span class='ocrx_word' id='word_1_220' title='bbox 1477 2802 1506 2833; x_wconf 83' lang='lat' dir='ltr'><strong>a</strong></span> <span class='ocrx_word' id='word_1_221' title='bbox 1551 2784 1903 2848; x_wconf 74' lang='lat' dir='ltr'><strong>superstitione</strong></span> <span class='ocrx_word' id='word_1_222' title='bbox 1947 2800 2038 2834; x_wconf 91' lang='lat' dir='ltr'><strong>ne-</strong></span> 
     </span>
     <span class='ocr_line' id='line_1_32' title="bbox 346 2863 2036 2930; baseline 0 -16"><span class='ocrx_word' id='word_1_223' title='bbox 346 2869 496 2930; x_wconf 89' lang='lat' dir='ltr'><strong>queat</strong></span> <span class='ocrx_word' id='word_1_224' title='bbox 529 2864 758 2921; x_wconf 86' lang='lat' dir='ltr'><strong>discerni,</strong></span> <span class='ocrx_word' id='word_1_225' title='bbox 793 2879 903 2912; x_wconf 91' lang='lat' dir='ltr'><strong>cum</strong></span> <span class='ocrx_word' id='word_1_226' title='bbox 939 2865 1036 2913; x_wconf 90' lang='lat' dir='ltr'><strong>diis</strong></span> <span class='ocrx_word' id='word_1_227' title='bbox 1071 2865 1386 2930; x_wconf 90' lang='lat' dir='ltr'><strong>popularibus</strong></span> <span class='ocrx_word' id='word_1_228' title='bbox 1420 2865 1550 2914; x_wconf 89' lang='lat' dir='ltr'><strong>tollit</strong></span> <span class='ocrx_word' id='word_1_229' title='bbox 1581 2863 1884 2929; x_wconf 82' lang='lat' dir='ltr'><strong>Menalippa.</strong></span> <span class='ocrx_word' id='word_1_230' title='bbox 1937 2863 2036 2914; x_wconf 88' lang='lat' dir='ltr'><strong>De-</strong></span> 
     </span>
     <span class='ocr_line' id='line_1_33' title="bbox 345 2943 2037 3009; baseline 0.001 -15"><span class='ocrx_word' id='word_1_231' title='bbox 345 2945 495 3008; x_wconf 88' lang='lat' dir='ltr'><strong>nique</strong></span> <span class='ocrx_word' id='word_1_232' title='bbox 529 2958 625 2991; x_wconf 89' lang='lat' dir='ltr'><strong>non</strong></span> <span class='ocrx_word' id='word_1_233' title='bbox 661 2943 841 2991; x_wconf 89' lang='lat' dir='ltr'><strong>desunt</strong></span> <span class='ocrx_word' id='word_1_234' title='bbox 874 2946 1149 3009; x_wconf 86' lang='lat' dir='ltr'><strong>sapientes,</strong></span> <span class='ocrx_word' id='word_1_235' title='bbox 1198 2946 1332 2994; x_wconf 88' lang='lat' dir='ltr'><strong>velut</strong></span> <span class='ocrx_word' id='word_1_236' title='bbox 1364 2944 1684 3005; x_wconf 85' lang='lat' dir='ltr'><strong>Palamedes,</strong></span> <span class='ocrx_word' id='word_1_237' title='bbox 1736 2945 1851 3007; x_wconf 85' lang='lat' dir='ltr'><strong>qui,</strong></span> <span class='ocrx_word' id='word_1_238' title='bbox 1902 2946 2037 3009; x_wconf 83' lang='lat' dir='ltr'><strong>quod</strong></span> 
     </span>
     <span class='ocr_line' id='line_1_34' title="bbox 349 3022 2037 3090; baseline -0.001 -16"><span class='ocrx_word' id='word_1_239' title='bbox 349 3039 502 3089; x_wconf 88' lang='lat' dir='ltr'><strong>super</strong></span> <span class='ocrx_word' id='word_1_240' title='bbox 547 3022 720 3087; x_wconf 88' lang='lat' dir='ltr'><strong>vulgus</strong></span> <span class='ocrx_word' id='word_1_241' title='bbox 754 3024 1016 3088; x_wconf 89' lang='lat' dir='ltr'><strong>prudentia</strong></span> <span class='ocrx_word' id='word_1_242' title='bbox 1047 3041 1315 3089; x_wconf 90' lang='lat' dir='ltr'><strong>rerumque</strong></span> <span class='ocrx_word' id='word_1_243' title='bbox 1348 3025 1627 3090; x_wconf 84' lang='lat' dir='ltr'><strong>cognitione</strong></span> <span class='ocrx_word' id='word_1_244' title='bbox 1661 3024 1911 3084; x_wconf 86' lang='lat' dir='ltr'><strong>eminent,</strong></span> <span class='ocrx_word' id='word_1_245' title='bbox 1961 3025 2037 3073; x_wconf 87' lang='lat' dir='ltr'><strong>in-</strong></span> 
     </span>
     <span class='ocr_line' id='line_1_35' title="bbox 346 3102 2038 3169; baseline 0 -16"><span class='ocrx_word' id='word_1_246' title='bbox 346 3103 477 3153; x_wconf 85' lang='lat' dir='ltr'><strong>vidia</strong></span> <span class='ocrx_word' id='word_1_247' title='bbox 520 3107 575 3152; x_wconf 90' lang='lat' dir='ltr'><strong>et</strong></span> <span class='ocrx_word' id='word_1_248' title='bbox 617 3102 855 3151; x_wconf 87' lang='lat' dir='ltr'><strong>calumnia</strong></span> <span class='ocrx_word' id='word_1_249' title='bbox 901 3106 1128 3169; x_wconf 87' lang='lat' dir='ltr'><strong>oppressi</strong></span> <span class='ocrx_word' id='word_1_250' title='bbox 1169 3107 1431 3156; x_wconf 89' lang='lat' dir='ltr'><strong>intereant.</strong></span> <span class='ocrx_word' id='word_1_251' title='bbox 1498 3103 1580 3152; x_wconf 90' lang='lat' dir='ltr'><strong>Sic</strong></span> <span class='ocrx_word' id='word_1_252' title='bbox 1625 3110 1774 3169; x_wconf 91' lang='lat' dir='ltr'><strong>poeta</strong></span> <span class='ocrx_word' id='word_1_253' title='bbox 1807 3104 2038 3161; x_wconf 84' lang='lat' dir='ltr'><strong>doctissi-</strong></span> 
     </span>
     <span class='ocr_line' id='line_1_36' title="bbox 347 3182 2038 3250; baseline -0.001 -17"><span class='ocrx_word' id='word_1_254' title='bbox 347 3199 458 3233; x_wconf 90' lang='lat' dir='ltr'><strong>mus</strong></span> <span class='ocrx_word' id='word_1_255' title='bbox 503 3182 742 3248; x_wconf 85' lang='lat' dir='ltr'><strong>exemplis</strong></span> <span class='ocrx_word' id='word_1_256' title='bbox 785 3183 1169 3234; x_wconf 90' lang='lat' dir='ltr'><strong>demonstrando</strong></span> <span class='ocrx_word' id='word_1_257' title='bbox 1217 3184 1452 3250; x_wconf 90' lang='lat' dir='ltr'><strong>quidquid</strong></span> <span class='ocrx_word' id='word_1_258' title='bbox 1507 3199 1674 3233; x_wconf 89' lang='lat' dir='ltr'><strong>rerum</strong></span> <span class='ocrx_word' id='word_1_259' title='bbox 1720 3184 2038 3249; x_wconf 85' lang='lat' dir='ltr'><strong>inquisitione</strong></span> 
     </span>
     <span class='ocr_line' id='line_1_37' title="bbox 347 3262 2036 3328; baseline -0.001 -14"><span class='ocrx_word' id='word_1_260' title='bbox 347 3263 427 3314; x_wconf 84' lang='lat' dir='ltr'><strong>vel</strong></span> <span class='ocrx_word' id='word_1_261' title='bbox 459 3263 576 3314; x_wconf 89' lang='lat' dir='ltr'><strong>boni</strong></span> <span class='ocrx_word' id='word_1_262' title='bbox 607 3262 684 3311; x_wconf 89' lang='lat' dir='ltr'><strong>vel</strong></span> <span class='ocrx_word' id='word_1_263' title='bbox 718 3263 834 3312; x_wconf 88' lang='lat' dir='ltr'><strong>mali</strong></span> <span class='ocrx_word' id='word_1_264' title='bbox 864 3267 1061 3328; x_wconf 87' lang='lat' dir='ltr'><strong>partum</strong></span> <span class='ocrx_word' id='word_1_265' title='bbox 1095 3272 1202 3315; x_wconf 89' lang='lat' dir='ltr'><strong>erat</strong></span> <span class='ocrx_word' id='word_1_266' title='bbox 1236 3270 1289 3314; x_wconf 88' lang='lat' dir='ltr'><strong>et</strong></span> <span class='ocrx_word' id='word_1_267' title='bbox 1319 3280 1640 3328; x_wconf 89' lang='lat' dir='ltr'><strong>quaecunque</strong></span> <span class='ocrx_word' id='word_1_268' title='bbox 1671 3263 1922 3314; x_wconf 83' lang='lat' dir='ltr'><strong>saeculum</strong></span> <span class='ocrx_word' id='word_1_269' title='bbox 1955 3263 2036 3312; x_wconf 84' lang='lat' dir='ltr'><strong>fe-</strong></span> 
     </span>
     <span class='ocr_line' id='line_1_38' title="bbox 348 3341 2035 3410; baseline -0.001 -17"><span class='ocrx_word' id='word_1_270' title='bbox 348 3344 492 3395; x_wconf 87' lang='lat' dir='ltr'><strong>rebat</strong></span> <span class='ocrx_word' id='word_1_271' title='bbox 550 3342 790 3392; x_wconf 87' lang='lat' dir='ltr'><strong>dictorum</strong></span> <span class='ocrx_word' id='word_1_272' title='bbox 847 3342 1194 3410; x_wconf 88' lang='lat' dir='ltr'><strong>factorumque</strong></span> <span class='ocrx_word' id='word_1_273' title='bbox 1237 3348 1458 3395; x_wconf 86' lang='lat' dir='ltr'><strong>monstra</strong></span> <span class='ocrx_word' id='word_1_274' title='bbox 1494 3343 1545 3396; x_wconf 88' lang='lat' dir='ltr'><strong>in</strong></span> <span class='ocrx_word' id='word_1_275' title='bbox 1590 3343 1810 3394; x_wconf 90' lang='lat' dir='ltr'><strong>medium</strong></span> <span class='ocrx_word' id='word_1_276' title='bbox 1862 3341 2035 3408; x_wconf 82' lang='lat' dir='ltr'><strong>profe-</strong></span> 
     </span>
    </p>
   </div>
   <div class='ocr_carea' id='block_1_3' title="bbox 407 3453 2035 3570">
    <p class='ocr_par' dir='ltr' id='par_1_5' title="bbox 407 3453 2035 3570">
     <span class='ocr_line' id='line_1_39' title="bbox 407 3453 2035 3514; baseline -0.001 -15"><span class='ocrx_word' id='word_1_277' title='bbox 407 3457 457 3511; x_wconf 75' lang='grc'><strong>*)</strong></span> <span class='ocrx_word' id='word_1_278' title='bbox 484 3457 609 3499; x_wconf 86' lang='lat' dir='ltr'><strong>Adde</strong></span> <span class='ocrx_word' id='word_1_279' title='bbox 637 3453 778 3500; x_wconf 85' lang='lat' dir='ltr'><strong>schol.</strong></span> <span class='ocrx_word' id='word_1_280' title='bbox 811 3456 980 3500; x_wconf 84' lang='lat' dir='ltr'><strong>Phoen.</strong></span> <span class='ocrx_word' id='word_1_281' title='bbox 1012 3457 1110 3501; x_wconf 75' lang='lat'><strong>175.</strong></span> <span class='ocrx_word' id='word_1_282' title='bbox 1140 3462 1186 3503; x_wconf 86' lang='lat' dir='ltr'><strong>et</strong></span> <span class='ocrx_word' id='word_1_283' title='bbox 1213 3471 1327 3514; x_wconf 81' lang='lat' dir='ltr'><strong>quae</strong></span> <span class='ocrx_word' id='word_1_284' title='bbox 1355 3457 1413 3500; x_wconf 82' lang='lat' dir='ltr'><strong>ad</strong></span> <span class='ocrx_word' id='word_1_285' title='bbox 1444 3457 1634 3501; x_wconf 86' lang='lat' dir='ltr'><strong>eundem</strong></span> <span class='ocrx_word' id='word_1_286' title='bbox 1659 3458 1810 3500; x_wconf 87' lang='lat' dir='ltr'><strong>locum</strong></span> <span class='ocrx_word' id='word_1_287' title='bbox 1836 3455 2035 3513; x_wconf 80' lang='lat' dir='ltr'><strong>Apitzius</strong></span> 
     </span>
     <span class='ocr_line' id='line_1_40' title="bbox 484 3526 669 3570; baseline -0.005 -1"><span class='ocrx_word' id='word_1_288' title='bbox 484 3526 669 3570; x_wconf 87' lang='lat' dir='ltr'><strong>monuit.</strong></span> 
     </span>
    </p>
   </div>
  </div>
 </body>
</html>
