<?xml version="1.0" encoding="UTF-8"?>
<!DOCTYPE html PUBLIC "-//W3C//DTD XHTML 1.0 Transitional//EN"
    "http://www.w3.org/TR/xhtml1/DTD/xhtml1-transitional.dtd">
<html xmlns="http://www.w3.org/1999/xhtml" xml:lang="en" lang="en">
 <head>
  <title>
</title>
<meta http-equiv="Content-Type" content="text/html;charset=utf-8" />
  <meta name='ocr-system' content='tesseract 3.04.00' />
  <meta name='ocr-capabilities' content='ocr_page ocr_carea ocr_par ocr_line ocrx_word'/>
</head>
<body>
  <div class='ocr_page' id='page_1' title='image "./euripidesrestitu01hartuoft_0093.png"; bbox 0 0 2144 3854; ppageno 0'>
   <div class='ocr_carea' id='block_1_1' title="bbox 947 267 1028 326">
    <p class='ocr_par' dir='ltr' id='par_1_1' title="bbox 947 267 1028 326">
     <span class='ocr_line' id='line_1_1' title="bbox 947 267 1028 326; baseline 0.012 -1"><span class='ocrx_word' id='word_1_1' title='bbox 947 267 1028 326; x_wconf 76' lang='lat'><strong>75</strong></span> 
     </span>
    </p>
   </div>
   <div class='ocr_carea' id='block_1_2' title="bbox 143 407 1837 2731">
    <p class='ocr_par' dir='ltr' id='par_1_2' title="bbox 278 407 1338 483">
     <span class='ocr_line' id='line_1_2' title="bbox 278 407 1338 483; baseline -0.008 -14"><span class='ocrx_word' id='word_1_2' title='bbox 278 415 369 470; x_wconf 88' lang='grc' dir='ltr'><strong>καὶ</strong></span> <span class='ocrx_word' id='word_1_3' title='bbox 401 419 503 468; x_wconf 81' lang='grc' dir='ltr'><strong>νῦν</strong></span> <span class='ocrx_word' id='word_1_4' title='bbox 534 417 736 483; x_wconf 78' lang='grc' dir='ltr'><strong><em>λόγοισι</em></strong></span> <span class='ocrx_word' id='word_1_5' title='bbox 766 415 878 474; x_wconf 81' lang='grc' dir='ltr'><strong><em>τοῖς</em></strong></span> <span class='ocrx_word' id='word_1_6' title='bbox 910 411 1054 479; x_wconf 79' lang='grc' dir='ltr'><strong><em>ἐμοῖς</em></strong></span> <span class='ocrx_word' id='word_1_7' title='bbox 1089 407 1338 472; x_wconf 76' lang='grc' dir='ltr'><strong><em>ἐναντίως</em></strong></span> 
     </span>
    </p>

    <p class='ocr_par' dir='ltr' id='par_1_3' title="bbox 277 486 1417 564">
     <span class='ocr_line' id='line_1_3' title="bbox 277 486 1417 564; baseline -0.008 -13"><span class='ocrx_word' id='word_1_8' title='bbox 277 495 500 564; x_wconf 79' lang='grc' dir='ltr'>πέπτωχ’</span> <span class='ocrx_word' id='word_1_9' title='bbox 533 497 564 550; x_wconf 84' lang='grc' dir='ltr'>ὁ</span> <span class='ocrx_word' id='word_1_10' title='bbox 594 495 821 564; x_wconf 83' lang='grc' dir='ltr'><strong><em>τλήμων.</em></strong></span> <span class='ocrx_word' id='word_1_11' title='bbox 861 486 901 545; x_wconf 79' lang='grc' dir='ltr'><em>ὦ</em></span> <span class='ocrx_word' id='word_1_12' title='bbox 935 492 1187 558; x_wconf 73' lang='grc' dir='ltr'><strong><em>φιλόζωοί</em></strong></span> <span class='ocrx_word' id='word_1_13' title='bbox 1219 490 1417 557; x_wconf 89' lang='grc' dir='ltr'><strong><em>βροτοί,</em></strong></span> 
     </span>
    </p>

    <p class='ocr_par' dir='ltr' id='par_1_4' title="bbox 280 571 1278 646">
     <span class='ocr_line' id='line_1_4' title="bbox 280 571 1278 646; baseline -0.009 -15"><span class='ocrx_word' id='word_1_14' title='bbox 280 579 332 631; x_wconf 81' lang='grc' dir='ltr'><strong>οἳ</strong></span> <span class='ocrx_word' id='word_1_15' title='bbox 362 576 459 646; x_wconf 80' lang='grc' dir='ltr'><strong>τὴν</strong></span> <span class='ocrx_word' id='word_1_16' title='bbox 492 575 879 642; x_wconf 80' lang='grc' dir='ltr'><strong><em>ἐπιστείχουσαν</em></strong></span> <span class='ocrx_word' id='word_1_17' title='bbox 910 572 1112 641; x_wconf 72' lang='grc' dir='ltr'><strong><em>ἡμέραν</em></strong></span> <span class='ocrx_word' id='word_1_18' title='bbox 1146 571 1278 622; x_wconf 85' lang='grc' dir='ltr'><strong><em>ἰδεῖν</em></strong></span> 
     </span>
    </p>

    <p class='ocr_par' dir='ltr' id='par_1_5' title="bbox 280 651 1401 724">
     <span class='ocr_line' id='line_1_5' title="bbox 280 651 1401 724; baseline -0.009 -13"><span class='ocrx_word' id='word_1_19' title='bbox 280 661 501 720; x_wconf 80' lang='grc' dir='ltr'><strong><em>ποθεῖτ’,</em></strong></span> <span class='ocrx_word' id='word_1_20' title='bbox 536 657 737 724; x_wconf 78' lang='grc' dir='ltr'><strong><em>ἔχοντες</em></strong></span> <span class='ocrx_word' id='word_1_21' title='bbox 769 654 976 721; x_wconf 81' lang='grc' dir='ltr'><strong><em>μυρίων</em></strong></span> <span class='ocrx_word' id='word_1_22' title='bbox 1010 656 1176 720; x_wconf 81' lang='grc' dir='ltr'>ἄχθος</span> <span class='ocrx_word' id='word_1_23' title='bbox 1206 651 1401 704; x_wconf 81' lang='grc' dir='ltr'><strong><em>κακῶν.</em></strong></span> 
     </span>
    </p>

    <p class='ocr_par' dir='ltr' id='par_1_6' title="bbox 280 732 1341 804">
     <span class='ocr_line' id='line_1_6' title="bbox 280 732 1341 804; baseline -0.009 -12"><span class='ocrx_word' id='word_1_24' title='bbox 280 739 448 800; x_wconf 82' lang='grc' dir='ltr'><strong><em>οὕτως</em></strong></span> <span class='ocrx_word' id='word_1_25' title='bbox 481 737 612 804; x_wconf 76' lang='grc' dir='ltr'><strong><em>ἔρως</em></strong></span> <span class='ocrx_word' id='word_1_26' title='bbox 646 738 915 802; x_wconf 83' lang='grc' dir='ltr'><strong><em>βροτοῖσιν</em></strong></span> <span class='ocrx_word' id='word_1_27' title='bbox 946 732 1168 802; x_wconf 74' lang='grc' dir='ltr'><strong><em>ἔγκειται</em></strong></span> <span class='ocrx_word' id='word_1_28' title='bbox 1202 732 1341 798; x_wconf 91' lang='grc' dir='ltr'><strong><em>βίου.</em></strong></span> 
     </span>
    </p>

    <p class='ocr_par' dir='ltr' id='par_1_7' title="bbox 275 808 1477 888">
     <span class='ocr_line' id='line_1_7' title="bbox 275 808 1477 888; baseline -0.01 -16"><span class='ocrx_word' id='word_1_29' title='bbox 275 821 336 873; x_wconf 89' lang='grc' dir='ltr'><strong>τὸ</strong></span> <span class='ocrx_word' id='word_1_30' title='bbox 371 822 465 888; x_wconf 81' lang='grc' dir='ltr'><strong>ζῆν</strong></span> <span class='ocrx_word' id='word_1_31' title='bbox 494 817 598 886; x_wconf 75' lang='grc' dir='ltr'><strong>γὰρ</strong></span> <span class='ocrx_word' id='word_1_32' title='bbox 632 817 799 884; x_wconf 77' lang='grc' dir='ltr'><strong><em>ἴσμεν,</em></strong></span> <span class='ocrx_word' id='word_1_33' title='bbox 831 821 931 868; x_wconf 80' lang='grc' dir='ltr'><strong>τοῦ</strong></span> <span class='ocrx_word' id='word_1_34' title='bbox 963 818 1154 867; x_wconf 78' lang='grc' dir='ltr'><strong><em>θανεῖν</em></strong></span> <span class='ocrx_word' id='word_1_35' title='bbox 1186 813 1232 866; x_wconf 84' lang='grc' dir='ltr'><strong>δ’</strong></span> <span class='ocrx_word' id='word_1_36' title='bbox 1270 808 1477 878; x_wconf 77' lang='grc' dir='ltr'><strong><em>ἀπειρίᾳ</em></strong></span> 
     </span>
    </p>

    <p class='ocr_par' dir='ltr' id='par_1_8' title="bbox 143 890 1825 1206">
     <span class='ocr_line' id='line_1_8' title="bbox 272 890 1539 966; baseline -0.01 -14"><span class='ocrx_word' id='word_1_37' title='bbox 272 906 375 962; x_wconf 85' lang='grc' dir='ltr'><strong>πᾶς</strong></span> <span class='ocrx_word' id='word_1_38' title='bbox 405 917 482 961; x_wconf 84' lang='grc' dir='ltr'><strong>τις</strong></span> <span class='ocrx_word' id='word_1_39' title='bbox 514 899 759 966; x_wconf 87' lang='grc' dir='ltr'><strong><em>φοβεῖται</em></strong></span> <span class='ocrx_word' id='word_1_40' title='bbox 793 900 908 966; x_wconf 80' lang='grc' dir='ltr'><strong>φῶς</strong></span> <span class='ocrx_word' id='word_1_41' title='bbox 940 900 1111 949; x_wconf 83' lang='grc' dir='ltr'><strong><em>λιπεῖν</em></strong></span> <span class='ocrx_word' id='word_1_42' title='bbox 1142 893 1253 947; x_wconf 85' lang='grc' dir='ltr'><strong><em>τόδ’</em></strong></span> <span class='ocrx_word' id='word_1_43' title='bbox 1287 890 1443 960; x_wconf 79' lang='grc' dir='ltr'><strong><em>ἡλίου</em></strong></span> <span class='ocrx_word' id='word_1_44' title='bbox 1469 890 1539 955; x_wconf 90' lang='grc'><strong>*).</strong></span> 
     </span>
     <span class='ocr_line' id='line_1_9' title="bbox 146 971 1825 1045; baseline -0.007 -12"><span class='ocrx_word' id='word_1_45' title='bbox 146 983 384 1033; x_wconf 86' lang='lat' dir='ltr'><strong>Convenit</strong></span> <span class='ocrx_word' id='word_1_46' title='bbox 415 983 465 1030; x_wconf 89' lang='lat' dir='ltr'><strong>in</strong></span> <span class='ocrx_word' id='word_1_47' title='bbox 499 986 598 1031; x_wconf 91' lang='lat' dir='ltr'><strong>tam</strong></span> <span class='ocrx_word' id='word_1_48' title='bbox 649 997 939 1045; x_wconf 84' lang='lat' dir='ltr'><strong>generosum</strong></span> <span class='ocrx_word' id='word_1_49' title='bbox 984 981 1213 1030; x_wconf 86' lang='lat' dir='ltr'><strong>iuvenem</strong></span> <span class='ocrx_word' id='word_1_50' title='bbox 1270 974 1419 1024; x_wconf 85' lang='lat' dir='ltr'><strong>etiam</strong></span> <span class='ocrx_word' id='word_1_51' title='bbox 1464 971 1620 1036; x_wconf 88' lang='lat' dir='ltr'><strong>patria</strong></span> <span class='ocrx_word' id='word_1_52' title='bbox 1667 988 1825 1036; x_wconf 83' lang='lat' dir='ltr'><strong>aequo</strong></span> 
     </span>
     <span class='ocr_line' id='line_1_10' title="bbox 143 1052 1825 1127; baseline -0.004 -16"><span class='ocrx_word' id='word_1_53' title='bbox 143 1065 306 1112; x_wconf 90' lang='lat' dir='ltr'><strong>animo</strong></span> <span class='ocrx_word' id='word_1_54' title='bbox 339 1078 534 1111; x_wconf 86' lang='lat' dir='ltr'><strong>carere:</strong></span> <span class='ocrx_word' id='word_1_55' title='bbox 569 1078 720 1127; x_wconf 87' lang='lat' dir='ltr'><strong>quare</strong></span> <span class='ocrx_word' id='word_1_56' title='bbox 754 1062 802 1111; x_wconf 91' lang='lat' dir='ltr'><strong>ei</strong></span> <span class='ocrx_word' id='word_1_57' title='bbox 832 1061 1007 1126; x_wconf 82' lang='lat' dir='ltr'><strong>fragm.</strong></span> <span class='ocrx_word' id='word_1_58' title='bbox 1041 1063 1120 1109; x_wconf 89' lang='grc'><strong>38.</strong></span> <span class='ocrx_word' id='word_1_59' title='bbox 1156 1076 1206 1125; x_wconf 88' lang='lat' dir='ltr'><strong>p.</strong></span> <span class='ocrx_word' id='word_1_60' title='bbox 1242 1058 1354 1106; x_wconf 72' lang='lat'><strong>370.</strong></span> <span class='ocrx_word' id='word_1_61' title='bbox 1387 1052 1568 1103; x_wconf 85' lang='lat' dir='ltr'><strong>Matth.</strong></span> <span class='ocrx_word' id='word_1_62' title='bbox 1602 1053 1825 1104; x_wconf 83' lang='lat' dir='ltr'><strong>tribuere</strong></span> 
     </span>
     <span class='ocr_line' id='line_1_11' title="bbox 143 1140 580 1206; baseline -0.002 -15"><span class='ocrx_word' id='word_1_63' title='bbox 143 1158 242 1192; x_wconf 85' lang='lat' dir='ltr'><strong>nou</strong></span> <span class='ocrx_word' id='word_1_64' title='bbox 276 1143 447 1192; x_wconf 91' lang='lat' dir='ltr'><strong>dubito</strong></span> <span class='ocrx_word' id='word_1_65' title='bbox 462 1140 580 1206; x_wconf 85' lang='lat'>**):</span> 
     </span>
    </p>

    <p class='ocr_par' dir='ltr' id='par_1_9' title="bbox 272 1219 1176 1288">
     <span class='ocr_line' id='line_1_12' title="bbox 272 1219 1176 1288; baseline -0.002 -16"><span class='ocrx_word' id='word_1_66' title='bbox 272 1221 411 1282; x_wconf 80' lang='grc' dir='ltr'><strong><em>ἅπας</em></strong></span> <span class='ocrx_word' id='word_1_67' title='bbox 443 1220 542 1287; x_wconf 81' lang='grc' dir='ltr'><strong>μὲν</strong></span> <span class='ocrx_word' id='word_1_68' title='bbox 574 1219 676 1288; x_wconf 75' lang='grc' dir='ltr'><strong>ἀὴρ</strong></span> <span class='ocrx_word' id='word_1_69' title='bbox 711 1219 842 1286; x_wconf 75' lang='grc' dir='ltr'><strong><em>ἀετῷ</em></strong></span> <span class='ocrx_word' id='word_1_70' title='bbox 874 1219 1176 1286; x_wconf 78' lang='grc' dir='ltr'><strong><em>περάσιμος,</em></strong></span> 
     </span>
    </p>

    <p class='ocr_par' dir='ltr' id='par_1_10' title="bbox 144 1299 1473 1446">
     <span class='ocr_line' id='line_1_13' title="bbox 272 1299 1473 1369; baseline -0.002 -16"><span class='ocrx_word' id='word_1_71' title='bbox 272 1301 453 1354; x_wconf 79' lang='grc' dir='ltr'><strong><em>ἅπασα</em></strong></span> <span class='ocrx_word' id='word_1_72' title='bbox 489 1301 545 1353; x_wconf 84' lang='grc' dir='ltr'><strong>δὲ</strong></span> <span class='ocrx_word' id='word_1_73' title='bbox 577 1301 728 1368; x_wconf 81' lang='grc' dir='ltr'><strong><em>χθὼν</em></strong></span> <span class='ocrx_word' id='word_1_74' title='bbox 761 1299 918 1367; x_wconf 74' lang='grc' dir='ltr'><strong><em>ἀνδρὶ</em></strong></span> <span class='ocrx_word' id='word_1_75' title='bbox 951 1299 1179 1369; x_wconf 77' lang='grc' dir='ltr'><strong><em>γενναίῳ</em></strong></span> <span class='ocrx_word' id='word_1_76' title='bbox 1213 1299 1413 1367; x_wconf 85' lang='grc' dir='ltr'><strong><em>πατρίς.</em></strong></span> <span class='ocrx_word' id='word_1_77' title='bbox 1465 1348 1473 1350; x_wconf 68' lang='grc'><strong><em>,</em></strong></span> 
     </span>
     <span class='ocr_line' id='line_1_14' title="bbox 144 1382 1278 1446; baseline -0.001 -14"><span class='ocrx_word' id='word_1_78' title='bbox 144 1382 282 1446; x_wconf 80' lang='lat' dir='ltr'><strong>Quae</strong></span> <span class='ocrx_word' id='word_1_79' title='bbox 315 1386 385 1433; x_wconf 90' lang='lat' dir='ltr'><strong>sic</strong></span> <span class='ocrx_word' id='word_1_80' title='bbox 419 1384 639 1434; x_wconf 85' lang='lat' dir='ltr'><strong>reddidit</strong></span> <span class='ocrx_word' id='word_1_81' title='bbox 672 1385 876 1433; x_wconf 87' lang='lat' dir='ltr'><strong>Ovidius</strong></span> <span class='ocrx_word' id='word_1_82' title='bbox 910 1383 1043 1432; x_wconf 85' lang='lat' dir='ltr'><strong>Fast.</strong></span> <span class='ocrx_word' id='word_1_83' title='bbox 1078 1383 1117 1444; x_wconf 91' lang='lat'><strong>1,</strong></span> <span class='ocrx_word' id='word_1_84' title='bbox 1151 1384 1278 1431; x_wconf 83' lang='lat'>439:</span> 
     </span>
    </p>

    <p class='ocr_par' dir='ltr' id='par_1_11' title="bbox 275 1461 1763 1530">
     <span class='ocr_line' id='line_1_15' title="bbox 275 1461 1763 1530; baseline -0.002 -17"><span class='ocrx_word' id='word_1_85' title='bbox 275 1464 476 1525; x_wconf 83' lang='lat' dir='ltr'><strong>„Omne</strong></span> <span class='ocrx_word' id='word_1_86' title='bbox 507 1465 671 1514; x_wconf 84' lang='lat' dir='ltr'><strong>solum</strong></span> <span class='ocrx_word' id='word_1_87' title='bbox 691 1465 832 1529; x_wconf 80' lang='lat' dir='ltr'><strong>forti</strong></span> <span class='ocrx_word' id='word_1_88' title='bbox 855 1466 1038 1530; x_wconf 82' lang='lat' dir='ltr'><strong>patria</strong></span> <span class='ocrx_word' id='word_1_89' title='bbox 1075 1470 1167 1523; x_wconf 84' lang='lat' dir='ltr'><strong>est,</strong></span> <span class='ocrx_word' id='word_1_90' title='bbox 1203 1468 1261 1511; x_wconf 81' lang='lat' dir='ltr'><strong>ut</strong></span> <span class='ocrx_word' id='word_1_91' title='bbox 1293 1461 1520 1530; x_wconf 78' lang='lat' dir='ltr'><strong>piscibus</strong></span> <span class='ocrx_word' id='word_1_92' title='bbox 1556 1476 1763 1528; x_wconf 76' lang='lat' dir='ltr'><strong>aequor,</strong></span> 
     </span>
    </p>

    <p class='ocr_par' dir='ltr' id='par_1_12' title="bbox 418 1539 1672 1609">
     <span class='ocr_line' id='line_1_16' title="bbox 418 1539 1672 1609; baseline 0.002 -17"><span class='ocrx_word' id='word_1_93' title='bbox 418 1542 486 1592; x_wconf 81' lang='lat' dir='ltr'><strong>Ut</strong></span> <span class='ocrx_word' id='word_1_94' title='bbox 518 1545 718 1593; x_wconf 82' lang='lat' dir='ltr'><strong>volucri</strong></span> <span class='ocrx_word' id='word_1_95' title='bbox 751 1560 916 1593; x_wconf 83' lang='lat' dir='ltr'><strong>vacuo</strong></span> <span class='ocrx_word' id='word_1_96' title='bbox 949 1542 1198 1609; x_wconf 78' lang='lat' dir='ltr'><strong>quidquid</strong></span> <span class='ocrx_word' id='word_1_97' title='bbox 1232 1543 1288 1591; x_wconf 80' lang='lat' dir='ltr'><strong>in</strong></span> <span class='ocrx_word' id='word_1_98' title='bbox 1323 1542 1440 1591; x_wconf 85' lang='lat' dir='ltr'><strong>orbe</strong></span> <span class='ocrx_word' id='word_1_99' title='bbox 1466 1539 1672 1608; x_wconf 42' lang='lat' dir='ltr'><strong>patet?</strong></span> 
     </span>
    </p>

    <p class='ocr_par' dir='ltr' id='par_1_13' title="bbox 147 1621 1543 1688">
     <span class='ocr_line' id='line_1_17' title="bbox 147 1621 1543 1688; baseline -0.001 -16"><span class='ocrx_word' id='word_1_100' title='bbox 147 1622 493 1672; x_wconf 85' lang='lat' dir='ltr'><strong>Suavissimam</strong></span> <span class='ocrx_word' id='word_1_101' title='bbox 530 1629 693 1671; x_wconf 86' lang='lat' dir='ltr'><strong>tamen</strong></span> <span class='ocrx_word' id='word_1_102' title='bbox 728 1625 931 1688; x_wconf 79' lang='lat' dir='ltr'><strong>patriam</strong></span> <span class='ocrx_word' id='word_1_103' title='bbox 967 1630 1148 1671; x_wconf 86' lang='lat' dir='ltr'><strong>terram</strong></span> <span class='ocrx_word' id='word_1_104' title='bbox 1184 1638 1296 1671; x_wconf 87' lang='lat' dir='ltr'><strong>esse</strong></span> <span class='ocrx_word' id='word_1_105' title='bbox 1329 1621 1543 1683; x_wconf 80' lang='lat' dir='ltr'><strong>fatetur:</strong></span> 
     </span>
    </p>

    <p class='ocr_par' dir='ltr' id='par_1_14' title="bbox 281 1692 1519 1767">
     <span class='ocr_line' id='line_1_18' title="bbox 281 1692 1519 1767; baseline 0 -15"><span class='ocrx_word' id='word_1_106' title='bbox 281 1694 348 1752; x_wconf 85' lang='grc' dir='ltr'><strong>σὺ</strong></span> <span class='ocrx_word' id='word_1_107' title='bbox 381 1700 446 1764; x_wconf 86' lang='grc' dir='ltr'><strong>δ’,</strong></span> <span class='ocrx_word' id='word_1_108' title='bbox 483 1692 526 1751; x_wconf 81' lang='grc' dir='ltr'><em>ὦ</em></span> <span class='ocrx_word' id='word_1_109' title='bbox 558 1699 778 1767; x_wconf 82' lang='grc' dir='ltr'><strong><em>πατρῴα</em></strong></span> <span class='ocrx_word' id='word_1_110' title='bbox 811 1698 961 1767; x_wconf 78' lang='grc' dir='ltr'><strong><em>χθὼν</em></strong></span> <span class='ocrx_word' id='word_1_111' title='bbox 995 1699 1138 1766; x_wconf 80' lang='grc' dir='ltr'><strong><em>ἐμῶν</em></strong></span> <span class='ocrx_word' id='word_1_112' title='bbox 1168 1700 1519 1767; x_wconf 74' lang='grc' dir='ltr'><strong><em>γεννητόρων,</em></strong></span> 
     </span>
    </p>

    <p class='ocr_par' dir='ltr' id='par_1_15' title="bbox 275 1779 1608 1849">
     <span class='ocr_line' id='line_1_19' title="bbox 275 1779 1608 1849; baseline -0.002 -16"><span class='ocrx_word' id='word_1_113' title='bbox 275 1783 441 1849; x_wconf 79' lang='grc' dir='ltr'><strong><em>χαῖρ’·</em></strong></span> <span class='ocrx_word' id='word_1_114' title='bbox 474 1779 631 1846; x_wconf 76' lang='grc' dir='ltr'><strong><em>ἀνδρὶ</em></strong></span> <span class='ocrx_word' id='word_1_115' title='bbox 662 1780 762 1846; x_wconf 76' lang='grc' dir='ltr'><strong>γάρ</strong></span> <span class='ocrx_word' id='word_1_116' title='bbox 797 1799 898 1841; x_wconf 88' lang='grc' dir='ltr'><strong><em>τοι,</em></strong></span> <span class='ocrx_word' id='word_1_117' title='bbox 933 1780 1035 1833; x_wconf 76' lang='grc' dir='ltr'><strong>κᾶν</strong></span> <span class='ocrx_word' id='word_1_118' title='bbox 1067 1780 1372 1849; x_wconf 80' lang='grc' dir='ltr'><strong><em>ὑπερβάλλῃ</em></strong></span> <span class='ocrx_word' id='word_1_119' title='bbox 1406 1781 1608 1843; x_wconf 84' lang='grc' dir='ltr'><strong><em>κακοῖς,</em></strong></span> 
     </span>
    </p>

    <p class='ocr_par' dir='ltr' id='par_1_16' title="bbox 215 1859 1386 1928">
     <span class='ocr_line' id='line_1_20' title="bbox 215 1859 1386 1928; baseline -0.003 -13"><span class='ocrx_word' id='word_1_120' title='bbox 215 1876 218 1877; x_wconf 72' lang='grc'>’</span> <span class='ocrx_word' id='word_1_121' title='bbox 279 1863 380 1915; x_wconf 84' lang='grc' dir='ltr'><strong>οὐκ</strong></span> <span class='ocrx_word' id='word_1_122' title='bbox 413 1859 520 1913; x_wconf 70' lang='grc' dir='ltr'><strong><em>ἔστι</em></strong></span> <span class='ocrx_word' id='word_1_123' title='bbox 551 1865 650 1913; x_wconf 83' lang='grc' dir='ltr'><strong>τοῦ</strong></span> <span class='ocrx_word' id='word_1_124' title='bbox 684 1861 987 1928; x_wconf 58' lang='grc' dir='ltr'><strong><em>,θρέψαντος</em></strong></span> <span class='ocrx_word' id='word_1_125' title='bbox 1017 1860 1173 1928; x_wconf 78' lang='grc' dir='ltr'><strong><em>ἥδιον</em></strong></span> <span class='ocrx_word' id='word_1_126' title='bbox 1205 1861 1386 1913; x_wconf 83' lang='grc' dir='ltr'><strong><em>πέδον.</em></strong></span> 
     </span>
    </p>

    <p class='ocr_par' dir='ltr' id='par_1_17' title="bbox 146 1943 1837 2731">
     <span class='ocr_line' id='line_1_21' title="bbox 147 1943 1832 2010; baseline -0.001 -16"><span class='ocrx_word' id='word_1_127' title='bbox 147 1944 369 1994; x_wconf 87' lang='lat' dir='ltr'><strong>Ducente</strong></span> <span class='ocrx_word' id='word_1_128' title='bbox 414 1943 725 2009; x_wconf 76' lang='lat' dir='ltr'><strong>paedagogo,</strong></span> <span class='ocrx_word' id='word_1_129' title='bbox 786 1943 1202 2010; x_wconf 74' lang='lat' dir='ltr'><strong>prosequentibus</strong></span> <span class='ocrx_word' id='word_1_130' title='bbox 1240 1960 1352 1992; x_wconf 91' lang='lat' dir='ltr'><strong>eum</strong></span> <span class='ocrx_word' id='word_1_131' title='bbox 1389 1959 1499 1992; x_wconf 89' lang='lat' dir='ltr'><strong>cum</strong></span> <span class='ocrx_word' id='word_1_132' title='bbox 1533 1943 1674 1992; x_wconf 86' lang='lat' dir='ltr'><strong>bonis</strong></span> <span class='ocrx_word' id='word_1_133' title='bbox 1707 1944 1832 1992; x_wconf 87' lang='lat' dir='ltr'><strong>votis</strong></span> 
     </span>
     <span class='ocr_line' id='line_1_22' title="bbox 147 2023 1832 2091; baseline -0.003 -15"><span class='ocrx_word' id='word_1_134' title='bbox 147 2030 201 2076; x_wconf 86' lang='lat' dir='ltr'><strong>et</strong></span> <span class='ocrx_word' id='word_1_135' title='bbox 232 2024 596 2091; x_wconf 84' lang='lat' dir='ltr'><strong>precationibus</strong></span> <span class='ocrx_word' id='word_1_136' title='bbox 630 2024 828 2085; x_wconf 87' lang='lat' dir='ltr'><strong>amicis,</strong></span> <span class='ocrx_word' id='word_1_137' title='bbox 863 2023 1094 2073; x_wconf 79' lang='lat' dir='ltr'><strong>Phthiam</strong></span> <span class='ocrx_word' id='word_1_138' title='bbox 1137 2024 1199 2086; x_wconf 86' lang='lat' dir='ltr'><strong>ad</strong></span> <span class='ocrx_word' id='word_1_139' title='bbox 1232 2023 1438 2073; x_wconf 89' lang='lat' dir='ltr'><strong>Peleum</strong></span> <span class='ocrx_word' id='word_1_140' title='bbox 1473 2023 1684 2072; x_wconf 85' lang='lat' dir='ltr'><strong>amicum</strong></span> <span class='ocrx_word' id='word_1_141' title='bbox 1716 2039 1832 2088; x_wconf 90' lang='lat' dir='ltr'><strong>pro-</strong></span> 
     </span>
     <span class='ocr_line' id='line_1_23' title="bbox 146 2103 1835 2170; baseline -0.002 -15"><span class='ocrx_word' id='word_1_142' title='bbox 146 2105 400 2154; x_wconf 86' lang='lat' dir='ltr'><strong>ficiscitur.</strong></span> <span class='ocrx_word' id='word_1_143' title='bbox 466 2103 857 2153; x_wconf 88' lang='lat' dir='ltr'><strong>Interiiciebatur</strong></span> <span class='ocrx_word' id='word_1_144' title='bbox 891 2105 1072 2153; x_wconf 88' lang='lat' dir='ltr'><strong>deinde</strong></span> <span class='ocrx_word' id='word_1_145' title='bbox 1098 2105 1219 2154; x_wconf 85' lang='lat' dir='ltr'><strong>satis</strong></span> <span class='ocrx_word' id='word_1_146' title='bbox 1242 2104 1440 2169; x_wconf 81' lang='lat' dir='ltr'><strong>longum</strong></span> <span class='ocrx_word' id='word_1_147' title='bbox 1458 2104 1697 2170; x_wconf 87' lang='lat' dir='ltr'><strong>temporis</strong></span> <span class='ocrx_word' id='word_1_148' title='bbox 1720 2119 1835 2168; x_wconf 87' lang='lat' dir='ltr'><strong>spa-</strong></span> 
     </span>
     <span class='ocr_line' id='line_1_24' title="bbox 148 2184 1837 2249; baseline 0 -15"><span class='ocrx_word' id='word_1_149' title='bbox 148 2187 301 2248; x_wconf 83' lang='lat' dir='ltr'><strong>tium,</strong></span> <span class='ocrx_word' id='word_1_150' title='bbox 352 2185 510 2234; x_wconf 89' lang='lat' dir='ltr'><strong>donec</strong></span> <span class='ocrx_word' id='word_1_151' title='bbox 543 2185 857 2249; x_wconf 80' lang='lat' dir='ltr'><strong>paedagogus</strong></span> <span class='ocrx_word' id='word_1_152' title='bbox 891 2201 920 2233; x_wconf 88' lang='lat' dir='ltr'><strong>e</strong></span> <span class='ocrx_word' id='word_1_153' title='bbox 954 2184 1131 2233; x_wconf 90' lang='lat' dir='ltr'><strong>Phthia</strong></span> <span class='ocrx_word' id='word_1_154' title='bbox 1164 2200 1396 2234; x_wconf 89' lang='lat' dir='ltr'><strong>reversus</strong></span> <span class='ocrx_word' id='word_1_155' title='bbox 1433 2185 1664 2245; x_wconf 86' lang='lat' dir='ltr'><strong>doceret,</strong></span> <span class='ocrx_word' id='word_1_156' title='bbox 1714 2200 1837 2248; x_wconf 90' lang='lat' dir='ltr'><strong>quo-</strong></span> 
     </span>
     <span class='ocr_line' id='line_1_25' title="bbox 146 2263 1837 2329; baseline -0.001 -14"><span class='ocrx_word' id='word_1_157' title='bbox 146 2267 295 2315; x_wconf 89' lang='lat' dir='ltr'><strong>modo</strong></span> <span class='ocrx_word' id='word_1_158' title='bbox 326 2265 548 2314; x_wconf 84' lang='lat' dir='ltr'><strong>Phoenix</strong></span> <span class='ocrx_word' id='word_1_159' title='bbox 583 2281 612 2313; x_wconf 85' lang='lat' dir='ltr'><strong>a</strong></span> <span class='ocrx_word' id='word_1_160' title='bbox 644 2263 794 2314; x_wconf 85' lang='lat' dir='ltr'><strong>Peleo</strong></span> <span class='ocrx_word' id='word_1_161' title='bbox 825 2268 1079 2329; x_wconf 77' lang='lat' dir='ltr'><strong>recethS,</strong></span> <span class='ocrx_word' id='word_1_162' title='bbox 1128 2266 1193 2314; x_wconf 87' lang='lat' dir='ltr'><strong>ad</strong></span> <span class='ocrx_word' id='word_1_163' title='bbox 1241 2264 1506 2314; x_wconf 88' lang='lat' dir='ltr'><strong>Chironem</strong></span> <span class='ocrx_word' id='word_1_164' title='bbox 1556 2265 1736 2314; x_wconf 90' lang='lat' dir='ltr'><strong>ductus</strong></span> <span class='ocrx_word' id='word_1_165' title='bbox 1786 2270 1837 2314; x_wconf 89' lang='lat' dir='ltr'><strong>et</strong></span> 
     </span>
     <span class='ocr_line' id='line_1_26' title="bbox 148 2342 1836 2412; baseline -0.001 -17"><span class='ocrx_word' id='word_1_166' title='bbox 148 2346 382 2395; x_wconf 88' lang='lat' dir='ltr'><strong>restituto</strong></span> <span class='ocrx_word' id='word_1_167' title='bbox 415 2345 599 2393; x_wconf 82' lang='lat' dir='ltr'><strong>lumine</strong></span> <span class='ocrx_word' id='word_1_168' title='bbox 634 2345 886 2394; x_wconf 88' lang='lat' dir='ltr'><strong>oculorum</strong></span> <span class='ocrx_word' id='word_1_169' title='bbox 914 2342 1025 2412; x_wconf 84' lang='lat'><em>***)</em></span> <span class='ocrx_word' id='word_1_170' title='bbox 1060 2361 1146 2395; x_wconf 81' lang='lat' dir='ltr'><strong>rex</strong></span> <span class='ocrx_word' id='word_1_171' title='bbox 1180 2344 1425 2410; x_wconf 83' lang='lat' dir='ltr'><strong>Dolopum</strong></span> <span class='ocrx_word' id='word_1_172' title='bbox 1453 2345 1630 2407; x_wconf 80' lang='lat' dir='ltr'><strong>factus,</strong></span> <span class='ocrx_word' id='word_1_173' title='bbox 1664 2345 1836 2394; x_wconf 86' lang='lat' dir='ltr'><strong>simul-</strong></span> 
     </span>
     <span class='ocr_line' id='line_1_27' title="bbox 150 2424 1835 2489; baseline 0 -15"><span class='ocrx_word' id='word_1_174' title='bbox 150 2441 246 2489; x_wconf 86' lang='lat' dir='ltr'><strong>que</strong></span> <span class='ocrx_word' id='word_1_175' title='bbox 295 2426 343 2474; x_wconf 86' lang='lat' dir='ltr'><strong>ei</strong></span> <span class='ocrx_word' id='word_1_176' title='bbox 387 2425 450 2473; x_wconf 89' lang='lat' dir='ltr'><strong>ad</strong></span> <span class='ocrx_word' id='word_1_177' title='bbox 482 2424 740 2474; x_wconf 85' lang='lat' dir='ltr'><strong>levandum</strong></span> <span class='ocrx_word' id='word_1_178' title='bbox 784 2425 1007 2474; x_wconf 86' lang='lat' dir='ltr'><strong>orbitatis</strong></span> <span class='ocrx_word' id='word_1_179' title='bbox 1054 2425 1277 2474; x_wconf 87' lang='lat' dir='ltr'><strong>dolorem</strong></span> <span class='ocrx_word' id='word_1_180' title='bbox 1323 2425 1544 2476; x_wconf 88' lang='lat' dir='ltr'><strong>Achilles</strong></span> <span class='ocrx_word' id='word_1_181' title='bbox 1592 2425 1835 2474; x_wconf 87' lang='lat' dir='ltr'><strong>curandus</strong></span> 
     </span>
     <span class='ocr_line' id='line_1_28' title="bbox 150 2504 1837 2570; baseline 0 -15"><span class='ocrx_word' id='word_1_182' title='bbox 150 2504 532 2567; x_wconf 71' lang='lat' dir='ltr'><strong>educandusque</strong></span> <span class='ocrx_word' id='word_1_183' title='bbox 577 2507 868 2555; x_wconf 87' lang='lat' dir='ltr'><strong>commissus</strong></span> <span class='ocrx_word' id='word_1_184' title='bbox 915 2506 995 2553; x_wconf 87' lang='lat' dir='ltr'><strong>sit.</strong></span> <span class='ocrx_word' id='word_1_185' title='bbox 1059 2505 1116 2554; x_wconf 92' lang='lat' dir='ltr'><strong>In</strong></span> <span class='ocrx_word' id='word_1_186' title='bbox 1159 2505 1240 2554; x_wconf 87' lang='lat' dir='ltr'><strong>his</strong></span> <span class='ocrx_word' id='word_1_187' title='bbox 1286 2521 1431 2570; x_wconf 88' lang='lat' dir='ltr'><strong>quam</strong></span> <span class='ocrx_word' id='word_1_188' title='bbox 1468 2507 1837 2555; x_wconf 80' lang='lat' dir='ltr'><strong>accuratissime</strong></span> 
     </span>
     <span class='ocr_line' id='line_1_29' title="bbox 150 2582 1836 2650; baseline 0.001 -17"><span class='ocrx_word' id='word_1_189' title='bbox 150 2584 357 2648; x_wconf 65' lang='lat' dir='ltr'><strong>Homeri</strong></span> <span class='ocrx_word' id='word_1_190' title='bbox 389 2582 606 2648; x_wconf 83' lang='lat' dir='ltr'><strong>vestigiis</strong></span> <span class='ocrx_word' id='word_1_191' title='bbox 639 2583 929 2649; x_wconf 85' lang='lat' dir='ltr'><strong>Euripidem</strong></span> <span class='ocrx_word' id='word_1_192' title='bbox 963 2584 1201 2634; x_wconf 87' lang='lat' dir='ltr'><strong>institisse</strong></span> <span class='ocrx_word' id='word_1_193' title='bbox 1245 2586 1498 2650; x_wconf 74' lang='lat' dir='ltr'><strong>suspicor-3</strong></span> <span class='ocrx_word' id='word_1_194' title='bbox 1547 2586 1610 2634; x_wconf 86' lang='lat' dir='ltr'><strong>cf.</strong></span> <span class='ocrx_word' id='word_1_195' title='bbox 1656 2587 1712 2635; x_wconf 83' lang='grc' dir='ltr'><strong>ΙΙ.</strong></span> <span class='ocrx_word' id='word_1_196' title='bbox 1748 2585 1836 2649; x_wconf 85' lang='grc' dir='ltr'><strong>ΙΧ,</strong></span> 
     </span>
     <span class='ocr_line' id='line_1_30' title="bbox 149 2662 1837 2731; baseline 0.003 -18"><span class='ocrx_word' id='word_1_197' title='bbox 149 2666 454 2714; x_wconf 76' lang='grc'><strong>479-495.</strong></span> <span class='ocrx_word' id='word_1_198' title='bbox 521 2663 879 2714; x_wconf 89' lang='lat' dir='ltr'><strong>Testimonium</strong></span> <span class='ocrx_word' id='word_1_199' title='bbox 925 2662 1071 2714; x_wconf 87' lang='lat' dir='ltr'><strong>huius</strong></span> <span class='ocrx_word' id='word_1_200' title='bbox 1119 2665 1410 2716; x_wconf 82' lang='lat' dir='ltr'><strong>narrationis</strong></span> <span class='ocrx_word' id='word_1_201' title='bbox 1456 2670 1619 2716; x_wconf 86' lang='lat' dir='ltr'><strong>exstat</strong></span> <span class='ocrx_word' id='word_1_202' title='bbox 1660 2665 1837 2731; x_wconf 81' lang='lat' dir='ltr'><strong>fragm.</strong></span> 
     </span>
    </p>
   </div>
   <div class='ocr_carea' id='block_1_3' title="bbox 181 2816 1493 3511">
    <p class='ocr_par' dir='ltr' id='par_1_18' title="bbox 181 2816 1493 3511">
     <span class='ocr_line' id='line_1_31' title="bbox 222 2816 675 2874; baseline -0.007 -11"><span class='ocrx_word' id='word_1_203' title='bbox 222 2818 264 2874; x_wconf 74' lang='lat'><strong>‘)</strong></span> <span class='ocrx_word' id='word_1_204' title='bbox 292 2818 364 2863; x_wconf 81' lang='lat' dir='ltr'><strong>Cf.</strong></span> <span class='ocrx_word' id='word_1_205' title='bbox 391 2818 537 2874; x_wconf 84' lang='lat' dir='ltr'><strong>Hipp.</strong></span> <span class='ocrx_word' id='word_1_206' title='bbox 566 2816 675 2860; x_wconf 81' lang='lat'>193:</span> 
     </span>
     <span class='ocr_line' id='line_1_32' title="bbox 400 2882 1172 2947; baseline -0.001 -14"><span class='ocrx_word' id='word_1_207' title='bbox 400 2888 646 2947; x_wconf 76' lang='grc' dir='ltr'><strong><em>δνςέρωτες</em></strong></span> <span class='ocrx_word' id='word_1_208' title='bbox 673 2885 730 2944; x_wconf 81' lang='grc' dir='ltr'><strong>δὴ</strong></span> <span class='ocrx_word' id='word_1_209' title='bbox 763 2882 1013 2943; x_wconf 75' lang='grc' dir='ltr'><strong><em>φαινόμεθ’</em></strong></span> <span class='ocrx_word' id='word_1_210' title='bbox 1043 2884 1172 2938; x_wconf 77' lang='grc' dir='ltr'><strong><em>ὄντες</em></strong></span> 
     </span>
     <span class='ocr_line' id='line_1_33' title="bbox 403 2956 1303 3015; baseline -0.001 -11"><span class='ocrx_word' id='word_1_211' title='bbox 403 2956 547 3011; x_wconf 77' lang='grc' dir='ltr'><strong><em>τοῦδ’,</em></strong></span> <span class='ocrx_word' id='word_1_212' title='bbox 576 2956 651 3004; x_wconf 79' lang='grc' dir='ltr'><strong>ὅτι</strong></span> <span class='ocrx_word' id='word_1_213' title='bbox 677 2959 818 3003; x_wconf 82' lang='grc' dir='ltr'><strong><em>τοῦτο</em></strong></span> <span class='ocrx_word' id='word_1_214' title='bbox 848 2959 1028 3015; x_wconf 85' lang='grc' dir='ltr'><strong><em>στίλβει,</em></strong></span> <span class='ocrx_word' id='word_1_215' title='bbox 1056 2956 1175 3003; x_wconf 77' lang='grc' dir='ltr'><strong><em>κατὰ</em></strong></span> <span class='ocrx_word' id='word_1_216' title='bbox 1201 2959 1303 3015; x_wconf 79' lang='grc' dir='ltr'><strong>γᾶν,</strong></span> 
     </span>
     <span class='ocr_line' id='line_1_34' title="bbox 401 3026 1156 3088; baseline 0 -14"><span class='ocrx_word' id='word_1_217' title='bbox 401 3027 463 3074; x_wconf 82' lang='grc' dir='ltr'><strong>δι’</strong></span> <span class='ocrx_word' id='word_1_218' title='bbox 493 3026 802 3088; x_wconf 73' lang='grc' dir='ltr'><strong><em>ἄπειροσύναν</em></strong></span> <span class='ocrx_word' id='word_1_219' title='bbox 831 3026 968 3073; x_wconf 80' lang='grc' dir='ltr'><strong><em>ἄλλου</em></strong></span> <span class='ocrx_word' id='word_1_220' title='bbox 998 3027 1156 3086; x_wconf 84' lang='grc' dir='ltr'><strong><em>βιότου</em></strong></span> 
     </span>
     <span class='ocr_line' id='line_1_35' title="bbox 403 3096 1210 3158; baseline 0.001 -14"><span class='ocrx_word' id='word_1_221' title='bbox 403 3097 519 3145; x_wconf 59' lang='lat' dir='ltr'><strong>noia</strong></span> <span class='ocrx_word' id='word_1_222' title='bbox 550 3099 792 3154; x_wconf 78' lang='grc' dir='ltr'><strong><em>ἀπόδειξιν</em></strong></span> <span class='ocrx_word' id='word_1_223' title='bbox 819 3101 912 3144; x_wconf 74' lang='grc' dir='ltr'><strong>τῶν</strong></span> <span class='ocrx_word' id='word_1_224' title='bbox 939 3096 1029 3143; x_wconf 77' lang='grc' dir='ltr'><strong>ὑπὸ</strong></span> <span class='ocrx_word' id='word_1_225' title='bbox 1060 3100 1210 3158; x_wconf 74' lang='grc' dir='ltr'><strong><em>γαίας,</em></strong></span> 
     </span>
     <span class='ocr_line' id='line_1_36' title="bbox 399 3168 1127 3229; baseline 0 -14"><span class='ocrx_word' id='word_1_226' title='bbox 399 3170 575 3227; x_wconf 76' lang='grc' dir='ltr'><strong><em>μύθοις</em></strong></span> <span class='ocrx_word' id='word_1_227' title='bbox 604 3168 646 3215; x_wconf 87' lang='grc' dir='ltr'><strong>δ’</strong></span> <span class='ocrx_word' id='word_1_228' title='bbox 674 3168 818 3222; x_wconf 78' lang='grc' dir='ltr'><strong><em>ἄλλως</em></strong></span> <span class='ocrx_word' id='word_1_229' title='bbox 846 3168 1127 3229; x_wconf 76' lang='grc' dir='ltr'><strong><em>φερόμεσθα.</em></strong></span> 
     </span>
     <span class='ocr_line' id='line_1_37' title="bbox 210 3241 906 3298; baseline -0.001 -13"><span class='ocrx_word' id='word_1_230' title='bbox 210 3242 269 3298; x_wconf 74' lang='grc'><strong>”)</strong></span> <span class='ocrx_word' id='word_1_231' title='bbox 296 3241 364 3287; x_wconf 86' lang='lat' dir='ltr'><strong>cf.</strong></span> <span class='ocrx_word' id='word_1_232' title='bbox 391 3243 546 3286; x_wconf 82' lang='lat' dir='ltr'><strong>Valck.</strong></span> <span class='ocrx_word' id='word_1_233' title='bbox 575 3243 704 3285; x_wconf 85' lang='lat' dir='ltr'><strong>diatr.</strong></span> <span class='ocrx_word' id='word_1_234' title='bbox 734 3257 782 3298; x_wconf 82' lang='lat' dir='ltr'><strong>p.</strong></span> <span class='ocrx_word' id='word_1_235' title='bbox 805 3241 906 3285; x_wconf 75' lang='lat'><strong>270.</strong></span> 
     </span>
     <span class='ocr_line' id='line_1_38' title="bbox 181 3311 764 3369; baseline -0.007 -11"><span class='ocrx_word' id='word_1_236' title='bbox 181 3313 265 3368; x_wconf 76' lang='lat'><strong>&#39;’*)</strong></span> <span class='ocrx_word' id='word_1_237' title='bbox 296 3313 498 3369; x_wconf 83' lang='lat' dir='ltr'><strong>Propert.</strong></span> <span class='ocrx_word' id='word_1_238' title='bbox 526 3314 582 3368; x_wconf 89' lang='lat'><strong>11,</strong></span> <span class='ocrx_word' id='word_1_239' title='bbox 611 3312 656 3365; x_wconf 91' lang='lat'><strong>1,</strong></span> <span class='ocrx_word' id='word_1_240' title='bbox 683 3311 764 3355; x_wconf 70' lang='lat'><strong>6⁰2</strong></span> 
     </span>
     <span class='ocr_line' id='line_1_39' title="bbox 310 3382 1493 3439; baseline 0.001 -13"><span class='ocrx_word' id='word_1_241' title='bbox 310 3404 314 3407; x_wconf 56' lang='lat'><em>&gt;</em></span> <span class='ocrx_word' id='word_1_242' title='bbox 404 3383 586 3439; x_wconf 74' lang='lat' dir='ltr'><strong>„Tarda</strong></span> <span class='ocrx_word' id='word_1_243' title='bbox 618 3383 880 3427; x_wconf 79' lang='lat' dir='ltr'><strong>Philoctetae</strong></span> <span class='ocrx_word' id='word_1_244' title='bbox 906 3382 1082 3426; x_wconf 81' lang='lat' dir='ltr'><strong>sanavit</strong></span> <span class='ocrx_word' id='word_1_245' title='bbox 1108 3396 1236 3426; x_wconf 77' lang='lat' dir='ltr'><strong>crura</strong></span> <span class='ocrx_word' id='word_1_246' title='bbox 1266 3385 1493 3438; x_wconf 81' lang='lat' dir='ltr'><strong>Machaon,</strong></span> 
     </span>
     <span class='ocr_line' id='line_1_40' title="bbox 524 3453 1453 3511; baseline 0.001 -15"><span class='ocrx_word' id='word_1_247' title='bbox 524 3454 745 3498; x_wconf 79' lang='lat' dir='ltr'><strong>Phoenicis</strong></span> <span class='ocrx_word' id='word_1_248' title='bbox 776 3454 935 3497; x_wconf 78' lang='lat' dir='ltr'><strong>Chiron</strong></span> <span class='ocrx_word' id='word_1_249' title='bbox 962 3453 1122 3498; x_wconf 77' lang='lat' dir='ltr'><strong>lumina</strong></span> <span class='ocrx_word' id='word_1_250' title='bbox 1153 3455 1453 3511; x_wconf 44' lang='lat' dir='ltr'><strong>phillyrides&amp;</strong></span> 
     </span>
    </p>
   </div>
  </div>
 </body>
</html>
