2144 3854
1101 315 1182 371 48

309 461 515 522 Deinde,
549 459 738 508 Thesei
771 458 992 508 absentia
1025 466 1434 520 commemorata,
1470 461 1776 511 occasionem
1809 464 1980 530 arripit

308 541 485 589 amoris
519 540 595 588 sui
627 540 854 588 ardorem
887 539 1230 605 describendi,
1275 542 1406 606 quod
1450 547 1623 607 posset
1655 542 1727 590 sic
1758 541 1979 608 intelligi,

310 620 447 682 quasi
489 619 655 668 mariti
697 620 838 668 nimis
886 619 971 669 diu
1004 622 1218 671 absentis
1254 621 1501 671 desiderio
1534 622 1784 686 flagraret.
1850 622 1979 672 Tum

309 714 507 747 rursus:

961 779 1186 841 „Thesei
1219 781 1390 830 vultus
1425 799 1539 832 amo

440 857 563 908 Illos
591 860 804 925 prioreS,
838 875 961 925 quos
994 861 1117 909 tulit
1150 859 1406 927 quondam
1433 878 1569 927 puer
1600 869 1698 912 etc.

437 940 540 990 Est
573 941 778 1004 genitor
812 940 866 987 in
900 946 955 987 te
987 945 1152 998 totus,
1191 946 1241 988 et
1273 946 1453 989 torvae
1486 947 1663 991 tamen

438 1020 564 1069 Pars
602 1020 778 1086 aliqua
810 1020 990 1068 matris
1022 1020 1202 1069 miscet
1238 1035 1302 1068 ex
1339 1036 1502 1086 aequo
1537 1021 1740 1072 decu3.''

309 1102 565 1151 Postremo
598 1105 799 1164 aperte:

438 1180 551 1242 „Te
584 1180 666 1229 vel
691 1197 792 1245 per
823 1181 987 1245 ignes,
1018 1196 1116 1247 per
1150 1197 1296 1230 mare
1327 1181 1629 1230 immensum
1661 1197 1846 1248 sequar

439 1262 714 1327 Rupesque
750 1266 801 1309 et
839 1276 1041 1322 amneS,
1098 1259 1241 1310 unda
1274 1277 1397 1327 quos
1429 1267 1628 1310 torrens
1659 1262 1840 1328 rapit.-

442 1341 758 1406 Quacunque
789 1356 995 1405 gressus
1028 1341 1226 1402 tuleris,
1262 1341 1359 1390 hac
1397 1357 1572 1390 amens
1608 1341 1804 1406 agar-'³’

309 1422 403 1471 His
450 1421 626 1470 auditis
676 1419 880 1483 visoque
927 1421 1149 1470 mulieris
1201 1420 1375 1470 furore
1419 1421 1747 1486 Hippolytum
1795 1421 1986 1486 pudore

309 1502 548 1551 suffusum
585 1515 641 1549 os
674 1500 823 1564 pallio
857 1500 1044 1550 texisse
1075 1506 1217 1549 recte
1251 1516 1313 1550 ex
1337 1502 1627 1566 cognomine
1661 1499 1985 1566 καλυπτόμε-

307 1598 403 1640 νος
439 1580 711 1629 coniecisse
731 1578 957 1644 Toupius
986 1579 1194 1642 videtur,
1231 1596 1376 1644 quem
1402 1583 1602 1629 secutus
1647 1587 1727 1631 est
1755 1581 1985 1631 Welcke-

309 1677 410 1712 rus.
481 1659 809 1708 Confirmatur
840 1660 964 1708 haec
997 1660 1214 1723 suspicio
1248 1660 1325 1707 his
1361 1658 1621 1724 Hippolyti
1653 1661 1839 1711 verbis:

440 1730 484 1791 ὦ
516 1737 685 1789 πότνι’
721 1735 912 1798 Αἰδώς,
949 1737 1058 1789 εἴθε
1090 1741 1203 1798 τοῖς
1235 1742 1396 1789 πᾶσιν
1429 1738 1644 1803 βροτοῖς

441 1818 678 1882 ξυνοῦσα
707 1817 1094 1884 τᾶναίσχυντον
1127 1816 1318 1885 ἐξῄρου
1353 1820 1582 1884 φρενῶν.

311 1902 506 1951 Ruente
539 1900 720 1967 deinde
752 1901 802 1950 in
834 1901 1090 1965 amplexus
1126 1900 1377 1960 Phaedra,
1425 1916 1592 1949 ensem
1642 1899 1836 1964 stringit
1867 1900 1986 1949 ado-

248 2026 250 2028 .
308 1982 525 2041 lescenS,
563 1979 651 2029 sed
687 1979 856 2029 statim
887 1980 1098 2029 horrens
1132 1980 1314 2038 sceluS,
1349 1981 1543 2029 abiecto
1577 1980 1744 2040 ferro,
1778 1979 1989 2046 aufugit.

309 2061 439 2110 Tum
472 2060 705 2110 familiam
741 2059 1034 2109 clamoribus
1069 2060 1282 2108 concitat
1315 2060 1571 2118 Phaedra,
1621 2058 1989 2124 ostendensque

311 2140 528 2190 criminis
563 2141 781 2203 signum,
829 2140 925 2187 vim
960 2139 1053 2190 sibi
1084 2142 1143 2189 ab
1179 2139 1454 2204 Hippolyto
1487 2140 1688 2189 inlatam
1721 2139 1989 2204 esse’que-

310 2222 454 2270 titur.
522 2220 635 2269 Hoc
681 2235 744 2268 ex
789 2218 1038 2284 Sophocle
1084 2219 1315 2268 haustum
1381 2234 1493 2268 esse
1538 2219 1715 2285 colligo
1749 2234 1810 2269 ex
1843 2235 1988 2284 argu-

309 2301 507 2362 mentis,
546 2315 671 2363 quae
704 2298 832 2348 infra
868 2304 1338 2347 commemoraturus
1365 2314 1491 2348 sum.
1557 2299 1810 2363 Euripidis
1835 2299 1989 2348 vesti-

310 2381 389 2447 gia
421 2382 470 2428 in
518 2379 615 2438 iis,
659 2394 786 2443 quae
829 2377 1314 2443 Pseudoplutarchus
1361 2379 1393 2426 l.
1438 2378 1471 2428 Ι.
1518 2379 1706 2439 refert,
1747 2389 1988 2442 agnosco:

312 2459 342 2511 ὁ
377 2457 451 2520 δέ,
486 2456 804 2519 καταλείψας
829 2452 1060 2523 Ἀθήνας
1092 2454 1205 2509 καὶ
1250 2456 1350 2518 εἰς
1403 2457 1741 2524 Τροιζῆνα
1786 2472 1990 2523 παρα-

310 2539 712 2606 γενόμενος,
747 2537 1085 2604 κυνηγεσίαις
1110 2536 1496 2602 προςανέκειτο.
1570 2540 1701 2606 Τῆς
1733 2536 1802 2590 δὲ
1833 2554 1989 2603 προ-

312 2619 640 2687 αιρέσεως
687 2618 723 2687 ἦ
768 2617 1057 2686 ἀσελγὴς
1111 2619 1550 2686 ἀποτυχοῦσα
1590 2618 1805 2682 ψευδεῖς
1852 2617 1991 2671 κατὰ

309 2706 409 2754 τοῦ
445 2702 726 2768 σώφρονος
758 2699 1030 2761 ἐπιστολὰς
1075 2696 1287 2767 ἐχάραξε
1330 2698 1443 2752 καὶ
1491 2699 1710 2769 βρόχῳ
1752 2699 1826 2751 τὸ
1874 2700 1990 2767 ζῆν

311 2783 615 2851 ἄνήρτησ
628 2799 665 2833 ε.
732 2783 980 2833 Exsecuta
1027 2783 1175 2849 igitur
1218 2787 1294 2831 est
1338 2781 1568 2832 Phaedra
1613 2781 1746 2846 quod
1793 2782 1988 2846 pridem

312 2865 592 2926 constituit,
635 2862 943 2913 moriendum
987 2878 1128 2923 esse5
1160 2861 1255 2910 nisi
1289 2863 1471 2926 optatis
1496 2861 1772 2926 potiretur.
1839 2859 1988 2911 Prae-

311 2951 390 2994 ter
424 2944 647 2994 dolorem
680 2949 847 2992 autem
880 2942 1031 2993 etiam
1063 2942 1359 2993 necessitate
1392 2943 1455 2991 ad
1487 2947 1699 2991 mortem
1732 2941 1829 2991 sibi
1859 2940 1990 2991 infe-

311 3025 513 3074 rendam
549 3026 837 3087 cogebatur:
872 3039 1032 3088 neque
1067 3023 1199 3072 enim
1231 3022 1295 3071 de
1340 3021 1505 3071 reditu
1550 3022 1740 3083 mariti,
1788 3025 1847 3071 u't
1891 3020 1988 3071 So—

309 3104 502 3171 phoclis
535 3103 778 3164 Phaedra,
815 3103 1130 3168 desperabat,
1175 3119 1335 3166 neque
1365 3102 1526 3167 palam
1561 3101 1780 3151 diluendi
1822 3101 1990 3150 crimi-

310 3186 385 3233 nis
433 3184 848 3248 concitandaeque
893 3184 944 3232 in
994 3184 1326 3232 testimonium
1373 3181 1589 3230 familiae
1610 3242 1616 3254 ἱ
1637 3181 1848 3230 facultas
1880 3185 1991 3230 erat

311 3265 373 3327 ei,
408 3281 534 3329 quae
566 3264 727 3329 palam
748 3268 925 3312 sumto
959 3263 1141 3312 vestitu
1185 3261 1316 3311 virili
1358 3262 1673 3311 venatoribus
1720 3275 1778 3309 se
1805 3264 1988 3308 (osten-

312 3344 487 3394 disset.
556 3344 887 3406 Quamobrem
922 3343 1129 3408 reliqua‚
1164 3359 1288 3406 quae
1322 3340 1384 3390 ad
1411 3341 1645 3391 ultionem
1671 3340 1989 3406 pertinerent,

314 3441 426 3474 cum
460 3425 566 3474 sola
598 3424 790 3473 nutrice
823 3428 931 3473 acta
977 3439 1089 3472 esse
1139 3423 1338 3487 opinor,
1389 3422 1571 3470 tradita
1616 3420 1850 3485 epistola,
1895 3435 1990 3484 qua

311 3505 408 3555 vim
442 3505 537 3556 sibi
569 3504 769 3555 inlatam
805 3520 918 3554 esse
950 3503 1173 3553 Phaedra
1207 3502 1560 3554 criminaretur.
