2144 3854
1100 265 1222 323 218

331 420 452 470 artis
486 432 609 484 opus
642 416 774 465 hunc
807 413 1067 480 prologum
1102 428 1215 461 esse
1249 411 1483 462 iudicavit
1518 410 1787 474 GoetbiuS,
1816 418 1868 462 et
1899 429 2005 464 me-

284 530 288 534 -
331 502 443 550 rito.
523 495 818 547 Planissime
869 495 1001 543 enim
1058 492 1282 542 docendo
1328 491 1475 541 simul
1521 496 1672 556 atque
1717 492 2007 557 gravissime

329 577 570 629 movendo
634 577 899 626 maximum
947 579 1247 624 momentum
1309 573 1434 621 facit
1489 573 1690 621 minimo
1745 573 2007 622 verborum

327 659 672 722 actionumque
704 655 974 722 impendio.
1042 656 1140 704 lam
1175 654 1304 702 enim
1338 669 1537 701 saevum
1572 654 1791 714 Orcum,
1842 652 2007 718 gladio

327 743 594 798 armatum,
637 737 792 803 nigris
827 737 918 786 alis
949 735 1227 802 praeditum
1263 734 1511 798 nigrisque
1545 733 1764 782 vestibus
1797 736 2006 794 tectum,

327 818 377 866 in
411 818 612 866 domum
646 818 909 866 intrantem
945 816 1290 880 conspeximus
1320 813 1382 861 ad
1402 813 1604 878 capillos
1623 813 1840 862 feminae
1860 828 2007 879 prae-

328 897 660 947 stantissimae
694 896 950 957 libandos,
986 912 1083 959 qua
1118 895 1381 944 cerimonia
1416 894 1510 942 diis
1544 892 1721 942 inferis
1745 909 2007 943 consacre-

328 983 437 1026 tur:
472 977 832 1037 moribundam,
866 977 1073 1024 animam
1109 982 1364 1038 agentem,
1398 974 1449 1022 in
1482 974 1705 1023 manibus
1738 973 1846 1035 viri,
1881 974 2006 1024 libe-

325 1072 494 1106 rorum
539 1056 931 1118 famulorumque
972 1057 1157 1118 gestari
1207 1056 1507 1116 audivimuS,
1571 1059 1822 1103 extremos
1872 1053 2007 1104 illiu-

326 1137 528 1201 spiritus
571 1136 716 1184 anxie
760 1135 1139 1184 observantium.
1206 1136 1348 1184 Anxii
1389 1136 1630 1184 habemur
1661 1135 1756 1199 ipsi
1790 1133 2008 1196 silentio,

326 1216 458 1280 quod
504 1221 583 1265 est
628 1216 759 1264 circa
805 1214 953 1262 aedes
1015 1215 1208 1281 regias3
1255 1215 1479 1280 cupimus
1525 1215 1740 1279 aliquem
1785 1214 2006 1279 prodire,

325 1297 409 1360 qni
441 1312 532 1345 nos
565 1295 804 1344 certiores
837 1293 1004 1358 faciat,
1039 1296 1167 1344 sitne
1200 1296 1293 1343 iam
1328 1310 1420 1359 pro
1453 1300 1646 1344 mortua
1685 1295 1913 1359 lugenda,
1945 1311 2007 1344 an

324 1376 489 1425 adhuc
523 1375 685 1423 lucem
719 1375 881 1423 videat
913 1375 1111 1439 regina3
1145 1375 1408 1436 timemus,
1457 1390 1522 1424 ne
1567 1375 1733 1424 statim
1767 1376 2006 1440 gemitum

323 1455 403 1504 vel
436 1455 688 1523 planctum
723 1455 801 1503 vel
833 1454 1080 1518 ploratum
1115 1455 1450 1515 exaudiamus,
1485 1471 1581 1519 quo
1613 1460 1775 1504 actum
1809 1471 1924 1504 esse
1943 1455 2008 1505 de

323 1535 405 1584 illa
439 1535 772 1598 significatum
828 1549 990 1597 neque
1035 1540 1200 1583 tamen
1244 1534 1531 1583 defunctam
1579 1551 1694 1583 esse
1737 1535 2006 1594 credimus,

324 1615 485 1680 quoad
517 1614 736 1663 nondum
774 1614 939 1663 crines
965 1612 1195 1662 desectos
1220 1629 1383 1678 neque
1408 1630 1582 1677 aquam
1612 1614 1867 1664 lustralem
1894 1621 2008 1663 ante

324 1700 492 1761 portas
526 1695 577 1742 in
606 1693 851 1742 vestibulo
874 1693 1084 1758 positam
1120 1709 1236 1742 esse
1263 1693 1513 1754 videmus;
1548 1699 1792 1759 optamus,
1826 1700 1883 1746 ut
1914 1694 2008 1744 ali-

323 1774 442 1839 quid
474 1775 639 1823 auxilii
673 1773 952 1822 etiamnunc
985 1775 1289 1835 inveniatur3
1326 1772 1510 1823 frustra
1537 1774 1867 1838 precationes,
1899 1774 2008 1825 fru-

323 1860 427 1904 stra
460 1854 720 1913 sacrificia,
755 1852 940 1902 frustra
975 1854 1282 1902 oraculorum
1318 1854 1702 1903 consultationes
1735 1853 1895 1904 fuisse
1916 1855 2009 1904 do-

322 1935 511 1996 lemus;
557 1949 756 1997 operam
803 1938 856 1980 et
900 1933 1122 1982 officium
1170 1933 1453 1998 Aesculapii
1503 1934 1874 1996 desideramus,
1920 1935 2007 1999 qui

321 2015 458 2065 solus
502 2015 674 2063 duram
709 2013 1052 2061 necessitatem
1099 2014 1296 2062 vincere
1329 2014 1550 2076 potuerit
1583 2013 1828 2077 vitamque
1871 2029 2006 2064 mor-

322 2095 420 2144 tuis
454 2094 748 2152 restituere,
801 2097 1063 2155 antequam
1097 2093 1228 2142 Iovis
1259 2092 1469 2141 fulmine
1505 2093 1852 2154 cohiberetur3
1906 2094 2005 2144 iam

319 2173 594 2224 remedium
629 2171 867 2220 malorum
902 2172 1087 2221 nullum
1120 2173 1334 2236 relinqui
1366 2173 1618 2233 videnteS,
1665 2173 1879 2223 animum
1915 2175 2007 2224 de-

321 2255 640 2319 spondemuS.
708 2251 818 2300 Hos
865 2252 1140 2302 animorum
1184 2253 1395 2301 affectus
1443 2259 1639 2302 caterva
1671 2253 1849 2303 civium
1887 2270 2005 2319 pro-

319 2335 528 2395 nuntiat,
565 2333 676 2398 qui,
714 2333 845 2397 regis
887 2334 1134 2382 mitissimi
1170 2333 1605 2398 benignissimique
1644 2349 1813 2382 amore
1853 2334 2006 2396 ducti,

321 2413 454 2463 illius
490 2413 766 2461 calamitate
799 2429 897 2462 non
932 2414 1085 2462 levius
1122 2430 1264 2477 quam
1302 2415 1410 2478 ipse
1443 2419 1714 2462 moventur.

453 2493 627 2542 Altero
659 2499 774 2541 actu
810 2493 893 2541 illa
930 2495 1118 2554 omnia,
1168 2510 1294 2558 quae
1338 2494 1417 2542 vel
1451 2494 1689 2559 suspicati
1724 2509 1894 2544 sumus
1927 2495 2006 2544 vel

287 2562 292 2566 ’
321 2574 734 2639 exspectavimus,
768 2575 1052 2638 praesentia
1086 2575 1400 2625 exhibentur.
1471 2574 1537 2622 Et
1561 2566 1774 2639 primum
1801 2574 2006 2638 quidem

320 2653 508 2703 famula
541 2653 738 2719 prodit,
791 2669 949 2717 quae,
984 2661 1248 2720 postquam
1284 2655 1502 2705 Alcestin
1537 2669 1739 2718 pronam
1774 2655 1837 2703 ad
1870 2669 2004 2703 mor-

318 2740 422 2784 tem
457 2749 571 2783 esse
605 2734 864 2783 lacrimans
898 2736 1168 2794 nuntiavit,
1214 2739 1394 2799 quanta
1438 2735 1584 2783 animi
1617 2733 1864 2796 aequitate
1898 2731 2004 2782 fato

319 2814 514 2864 obviam
548 2814 681 2874 ierit,
733 2815 966 2863 ostendit.
1034 2815 1160 2864 Nam
1194 2815 1277 2862 ubi
1299 2814 1497 2862 >adesse
1541 2814 1672 2861 diem
1705 2812 1811 2860 fato
1844 2812 2004 2861 desti-

320 2900 484 2944 natam
536 2895 764 2955 senserit,
817 2895 1000 2943 fluviali
1034 2911 1159 2958 aqua
1193 2910 1374 2959 corpus
1409 2894 1628 2941 ablutum
1661 2891 1884 2940 vestibus
1918 2908 2002 2941 re-

318 2974 544 3022 centibus
591 2975 829 3038 purisque
880 2975 1117 3024 decenter
1174 2990 1408 3033 ornasse;
1453 2978 1559 3020 tum
1619 2977 1830 3020 stantem
1887 2976 2002 3020 ante

316 3068 454 3103 aram
487 3052 674 3103 Vestae
709 3069 894 3115 orasse,
930 3060 985 3102 ut
1020 3054 1226 3103 tutelam
1255 3055 1523 3103 liberorum
1547 3067 1747 3100 suorum
1776 3051 1868 3100 dea
1890 3067 2001 3100 sus-

318 3133 487 3197 cipere
521 3132 695 3189 vellet,
743 3138 890 3195 atque
936 3133 1077 3182 alteri
1110 3135 1314 3198 probam
1349 3148 1554 3182 uxorem
1590 3130 2003 3196 iungere„alteri

318 3227 615 3278 generosum
649 3214 894 3272 maritum,
932 3214 1145 3277 denique
1179 3230 1368 3273 curare,
1405 3229 1483 3272 ne,
1517 3211 1649 3260 sicut
1672 3212 1795 3274 ipsa,
1830 3211 2001 3258 imma-

318 3298 430 3340 tura
462 3296 624 3338 morte
657 3292 1052 3354 absumerentur,
1086 3294 1175 3342 sed
1210 3293 1343 3342 beati
1376 3293 1426 3339 in
1461 3292 1616 3356 patria
1652 3290 1803 3338 vitam
1830 3289 2000 3354 exple-

318 3374 433 3422 rent
466 3370 745 3422 iucundam.
815 3372 940 3421 Item
976 3374 1212 3438 deinceps
1233 3373 1446 3435 reliquas
1475 3386 1585 3419 aras
1613 3370 1793 3429 adisse,
1829 3370 1999 3434 singu-

320 3450 395 3501 las
426 3451 574 3500 ramis
608 3452 816 3515 myrteis
851 3453 1095 3516 cinxisse,
1143 3454 1194 3503 in
1229 3451 1429 3516 singulis
1463 3465 1639 3515 preces
1674 3449 1861 3498 fecisse
1894 3449 2000 3498 sine
