2144 3854
1009 306 1133 364 339

235 454 376 506 Poet.
405 469 448 504 c.
478 454 559 504 25.
583 451 749 518 §.192
781 449 922 518 ὀρθὴ
957 451 1005 503 δ’
1040 450 1330 517 ἐπιτίμησις
1359 449 1449 503 καὶ
1482 449 1744 517 ἀλογία,
1778 447 1909 502 ὅταν

234 532 307 601 μὴ
341 532 575 600 ἀνάγκης
611 535 777 599 οὔσης
808 530 973 599 μηδὲν
1024 533 1278 599 χρήσηται
1320 534 1393 603 τῷ
1447 532 1692 600 ἀλόγῳ,
1739 529 1907 596 ὥςπερ

234 613 538 680 Εὐριπίδης
583 619 656 678 τῷ
699 613 863 678 Αἰγεῖ.
943 613 1080 662 Nihil
1126 617 1252 663 enim
1299 615 1532 676 interest,
1580 622 1743 665 utrum
1792 630 1908 663 casu

234 697 431 760 Aegeus
465 698 573 760 ipse
607 695 925 754 interveniat,
973 710 1034 742 an
1085 711 1195 742 cum
1233 710 1292 743 eo
1327 711 1419 758 per
1451 697 1670 744 nuntium
1706 700 1905 759 agatur:
1993 689 2008 704 ‘

234 791 444 839 quorum
478 775 615 836 illud,
649 775 873 838 quoniam
909 773 1176 838 simplicius
1213 779 1306 834 est,
1340 775 1515 823 melius
1550 775 1759 824 dramati
1794 791 1909 824 con-

234 855 380 904 venit.

366 934 536 983 Prodit
569 935 717 997 igitur
751 934 962 998 AegeuS‚
998 933 1098 996 qui,
1137 933 1360 998 exposita
1395 934 1584 983 itineris
1621 952 1793 986 caussa
1827 937 1903 986 in-

233 1014 489 1079 vicemque
523 1013 736 1062 Medeae
770 1013 1050 1062 conditione
1086 1016 1304 1077 cognita,
1339 1015 1570 1079 precibus
1606 1015 1750 1064 huius
1788 1033 1909 1081 sup-

234 1095 444 1160 plicibus
488 1093 762 1150 satisfacit,
809 1109 968 1156 neque
1004 1094 1163 1142 solum
1198 1110 1254 1142 se
1288 1110 1396 1143 eam
1435 1096 1633 1144 civitate
1666 1097 1910 1160 domoque

234 1190 298 1223 ex
332 1174 571 1224 Corintho
607 1171 866 1238 profugam
901 1181 1216 1237 recepturum
1254 1190 1382 1233 esse,
1420 1176 1507 1224 sed
1545 1177 1693 1224 etiam
1731 1177 1911 1225 defen—

234 1270 424 1312 surum,
460 1269 621 1317 neque
655 1253 770 1302 ullis
806 1253 1030 1303 hostibus
1065 1256 1442 1318 exposcentibus
1477 1257 1778 1319 dediturum,
1810 1257 1912 1306 fide

233 1340 287 1383 et
318 1333 634 1382 iureiurando
669 1335 784 1382 dato
819 1334 1098 1397 pollicetur.
1183 1335 1276 1383 His
1330 1337 1544 1399 peractis
1581 1337 1710 1397 abit,
1759 1337 1911 1386 choro

233 1429 347 1462 eum
399 1430 510 1462 cum
556 1413 722 1461 fausta
770 1415 1052 1478 precatione
1098 1420 1450 1479 prosequente.
1516 1416 1699 1463 Medea
1745 1424 1911 1465 autem

232 1509 362 1543 nuinc
397 1493 593 1541 demum
642 1500 840 1558 portum
889 1500 1062 1550 nacta,
1111 1495 1158 1542 in
1193 1511 1370 1558 quem,
1421 1504 1618 1560 sumpto
1655 1495 1717 1544 de
1750 1487 1911 1545 hosti-

233 1573 327 1622 bus
361 1574 632 1637 supplicio,
687 1580 792 1622 tuta
826 1573 1093 1638 perfugere
1128 1577 1314 1638 possit,
1352 1576 1444 1623 sibi
1491 1576 1765 1640 gratulatur
1811 1581 1912 1625 sta-

234 1653 425 1717 timque
458 1654 618 1701 omnia
653 1654 857 1701 consilia
892 1670 978 1702 sua
1013 1655 1163 1702 choro
1198 1656 1371 1719 aperit.
1443 1655 1662 1716 Quorum
1698 1662 1910 1721 partem,

236 1749 364 1797 quae
399 1732 459 1779 ad
496 1749 707 1796 sponsae
741 1734 923 1782 Iasonis
961 1740 1012 1782 et
1044 1735 1429 1799 propinquorum
1464 1736 1571 1782 eius
1596 1751 1766 1784 necem
1797 1752 1911 1800 per-

234 1812 376 1873 tinet,
412 1814 592 1861 chorus
628 1814 819 1862 silentio
850 1815 1156 1878 comprobat,
1191 1814 1459 1863 liberorum
1493 1820 1656 1863 autem
1693 1817 1913 1877 caedem,

236 1899 293 1942 ut
325 1892 594 1950 nefariam,
642 1894 975 1953 abominatum
1024 1895 1112 1942 sed
1160 1895 1347 1943 frustra
1391 1895 1672 1959 obloquitur
1719 1896 1913 1944 mulieri

236 1972 471 2020 obstinati
506 1973 654 2019 animi
686 1973 1049 2036 praefractique
1082 1975 1265 2036 ingenii
1312 1981 1462 2037 atque
1498 1976 1568 2034 ei,
1616 1991 1742 2038 quae
1791 1976 1914 2024 haec

233 2053 328 2100 iam
353 2051 437 2099 diu
461 2051 514 2099 in
534 2052 693 2098 animo
717 2052 914 2100 volvens
934 2053 1266 2117 perpenderit.
1333 2053 1480 2112 „Non
1507 2053 1763 2102 ferendum
1790 2053 1912 2113 est‚”

233 2131 420 2194 iuquit,
465 2147 583 2204 „me
618 2132 678 2179 ab
712 2131 921 2180 inimicis
955 2133 1151 2181 irrideri
1188 2137 1237 2180 et
1269 2133 1471 2197 penitus
1506 2149 1587 2181 me
1620 2136 1914 2198 pessumde-

234 2212 311 2261 dit
343 2211 525 2259 fiducia
558 2211 650 2259 viri
685 2212 1021 2275 perfidissimi.
1092 2212 1250 2261 Nemo
1285 2228 1365 2261 me
1398 2214 1637 2271 inertem,
1691 2214 1914 2262 imbecil-

233 2291 334 2340 lem
366 2292 732 2355 patientemque
766 2293 1042 2349 existimet,
1087 2292 1182 2340 sed
1217 2293 1491 2341 contrariae
1525 2300 1759 2355 naturae,
1803 2310 1914 2359 gra-

234 2386 344 2420 vem
379 2371 612 2428 inimicis,
650 2372 818 2419 amicis
854 2380 1019 2420 autem
1053 2372 1250 2420 utilem:
1302 2373 1474 2419 talium
1511 2373 1640 2421 enim
1677 2375 1773 2421 vita
1807 2375 1915 2438 glo·

236 2434 506 2498 riosissima
541 2450 670 2500 est.’'
738 2450 1024 2513 Perpetrata
1059 2451 1423 2498 carissimorum
1458 2451 1726 2502 liberorum
1763 2453 1915 2502 caede

238 2537 290 2579 et
324 2531 584 2579 commisso
622 2528 838 2577 facinore
882 2529 1236 2577 immanissimo
1289 2531 1455 2578 statim
1503 2546 1532 2579 e
1575 2537 1743 2594 terra,
1790 2548 1916 2597 quae

238 2614 430 2658 tantum
467 2610 646 2658 viderit
678 2609 836 2668 nefas,
872 2625 1132 2675 egressura
1166 2616 1258 2657 est.

369 2689 701 2754 lnterponitur
734 2689 914 2737 deinde
949 2706 1145 2738 carmen
1172 2705 1267 2737 non
1292 2690 1453 2738 minus
1478 2691 1741 2739 iucundum
1772 2707 1916 2755 quam

237 2785 415 2837 grave,
469 2784 565 2832 quo
615 2770 720 2833 ipsa
767 2774 901 2817 terra
935 2769 1309 2817 Atheniensium
1344 2776 1549 2834 propter
1579 2770 1915 2820 felicissimam

239 2850 367 2900 coeli
412 2853 797 2914 temperaturam
844 2848 1058 2897 fecunda
1113 2864 1225 2896 esse
1271 2850 1541 2914 sapientiae
1585 2852 1917 2914 praedicatur,

240 2922 294 2980 et
322 2930 564 2994 quidquid
598 2935 676 2979 est
722 2929 947 2994 pulcrum
990 2934 1352 2992 venustumque
1384 2930 1460 2977 vel
1495 2931 1556 2978 ad
1590 2932 1763 2979 artium
1801 2948 1916 2980 eru-

239 3009 540 3074 ditionisque
573 3009 791 3057 studium
824 3008 901 3057 vel
936 3008 996 3055 ad
1033 3008 1184 3056 decus
1209 3009 1618 3073 honestatemque
1646 3011 1917 3075 pertinens,

240 3089 312 3139 ibi
346 3090 481 3138 nasci
516 3095 568 3138 et
601 3089 825 3138 habitare
860 3090 1077 3137 docetur.
1144 3088 1410 3137 Harmonia
1444 3090 1576 3138 enim
1610 3106 1638 3138 a
1666 3091 1828 3140 Musis
1853 3091 1919 3139 ibi

241 3169 510 3218 constituta
543 3175 637 3228 est,
674 3169 845 3219 Venus
879 3175 1042 3216 autem
1077 3184 1299 3218 rosarum
1335 3175 1469 3218 serta
1494 3175 1736 3235 perpetuo
1762 3170 1918 3234 capil-

241 3247 304 3296 lis
338 3249 593 3298 innectens
627 3251 837 3299 Amores
881 3250 1093 3306 excitat,
1139 3248 1223 3312 qui
1257 3265 1367 3298 cum
1402 3250 1636 3314 sapientia
1673 3249 1919 3298 coniuncti

241 3329 525 3394 multiplicis
572 3330 764 3380 virtutis
809 3333 924 3379 sunt
967 3328 1231 3380 adiutores,
1315 3329 1578 3392 Quomodo
1625 3329 1776 3393 igitur
1817 3334 1917 3377 tam

244 3416 412 3458 sancta
445 3414 644 3474 tamque
678 3426 800 3475 pura
833 3414 968 3458 terra
1001 3414 1052 3457 te
1087 3408 1286 3474 impiam
1335 3408 1602 3471 feminam,
1649 3408 1918 3458 liberorum

241 3488 647 3553 interfectricem,
674 3494 938 3556 receptura
962 3489 1083 3539 est?
1126 3488 1398 3541 Considera
1422 3505 1615 3551 necem,
1637 3503 1783 3552 quam
1810 3502 1918 3536 sus·

1481 3571 1547 3618 22
1560 3567 1587 3597 *
