2176 3874
984 267 1107 328 357

192 435 429 471 successu
465 423 756 484 coeptorum
783 417 1047 466 certiorem
1069 417 1306 467 faciendi.
1363 417 1475 481 Quo
1505 418 1730 483 digresso
1763 435 1872 471 rur-

191 517 277 551 sus
312 501 496 550 chorus
531 500 889 564 interponitur,
933 512 1031 561 quo
1066 498 1246 560 partim
1281 498 1535 548 miseratio
1570 499 1875 552 Philoctetae

189 581 368 647 partim
404 579 664 628 admiratio
699 579 895 643 Ulyssis
931 576 1232 626 declaratur:

323 658 465 719 ἅλις,
504 651 546 708 ὦ
581 658 751 720 βιοτά,

319 738 535 805 πέραινε
567 738 694 804 πρίν
726 755 846 788 τινα
879 735 1172 801 συντυχίαν

318 818 355 887 ἢ
389 821 688 871 κτεάτεσσιν
721 815 866 884 ἐμοῖς
897 815 931 883 ἢ
966 815 1168 882 σώματι
1197 816 1330 882 τῷδε
1362 817 1629 884 γενέσθαι.

321 902 662 964 „Inclute,
694 915 911 967 parva
937 898 1270 965 praedite
1300 904 1559 966 patria,

319 981 608 1031 ,Nomine
643 981 906 1031 celebri
939 980 1262 1047 claroque
1287 987 1571 1047 potens.

325 1063 636 1122 Pectore,
671 1061 955 1111 Achivis
990 1061 1330 1110 classibus
1367 1071 1618 1128 auctor,

327 1144 568 1194 Gravis
600 1141 976 1191 Dardaniis
1009 1141 1323 1208 gentibus
1356 1145 1555 1209 ultor,

314 1221 736 1272 Laertiade”
771 1250 835 1257 —
969 1249 1032 1260 --
1167 1249 1247 1273 —.

318 1302 411 1352 His
435 1303 589 1351 finitis
614 1319 671 1352 ac
689 1303 962 1352 Philocteta
988 1303 1362 1368 expergefacto,
1375 1304 1645 1356 Diomedes
1665 1310 1729 1358 ad
1746 1311 1877 1361 hunc

185 1383 354 1451 paullo
400 1383 647 1432 mitiorem
697 1399 756 1431 ex
791 1383 1043 1432 doloribus
1091 1384 1474 1449 languidumque
1517 1389 1742 1451 accedit,
1791 1393 1876 1455 qui

186 1482 244 1515 ne
290 1481 320 1513 a
354 1463 560 1513 Graecis
607 1462 669 1512 ad
716 1463 851 1511 illum
902 1464 1240 1514 reducendum
1286 1466 1493 1515 missum
1542 1483 1655 1517 esse
1702 1478 1877 1535 aperte

184 1544 465 1610 profitetur.
514 1544 616 1593 Ubi
649 1543 712 1592 de
746 1543 926 1592 Heleni
960 1545 1186 1593 vaticinio
1214 1546 1418 1594 audiens
1449 1546 1769 1612 Philoctetes,
1801 1552 1876 1600 id-

188 1640 288 1689 que
330 1625 627 1673 contrarinm
674 1639 788 1672 esse
836 1624 1006 1674 videns
1040 1626 1199 1690 priori
1233 1625 1492 1691 vaticinio,
1539 1645 1639 1693 quo
1673 1630 1877 1682 iubente

187 1705 440 1769 expositus
477 1710 611 1765 erat,
645 1705 832 1753 haecce
867 1705 1016 1754 dicit:

316 1782 368 1835 τί
402 1783 536 1852 δῆτα
568 1783 767 1844 θώκοις
799 1783 1036 1850 ἀρχικοῖς
1069 1783 1316 1853 ἐνήμενοι

318 1866 504 1931 σαφῶς
539 1863 826 1929 διόμνυσαΎ
862 1864 1055 1917 εἰδέναι
1087 1866 1152 1917 τὰ
1186 1867 1462 1933 δαιμόνων

318 1944 375 1997 οἱ
403 1945 569 1996 τῶνδε
602 1944 943 2010 χειρώνακτες
975 1949 1263 2012 ἄνθρωποι
1294 1950 1473 2014 λόγων
1482 1970 1503 2009 ,-

315 2025 452 2087 ὄςτις
485 2025 588 2093 γὰρ
623 2025 772 2092 αὐχεῖ
805 2028 951 2077 θεῶν
985 2022 1300 2080 ἐπίστασθαι
1332 2029 1472 2094 πέρι,

317 2106 479 2159 οὐδέν
512 2126 563 2158 τι
594 2109 798 2172 μᾶλλον
833 2102 1006 2168 οἶδεν,
1041 2108 1075 2176 ἢ
1111 2109 1284 2161 πείθει
1316 2109 1502 2176 λέγων.

186 2189 399 2240 Miratur
433 2190 642 2250 deinde,
695 2192 827 2255 quod
861 2208 957 2240 non
991 2194 1122 2257 apud
1157 2193 1394 2256 Ulyssem
1430 2192 1665 2242 auxilium
1699 2187 1879 2243 Achivi

186 2276 453 2334 quaerant,
488 2271 577 2319 sed
614 2270 674 2318 ad
712 2287 794 2329 se,
831 2273 1120 2336 propulsum
1156 2280 1306 2337 atque
1341 2275 1616 2334 abiectum,
1661 2275 1876 2327 veniant.

185 2351 398 2400 Dicente
454 2356 617 2399 autem
661 2350 905 2400 Diomede
952 2352 1088 2399 illum
1135 2353 1200 2400 nil
1249 2353 1343 2400 nisi
1389 2353 1695 2417 reipublicae
1744 2355 1877 2403 salu-

186 2438 288 2480 tem
325 2447 499 2479 curare
532 2437 680 2494 atque
714 2432 859 2479 etiam
894 2432 1092 2494 dignum
1119 2432 1342 2480 habitum
1378 2449 1492 2480 esse
1525 2434 1709 2483 iudicio
1741 2436 1876 2500 prin-

189 2513 383 2576 cipum,
421 2511 502 2573 qui
536 2512 685 2559 armis
722 2511 927 2559 Achillis
963 2512 1264 2572 donaretur,
1300 2512 1569 2561 exclamat:

316 2616 386 2626 -·
517 2617 585 2626 ——
729 2590 890 2648 „heu
932 2590 1274 2652 Mulciber,

315 2671 519 2719 Arma
548 2671 798 2735 ignavo
823 2688 886 2720 es
911 2671 1594 2736 invictasabricatus
1621 2677 1876 2724 manuP'

187 2751 317 2801 Tum
366 2752 552 2800 diserta
600 2757 653 2799 et
697 2753 832 2815 gravi
885 2754 1109 2800 oratione
1156 2751 1422 2801 Diomedes
1480 2754 1527 2802 ei
1573 2757 1877 2819 persuadere

187 2834 386 2891 studet,
422 2840 475 2881 ut
508 2832 813 2880 iracundiam
850 2834 1037 2897 patriae
1071 2834 1342 2881 condonet:

320 2909 488 2978 ὥςπερ
523 2909 580 2962 δὲ
611 2907 817 2978 θνητὸν
853 2910 942 2962 καὶ
973 2910 1033 2962 τὸ
1069 2912 1201 2977 σῶμ’
1236 2911 1390 2979 ἡμῶν
1424 2911 1548 2976 ἔφυ,

321 2992 460 3045 οὕτω
494 2993 740 3060 προςήκει
773 2991 906 3059 μηδὲ
941 2992 1038 3059 τὴν
1072 2991 1239 3059 ὀργὴν
1272 2993 1407 3059 ἔχειν

318 3073 611 3135 ἀθάνατον,
648 3073 784 3135 ὄςτις
818 3078 1123 3140 σωφρονεῖν
1157 3071 1427 3126 ἐπίσταται

317 3185 382 3193 ι--ι
517 3184 575 3192 -ι
712 3184 777 3193 -ι-
908 3184 1172 3192 -—--—-
1305 3185 1368 3194 ..—

319 3233 510 3301 πατρὶς
542 3236 716 3297 καλῶς
749 3236 1066 3301 πράσσουσα
1098 3231 1194 3288 τὸν
1226 3235 1508 3304 α’τυχοῦντ’
1543 3234 1624 3287 ἀεὶ
1637 3236 1686 3303 *)

254 3405 302 3461 ⁹⁶)
329 3406 475 3462 Vulgo
515 3408 812 3463 pessumdatis
838 3407 1036 3452 numeris
1076 3404 1160 3452 τὸν
1198 3403 1459 3465 εὐτυχοῦντ’
1489 3403 1566 3453 ἀεί
1572 3422 1585 3459 3
1623 3419 1729 3451 mox
1765 3406 1875 3458 δυς-

334 3492 577 3533 τυχουντα.
