2144 3854
1191 297 1238 350 *2

530 442 758 508 Optimae
814 440 934 490 fidei
977 441 1073 490 hoc
1123 455 1234 489 esse
1281 438 1611 488 testimonium
1673 437 1959 488 Welckerus
2005 441 2051 488 in

398 524 540 582 libro,
576 536 719 583 quem
753 519 816 568 de
848 520 1111 585 tragoediis
1147 519 1352 569 Graecis
1388 518 1677 583 composuit,
1713 535 1760 582 p.
1784 520 1882 568 446
1914 535 2051 584 seqq.

399 600 629 650 ostendit.
707 597 954 647 Correctis
1003 600 1151 662 igitur
1198 600 1441 648 erroribus
1493 598 1757 663 lapicidae,
1815 613 1959 661 quem
2007 600 2056 648 in

400 679 655 728 exarandis
687 678 868 726 litteris
897 679 1092 743 saepius
1118 678 1306 743 lapsum
1335 694 1447 727 esse
1472 678 1556 726 ille
1578 678 1655 726 vir
1678 679 1854 727 doctus
1883 684 2056 728 osten-

400 759 491 818 dit,
526 758 883 823 duplicatisque
918 758 1190 807 nominibus
1219 758 1295 816 iis,
1331 773 1454 821 quae
1479 757 1604 806 binis
1629 757 1808 806 fabulis
1839 773 2054 806 commu·

400 838 479 886 nia
511 837 668 886 fuisse
702 841 917 898 constat,
967 853 1029 885 ex
1062 842 1224 885 mente
1259 837 1390 897 eius,
1426 837 1509 899 qui
1542 837 1623 884 illa
1655 838 1850 885 nomina
1884 852 2055 901 opera-

400 917 471 966 rio
516 915 746 965 imitanda
791 920 1143 981 proposuerat,
1189 917 1310 965 haec
1359 916 1579 965 dramata
1626 917 1674 964 in
1716 917 1881 981 priore
1927 916 2058 965 serie

400 995 636 1045 nominari
669 995 981 1061 intelligitur:

435 1083 482 1131 1.
519 1073 725 1139 Αἰγεύς.
1263 1078 1346 1125 12.
1376 1070 1656 1138 Ἀρχέλαος.

435 1163 486 1211 2.
523 1153 734 1212 Α’ίολος.
1265 1157 1340 1204 13.
1379 1154 1546 1218 Αὔγη.

435 1244 484 1291 3.
517 1232 863 1299 Ἀλέξανδρος.
1264 1236 1342 1284 14.
1379 1232 1697 1293 Αὐτόλυκος.

435 1322 483 1371 4.
506 1310 792 1381 Ἄλκηστις.
1266 1318 1341 1367 15.
1381 1314 1593 1381 Βάκχαι.

437 1402 482 1452 5.
519 1394 810 1460 Ἀλκμαίων
843 1394 872 1444 ὅ
905 1394 991 1446 διὰ
1020 1398 1203 1461 Ψωφῖ-
1265 1399 1342 1447 16.
1382 1392 1815 1459 Βελλεροφόντης.

570 1476 676 1535 δος.
1265 1480 1343 1528 17.
1381 1475 1642 1540 Βούσιρις.

437 1561 487 1609 6.
523 1553 811 1620 Ἀλκμαίων
837 1554 866 1605 ὁ
898 1553 985 1605 διὰ
1013 1553 1206 1618 Κορίν-
1266 1561 1343 1607 18.
1380 1555 1586 1620 Δανάη.

566 1638 691 1685 θου.
1267 1639 1345 1687 19.
1383 1636 1597 1694 Δίκτυς.

438 1721 486 1767 τ.
522 1715 726 1779 Ἀλόπῃ.
1265 1719 1346 1767 20.
1372 1708 1583 1780 Ἑκάβη.

440 1801 487 1848 8.
523 1794 862 1860 Ἀνδρομάχη.
1267 1799 1346 1847 21.
1373 1789 1569 1860 Ἑλένη.

439 1881 490 1929 9.
524 1873 853 1940 Ἀνδρομέδα.
1268 1880 1348 1928 22.
1384 1877 1617 1940 (Ἐπηος)
1653 1874 1928 1933 Ἐπωπεύς.

411 1960 489 2008 10.
525 1955 808 2021 Ἀντιγόνη.
1268 1959 1347 2006 23.
1386 1953 1672 2021 Ἐρεχθεύς.

411 2038 488 2086 11.
524 2035 778 2101 Ἀντιόπη.
1269 2037 1349 2087 24.
1385 2034 1714 2100 Εὐρυσθεύς.

539 2117 830 2165 Rectissime
864 2116 1046 2166 omissa
1078 2118 1156 2164 est
1189 2115 1355 2166 fabula
1379 2111 1656 2182 Ἀλκμήνη,
1692 2129 1836 2179 quam
1860 2112 2066 2162 eandem

410 2199 555 2259 atque
606 2196 912 2259 Licymnium
958 2194 1111 2244 fuisse
1162 2197 1255 2244 alio
1301 2197 1408 2245 loco
1461 2198 1882 2245 demonstraturus
1938 2207 2065 2243 sum.

412 2275 692 2339 Iphigeniae
738 2281 788 2323 et
834 2275 996 2324 Inonis
1044 2276 1235 2324 nomina
1279 2293 1538 2340 perperam
1572 2271 1880 2340 Εἰφιγένεια
1920 2277 2068 2336 atque

413 2351 559 2403 Εἰνώ
592 2355 775 2419 scripta
808 2361 951 2419 atque
983 2356 1060 2416 iis,
1096 2371 1300 2420 quorum
1333 2357 1487 2419 prima
1521 2356 1684 2404 littera
1712 2355 1765 2404 E
1785 2359 1880 2410 est,
1914 2354 2067 2401 inter-

413 2435 559 2481 mixta
594 2439 718 2482 sunt.
786 2434 929 2495 Quod
961 2434 1132 2483 ultimo
1177 2434 1286 2483 loco
1331 2435 1568 2498 scriptum
1613 2439 1691 2484 est
1735 2446 1943 2491 nomen,
1986 2429 2069 2478 alii

415 2512 698 2572 ΕΠΕΟΣ,
744 2513 1033 2562 Welckerus
1069 2513 1324 2562 ΕΠΗΟΣ
1351 2530 1462 2562 esse
1494 2519 1756 2563 testantur.
1783 2560 1786 2562 ,
1821 2513 1922 2562 Aut
1954 2510 2066 2570 hos,

415 2597 498 2640 aut
542 2592 816 2655 operarium
863 2608 1055 2640 errasse
1103 2599 1153 2642 et
1199 2594 1391 2658 Epopei
1435 2609 1610 2642 nomen
1656 2594 1705 2642 in
1749 2593 1908 2640 locum
1942 2589 2070 2654 Elpei

414 2671 770 2719 restituendum
803 2687 931 2731 esse,
966 2688 1024 2719 eo
1059 2672 1185 2731 loco,
1222 2689 1316 2738 quo
1342 2674 1405 2720 de
1427 2672 1520 2720 hac
1549 2673 1712 2721 fabula
1736 2671 2066 2735 explicaturus

416 2766 551 2811 sum,
586 2750 945 2800 demonstrabo.
1014 2752 1218 2816 Reliqua
1252 2753 1357 2800 eius
1392 2751 1536 2799 seriei
1567 2754 1710 2815 pars,
1758 2764 1883 2813 quae
1916 2747 2066 2796 couti-

415 2829 564 2877 nebat
594 2829 702 2876 fere
734 2845 792 2877 ea
824 2831 1041 2892 nomina,
1093 2847 1297 2894 quorum
1331 2830 1515 2893 primae
1547 2829 1741 2878 litterae
1764 2828 1835 2891 H,
1873 2828 1919 2879 Θ
1951 2833 2004 2877 et
2039 2827 2075 2875 Ι

417 2911 557 2967 sunt,
603 2908 818 2955 abscissa
859 2914 951 2959 est.
1018 2911 1155 2959 Haec
1199 2910 1396 2968 lacuna,
1444 2908 1624 2956 additis
1671 2909 1733 2957 iis
1775 2908 2067 2968 nominibus,

416 3001 542 3049 quae
574 2984 766 3034 litterae
798 2988 851 3035 E
879 3004 1138 3052 perperam
1170 2989 1385 3037 immixta
1418 2992 1560 3049 sunt,
1608 2987 1749 3038 hisce
1793 2989 2067 3039 fabularum

415 3063 690 3113 nominibus
724 3066 964 3130 explenda
997 3083 1108 3117 esse
1139 3069 1360 3117 videtur:

416 3145 495 3192 25.
529 3138 794 3207 Ἠλέκτρα.
1273 3148 1350 3194 30.
1377 3135 1622 3205 Ἱκέτιδες.

419 3224 498 3270 26.
526 3213 787 3288 Ἡρακλῆς
823 3224 1150 3290 μαινόμενος.
1271 3227 1349 3273 31.
1383 3221 1511 3273 Ἰνώ.

419 3305 498 3351 27.
518 3293 868 3365 Ἡρακλεῖδαι.
1271 3306 1350 3352 32.
1384 3301 1560 3364 Ἰξίων.
1820 3346 1822 3348 ,
1951 3360 1953 3362 ,

420 3383 500 3431 28.
537 3380 795 3444 Θερισταί.
1045 3423 1049 3426 Α
1273 3386 1352 3432 33.
1378 3374 1684 3445 Ἱππόλυτος
1738 3382 1770 3433 6
1813 3383 2068 3436 mimd-
2102 3448 2104 3450 v

421 3461 500 3511 29.
537 3460 752 3526 Θησεύς.
1435 3479 1604 3527 μενος.
