2176 3874
1114 280 1237 336 492

336 430 572 497 temporis
607 428 800 492 locique
826 426 1115 492 angustiam,
1149 442 1241 491 qua
1268 426 1486 475 actiones
1510 426 2013 491 includendaexerant,

339 530 367 561 a
385 512 543 575 poetis
563 509 783 573 quamvis
802 506 994 555 callidis
1013 506 1391 571 sollertibusque
1413 507 1535 555 satis
1567 509 1711 557 vitari
1728 514 2013 573 potuerunt.

335 590 502 639 Licuit
535 591 685 653 igitur
718 589 878 653 poetis
912 587 964 635 in
997 585 1291 651 effingendis
1327 587 1508 634 fabulis
1557 587 1802 638 theatrum
1838 590 2017 639 callide

334 671 527 729 fallere,
550 675 834 732 temporum
859 667 1177 730 locorumque
1205 668 1361 730 spatia
1382 666 1530 714 modo
1553 669 1847 718 contrahere
1866 669 2015 718 modo

334 750 654 814 amplificare,
689 763 944 813 personas,
980 752 1129 812 prout
1160 762 1280 795 usus
1308 752 1456 806 esset,
1491 746 1569 795 vel
1604 748 1901 798 intervenire
1933 765 2016 798 re-

333 830 455 888 bus,
500 829 630 877 fama
663 828 943 890 nuntiisque
978 827 1196 885 excitas,
1242 827 1318 874 vel
1354 827 1504 874 celari
1538 827 1757 892 fingere,
1805 832 1859 878 et
1890 829 2015 878 ima·

335 910 522 974 ginaria
555 911 626 958 sic
661 908 821 971 sequi,
856 915 911 955 ut
944 906 1266 955 subtilissimo
1300 907 1482 954 iudicio
1507 907 1758 971 explorata
1785 924 1896 957 cum
1930 925 2015 958 ve-

335 989 406 1039 ris
439 1005 539 1038 non
574 988 760 1054 optime
794 990 1135 1050 congruerent.
1202 985 1361 1034 Recte
1388 986 1536 1050 igitur
1558 993 1730 1036 noster
1753 1003 2016 1052 personam

335 1069 509 1132 Xuthi,
542 1069 594 1117 in
630 1084 729 1132 qua
761 1068 946 1115 nullum
981 1081 1148 1114 rerum
1182 1072 1486 1116 momentum
1516 1072 1668 1128 esset,
1701 1067 1850 1118 iussit
1881 1084 1912 1116 a
1935 1084 2015 1118 re-

335 1150 481 1214 liquis
517 1149 786 1197 actionibus
821 1147 1013 1194 abesse.

471 1228 629 1292 Digna
664 1233 791 1288 sunt,
827 1241 954 1288 quae
988 1226 1389 1287 transcribamus‚
1423 1228 1573 1276 verba
1607 1225 1847 1276 Demetrii
1877 1227 2018 1278 Phal-

336 1308 426 1374 (cf.
461 1308 611 1357 Rhet.
663 1323 735 1370 gr.
780 1305 859 1355 ed.
909 1305 1068 1354 Walz.
1112 1306 1172 1354 T.
1209 1305 1337 1356 Vlll.
1386 1323 1433 1371 p.
1471 1307 1609 1371 584.)
1657 1309 1720 1356 ad
1768 1308 2016 1357 actionem

337 1387 518 1436 cantici
563 1387 708 1450 primi
757 1385 1077 1446 pertinentia:
1128 1381 1235 1436 ἔστι
1283 1381 1340 1436 δὲ
1386 1383 1476 1436 καὶ
1520 1387 1651 1437 ἄλλα
1696 1387 2017 1454 θεωρήματα

334 1464 678 1531 ὗποκριτικά,
725 1457 844 1515 οἷον
878 1462 908 1515 ὁ
940 1463 1087 1527 παρὰ
1119 1471 1192 1532 τῷ
1227 1465 1496 1533 Εὐριπίδῃ
1513 1459 1666 1528 Ἴων,
1702 1466 1732 1518 ὁ
1765 1467 1889 1529 τόξα
1923 1466 2016 1533 ἀρ-

334 1548 519 1609 πάζων
535 1544 625 1598 καὶ
647 1550 719 1611 τῷ
744 1545 924 1614 κύκνῳ
949 1545 1177 1598 ἀπειλῶν
1203 1553 1275 1614 τῷ
1296 1550 1477 1610 ὄρνιθι
1509 1545 1632 1612 [καὶ]
1657 1546 2019 1600 ἀποπατοῦντι

337 1626 473 1680 κατὰ
506 1629 614 1678 τῶν
647 1626 981 1693 ἀγαλμάτων.
1051 1626 1161 1677 Καὶ
1193 1627 1296 1694 γὰρ
1328 1628 1558 1694 κινήσεις
1589 1626 1789 1688 πολλὰς
1809 1627 2020 1695 παρέχει

336 1710 412 1779 τῷ
446 1707 706 1775 ὑποκριτῇ
743 1707 773 1760 ὁ
809 1707 893 1760 ε’πὶ
928 1707 991 1758 τὰ
1023 1707 1149 1771 τόξα
1184 1708 1381 1776 δρόμος
1415 1708 1505 1760 καὶ
1535 1709 1570 1777 ἡ
1602 1709 1735 1775 πρὸς
1758 1709 1853 1760 τὸν
1887 1707 2018 1773 ἀέρα

335 1790 624 1856 ἀνάβλεψις
655 1795 754 1841 τοῦ
788 1790 1097 1854 προςώπου,
1148 1789 1529 1857 διαλεγομένου
1563 1796 1636 1856 τῷ
1671 1789 1881 1858 κύκνῳ,
1929 1789 2020 1842 καὶ

334 1871 370 1939 ἦ
413 1868 571 1937 λοιπὴ
629 1876 772 1922 πᾶσα
829 1870 1197 1938 διαμόρφωσις
1246 1872 1380 1939 πρὸς
1437 1872 1533 1924 τὸν
1591 1869 1887 1938 ὑποκριτὴν
1931 1887 2019 1922 πε-

334 1949 608 2018 ποιημένη.
676 1953 754 2002 Ex
798 1954 879 2002 his
926 1953 1224 2002 celebratam
1271 1956 1323 2004 in
1365 1956 1574 2004 theatris
1622 1955 1749 2003 hanc
1798 1953 2017 2004 fabulam

335 2034 497 2083 fuisse
543 2037 769 2099 apparet.
849 2034 918 2082 Et
964 2034 1183 2083 artifices
1233 2050 1426 2098 quoque
1470 2036 1603 2082 illam
1659 2034 1840 2082 imitati
1887 2039 2017 2083 sunt.

335 2114 463 2163 Nam
499 2115 778 2177 amphorae·
799 2112 1072 2172 cuiusdam,
1109 2129 1234 2176 quae
1266 2114 1406 2160 Pesti
1439 2114 1634 2161 inventa
1669 2118 1762 2171 est,
1798 2111 2019 2174 imagini-

335 2194 429 2244 bus
464 2194 548 2242 Ion
582 2199 790 2241 matrem
826 2193 885 2239 ab
921 2207 1005 2239 ara
1029 2191 1322 2240 abstrahens
1347 2192 1709 2256 repraesentari
1730 2191 1923 2239 videtur
1943 2189 2017 2254 *).

336 2273 649 2339 Scriptorum
675 2273 735 2320 ad
755 2272 851 2319 hoc
873 2271 1040 2319 drama
1058 2280 1383 2335 respexerunt
1403 2272 1581 2320 Strabo
1618 2269 1770 2334 (VIII.
1791 2287 1839 2334 p.
1861 2269 2018 2334 356),

339 2354 553 2403 lustinus
589 2352 767 2409 Mart.,
805 2352 1036 2400 Clemens
1071 2352 1245 2411 Alex„
1291 2351 1527 2414 Virgilius
1563 2346 1709 2415 (Aen.
1744 2350 1830 2411 Ill,
1863 2348 2020 2413 490.)‚

339 2433 688 2497 Apollodorus,
724 2432 1034 2488 EustathiuS,
1062 2431 1322 2492 Stobaeus,
1347 2431 1630 2495 Hesychius
1657 2435 1707 2478 et
1725 2430 2021 2479 scholiastae

338 2513 744 2579 grammaticique
792 2511 1090 2576 complureS.
1167 2511 1394 2576 Magnam
1443 2512 1568 2560 haec
1602 2510 1767 2560 fabula
1810 2511 2020 2575 gratiam

339 2594 416 2643 vel
451 2592 583 2658 apud
619 2594 978 2656 vituperatores
1015 2592 1269 2658 Euripidis
1304 2599 1509 2657 propter
1541 2607 1706 2639 rerum
1743 2591 2019 2654 elegantem

340 2673 730 2738 implicationem
765 2673 890 2732 iniit,
925 2689 1134 2735 quorum
1169 2673 1228 2722 A.
1266 2672 1364 2722 Gu.
1401 2672 1711 2736 Schlegelius
1738 2671 1884 2719 etiam
1903 2670 2020 2719 imi-

336 2759 467 2803 tatus
515 2760 621 2816 est,
665 2754 754 2802 sed
799 2753 1172 2819 perrersissima
1221 2754 1413 2802 ratione
1428 2768 1443 2814 3
1494 2751 1607 2799 vide
1641 2751 1923 2801 Herderum
1968 2749 2020 2800 in

339 2851 454 2900 opp.
491 2834 551 2882 ad
589 2840 719 2882 artes
753 2835 986 2899 ingenuas
1019 2834 1198 2897 pertin.
1234 2834 1294 2883 T.
1327 2831 1503 2884 XVIII.
1537 2848 1587 2896 p.
1626 2833 1736 2882 14⁷.

396 3002 448 3056 ἢ
482 2999 550 3042 Cf.
586 2999 880 3043 illustrazioni
924 2999 971 3042 di
1010 3001 1096 3042 due
1136 2999 1236 3043 vasi
1283 2999 1403 3042 fittili
1445 3001 1527 3040 etc.
1566 3000 1742 3040 trovato
1780 2997 1826 3039 in
1868 2997 2017 3049 Pecto,

479 3071 631 3113 Roma
668 3069 792 3115 1809.
861 3071 928 3112 De
970 3072 1145 3114 Helena
1190 3070 1416 3127 Aegyptia
1458 3068 1601 3112 editor
1641 3067 1893 3125 dubitanter
1942 3079 2017 3108 com

481 3140 608 3197 gitat.
