2144 3854
964 274 1038 330 71

162 422 591 487 (ἄπταιστον)
627 418 813 483 εἰςοέγει
845 417 941 468 τὸν
973 415 1123 484 ἥρωα
1155 413 1214 468 ἐν
1245 422 1318 485 τῷ
1352 417 1577 471 Φοίνικι.
1643 417 1834 470 Nihilo-

162 504 319 551 minus
355 508 522 569 pater,
564 502 661 550 hoc
706 499 982 548 coniectans
1018 496 1263 563 (ὀϊσθείς)
1300 515 1361 548 ex
1395 514 1472 563 eo,
1507 499 1639 565 q'ssu‘od
1675 500 1835 550 minus

163 598 218 631 se
260 582 523 631 iucundum
568 578 733 646 pellici
778 594 890 628 esse
935 579 1179 628 sentiebat
1225 575 1358 644 (nam
1391 577 1584 646 πικρὸν
1615 576 1710 648 νέᾳ
1739 594 1835 645 γυ-

162 660 310 713 ναικὶ
344 659 641 727 πρεσβύτης
686 656 871 724 ἀνήρ),
922 660 1154 709 continuo
1196 674 1287 723 pro
1339 661 1608 724 exploratis
1653 661 1838 712 habere

165 743 331 808 coepit
383 759 508 807 quae
540 739 803 804 inquirenti
837 738 999 802 pellex
1032 740 1278 788 indicavit.
1347 739 1446 788 Sed
1469 741 1594 790 haec
1617 745 1836 807 postmo-

163 823 279 871 dum
313 826 592 871 evenerunt.
657 818 855 866 Nullum
890 820 1118 882 equidem
1152 820 1322 868 matris
1354 820 1543 885 filiique
1568 821 1631 870 de
1658 838 1715 872 re
1736 830 1839 871 tam

164 901 347 951 lubrica
380 899 673 962 colloquium
707 914 736 946 a
768 903 916 961 poeta
949 899 1217 947 exhibitum
1251 899 1410 947 fuisse
1445 906 1634 960 statum
1676 902 1838 966 potius

160 982 389 1047 pellicem
414 981 568 1044 ipsam
592 978 820 1043 prodisse
854 983 989 1042 puto,
1026 985 1172 1043 atque
1200 980 1519 1029 altercatione
1534 981 1735 1046 reginae
1751 996 1839 1028 ex-

162 1061 434 1111 acerbatam
455 1074 583 1119 esse,
604 1064 659 1107 ut
683 1057 996 1122 Phoenicem,
1018 1059 1148 1122 quod
1165 1065 1343 1108 etcum
1370 1066 1527 1110 matre
1555 1055 1842 1125 conspirare

164 1146 217 1190 et
242 1140 374 1190 solus
392 1139 674 1203 impotentis
695 1138 917 1187 mulieris
945 1139 1196 1188 ambitioni
1213 1140 1411 1188 obstare
1430 1141 1701 1201 videbatur,
1725 1155 1841 1206 per-

161 1221 283 1270 dere
317 1219 654 1269 constitueret.
721 1218 992 1284 Utramque
1026 1220 1154 1268 enim
1179 1219 1409 1268 feminam
1429 1220 1481 1269 in
1503 1236 1699 1269 scenam
1725 1235 1843 1285 pro-

160 1301 360 1350 ductam
393 1316 506 1349 esse
554 1299 670 1348 inde
711 1303 878 1364 patet,
928 1300 1058 1363 quod
1093 1301 1286 1349 nomina
1318 1301 1574 1364 utriusque
1629 1316 1845 1349 comme-

161 1385 442 1438 morantur,
489 1396 650 1444 neque
699 1379 901 1443 reliquis
950 1380 1223 1430 actionibus
1257 1397 1423 1429 earum
1458 1380 1846 1429 adhibendarum

162 1460 311 1510 ullam
357 1461 768 1525 opportunitatem
817 1460 970 1508 fuisse
1015 1460 1171 1509 video.
1247 1459 1375 1509 Tum
1422 1460 1705 1510 Alcimedae
1749 1475 1847 1511 non

162 1540 387 1601 leviores,
419 1556 563 1604 quam
596 1539 837 1602 Phthiae,
884 1539 934 1587 in
983 1541 1252 1589 conflandis
1297 1540 1436 1588 malis
1471 1547 1639 1607 partes
1671 1540 1847 1598 fuisse,

169 1637 230 1670 ex
263 1619 448 1668 indicio
483 1619 689 1683 pictoris
724 1618 931 1666 coniicio
965 1615 1215 1682 Cyziceni,
1250 1620 1333 1684 qui
1366 1626 1745 1685 repraesentans
1772 1635 1847 1680 ea,

168 1715 292 1765 quae
324 1699 454 1747 intus
488 1705 604 1747 sunt
635 1702 762 1756 acta,
797 1698 1024 1764 profecto
1057 1714 1155 1748 non
1188 1699 1382 1749 videtur
1414 1701 1696 1750 Alcimedae
1730 1714 1847 1764 per-

167 1795 336 1830 sonam
370 1779 675 1827 adhibiturus
711 1771 898 1837 fuisse,
948 1779 1040 1828 nisi
1083 1778 1256 1827 eadem
1303 1784 1444 1829 antea
1474 1780 1526 1829 in
1560 1794 1708 1829 scena
1739 1792 1849 1827 ver-

167 1865 269 1908 sata
299 1875 406 1908 rem
439 1859 545 1922 ipsa
577 1858 874 1906 intricasset.
952 1857 1080 1907 Iram
1128 1858 1339 1907 Phthiae
1385 1859 1670 1909 altercando
1715 1857 1848 1908 exci-

168 1944 317 1988 tatam
349 1940 473 1987 haec
508 1937 782 1986 declarant:

298 2018 544 2081 „Quam
577 2018 661 2066 mi
696 2033 772 2067 ea·
801 2032 913 2066 ore
941 2019 1314 2067 orationem
1345 2017 1619 2068 duriter
1648 2017 1851 2068 dictis

943 2097 1174 2147 dedit!
1188 2098 1218 2121 '⁷
1233 2096 1285 2162 *)

167 2179 269 2228 Iam
302 2182 414 2227 ante
446 2177 736 2226 feminarum
771 2178 1141 2237 altercationem
1178 2177 1517 2243 prodeundum
1553 2178 1649 2228 fuit
1683 2180 1851 2242 choro,

165 2275 312 2323 quem
356 2257 684 2323 compositum
726 2257 883 2307 fuisse
930 2274 993 2307 ex
1038 2259 1127 2319 iis,
1173 2275 1297 2322 quos
1332 2254 1451 2317 ἔτας
1481 2256 1572 2308 καὶ
1603 2251 1855 2320 ἀνεψιοὺς

166 2338 493 2388 adolescentis
519 2338 782 2386 nominavit
805 2337 1070 2400 Homerus,
1105 2339 1222 2387 inde
1244 2345 1466 2404 apparet,
1502 2340 1631 2404 quod
1666 2340 1852 2389 amici

167 2422 227 2470 ab
273 2418 523 2466 Phoenice
569 2418 680 2482 ipso
725 2417 1049 2482 appellantur.
1128 2419 1319 2467 Horum
1368 2420 1420 2468 in
1468 2421 1714 2470 consortio
1759 2421 1850 2469 ho-

167 2498 461 2547 nestissimis
494 2497 670 2545 studiis
703 2497 840 2546 illum
876 2514 1077 2562 operam
1122 2498 1353 2562 dedisse,
1410 2505 1463 2548 et
1495 2515 1557 2548 ex
1588 2501 1679 2562 iis,
1728 2515 1853 2563 quae

168 2579 219 2627 in
251 2576 541 2625 defensione
573 2576 903 2624 adolescentis
939 2584 1398 2639 commemorantur,
1435 2584 1485 2628 et
1520 2596 1581 2629 ex
1612 2580 1692 2629 his
1716 2580 1854 2629 chori

167 2657 331 2707 verbis
363 2654 681 2720 intelligitur:
972 2714 975 2716 .

300 2733 516 2801 φθόνον
550 2733 615 2784 οὐ
649 2731 804 2798 σέβω,
846 2734 1068 2798 φθονεῖ-

303 2818 434 2866 σθαι
468 2813 515 2866 δ’
551 2810 780 2879 ἐθέλοιμ’
818 2811 885 2864 ἂν
919 2810 998 2864 ἐπ’
1038 2809 1265 2874 ἐσθλοῖς.

170 2898 398 2956 Interim,
445 2896 560 2946 dum
592 2897 710 2945 talia
744 2913 772 2944 a
806 2895 959 2944 choro
995 2899 1258 2956 canuntur,
1302 2895 1437 2945 intus
1471 2913 1501 2946 a
1533 2896 1712 2961 pellice
1746 2894 1855 2945 seni

171 2980 539 3027 insusurrantur
567 2977 650 3025 illa
684 2975 834 3026 δόλια
868 2972 1248 3039 ψιθυρίσματα,
1282 2977 1457 3040 quibus
1483 2978 1565 3025 hic
1589 2978 1855 3027 vehemen-

174 3059 366 3108 tissime
400 3057 718 3107 exacerbatus
751 3058 912 3105 statim
945 3057 1010 3104 ad
1042 3057 1330 3106 sumendum
1357 3056 1714 3106 atrocissimum
1742 3072 1855 3120 sup-

173 3139 376 3205 plicium
410 3138 624 3187 animum
658 3137 884 3203 applicat.
955 3135 1211 3186 Prodit-in
1243 3153 1438 3186 scenam
1484 3152 1636 3186 senex
1669 3134 1857 3184 recenti

82 3241 93 3251 ·
174 3219 346 3269 dolore
392 3217 563 3268 furens
593 3218 788 3282 iamque
816 3216 1109 3283 supplicium
1133 3233 1161 3265 a
1187 3232 1242 3266 se
1267 3223 1493 3283 paratum
1523 3233 1635 3267 esse
1657 3215 1855 3265 dicens:

247 3444 292 3499 *)
320 3443 467 3501 Vulgo
494 3441 633 3487 laesis
658 3443 878 3487 numeris:
915 3445 1052 3498 Quam
1080 3442 1161 3487 tibi
1187 3456 1238 3487 ex
1265 3456 1340 3487 ore
1368 3446 1450 3486 etc.
