2144 3854
911 270 989 328 15

118 423 338 489 ipsorum
371 420 644 471 consillum.
711 417 778 466 Et
823 417 968 466 huius
1014 416 1208 479 quidem
1257 419 1394 465 actus
1435 415 1643 481 plurima
1675 431 1779 466 ser-

118 508 293 553 vantur
323 502 597 568 fragmenta
626 497 823 548 fabulae
846 497 1086 556 Attianae,
1121 499 1174 543 et
1204 500 1402 560 praeter
1433 496 1515 545 illa
1545 497 1687 560 haec,
1721 513 1783 547 ex

120 584 294 649 quibus
327 583 531 632 eandem
565 578 778 627 fabulam
810 577 931 626 Attii
965 582 1111 640 atque
1135 574 1388 639 Euripidis
1411 575 1781 642 Nyctegresiam

119 664 275 714 fuisse
307 661 602 724 intelligatur
634 656 711 721 *):

252 741 304 806 1)
350 741 586 804 „Cuncta
621 735 902 803 expedibo:
950 735 1007 785 id
1039 735 1187 785 modo
1219 735 1578 785 iusiurandum
1613 737 1783 790 ἄπιθ’.

122 822 322 872 Dolonis
354 821 502 870 verba
534 825 664 880 sunt,
700 833 853 882 equos
888 817 1092 866 Achillis
1127 817 1222 866 sibi
1255 816 1536 865 mercedem
1571 822 1787 885 suscepti

122 902 324 969 periculi
369 899 476 950 dari
522 904 574 948 et
616 897 925 948 iureiurando
975 897 1271 963 promissum
1316 896 1506 945 firmari
1549 898 1787 960 iubentis·,

123 983 190 1034 cf.
221 998 268 1032 v.
301 983 423 1030 161:
460 978 664 1031 οὐκοῦν
696 979 884 1030 πονεῖν
926 975 1023 1043 μὲν
1067 977 1193 1044 χρή,
1237 979 1513 1029 πονοῦντα
1557 976 1606 1028 δ’
1640 976 1790 1041 ἄξιον

122 1060 318 1127 μισθὸν
350 1057 606 1125 φέρεσθαι
640 1061 746 1111 κτλ.
815 1059 891 1108 Cf.
926 1060 1073 1108 etiam
1105 1076 1150 1108 v.
1187 1061 1300 1106 191.

250 1141 307 1206 2)
340 1141 442 1204 „Id
473 1142 610 1209 quod
630 1142 775 1208 facis
806 1147 1017 1206 gratum
1052 1147 1102 1189 et
1138 1156 1298 1206 grave
1334 1140 1458 1191 est’'.

124 1223 218 1272 His
248 1223 407 1272 verbis
441 1223 632 1272 Hector
655 1223 895 1272 Dolonem
922 1225 1121 1270 strenue
1142 1236 1342 1285 operam
1358 1220 1661 1270 offerentem
1690 1221 1791 1270 col

124 1302 318 1363 laudat3
362 1303 427 1352 cf.
461 1319 504 1352 v.
541 1305 666 1352 158.
713 1299 991 1366 ἐπώνυμος
1036 1297 1134 1388 μὲν
1165 1298 1334 1365 κάρτα
1366 1298 1457 1352 καὶ
1488 1300 1795 1366 φιλόπτολις

126 1380 320 1434 Δόλων
349 1383 458 1433 κτλ.

257 1464 313 1529 3)
347 1464 599 1530 „lamque
634 1478 875 1511 auroram
907 1462 1127 1511 rutilare
1155 1463 1372 1528 procul”
1375 1500 1388 1512 .

127 1545 267 1595 Haec
300 1544 498 1609 egregie
531 1544 814 1607 conspirant
848 1558 959 1592 eum
991 1541 1276 1608 Euripideis
1312 1541 1379 1605 (v.
1418 1544 1586 1607 521.):

453 1619 559 1682 ἀὼς
593 1618 660 1687 δὴ
693 1619 880 1681 πέλας,
915 1618 1022 1682 ἀὼς

455 1701 689 1769 γίγνεται
722 1703 828 1755 κτλ.

130 1785 338 1849 Reliqua
370 1784 646 1849 fragmenta
679 1784 838 1833 omnia
872 1798 933 1831 ex
963 1783 1170 1847 prologo
1203 1783 1459 1848 depromta
1492 1800 1605 1834 esse
1638 1787 1796 1846 video,

130 1881 255 1931 qnae
287 1865 359 1914 sic
391 1864 617 1928 dispono.
683 1863 852 1912 Prodit
895 1879 955 1911 ex
990 1864 1235 1926 praetorio
1269 1865 1603 1929 Agamemnon
1636 1867 1799 1916 media

130 1949 304 2007 nocte,
336 1959 461 2008 qnae
492 1942 573 1992 his
607 1944 767 1992 verbis
801 1943 1132 2008 significatur·

459 2025 564 2074 νῦν
597 2020 880 2089 εὐσέληνον
914 2021 1112 2088 φέγγος
1143 2021 1179 2090 ἦ
1213 2022 1551 2091 διφρήλατος

132 2108 482 2170 exponensque
513 2105 595 2153 illa
628 2105 692 2153 de
726 2104 906 2153 Graeci
941 2105 1189 2154 exercitus
1221 2106 1501 2155 discrimine
1529 2107 1690 2170 deque
1715 2123 1802 2155 sua

131 2186 505 2250 desperatione,
540 2201 666 2249 quae
701 2184 873 2234 eadem
909 2186 1123 2235 ostendit
1155 2186 1401 2235 Homerus
1437 2187 1489 2236 ll.
1528 2203 1574 2247 κ,
1604 2189 1801 2246 1--20.,

132 2278 428 2332 praeconem
461 2283 490 2315 a
524 2282 580 2315 se
613 2266 815 2314 missum
846 2282 958 2315 esse
984 2266 1144 2328 docet,
1179 2267 1260 2336 qui
1289 2267 1336 2316 in
1363 2267 1620 2316 consilium
1647 2269 1802 2317 duces

132 2346 329 2396 acciret.
395 2346 472 2396 Ne
504 2348 630 2413 ignis
667 2346 846 2412 (‚‚aura
873 2345 1081 2396 Volcani
1109 2344 1316 2408 vorax⁷')
1352 2348 1543 2397 navium
1578 2348 1799 2397 trabibus

134 2427 467 2489 admoveatur,
503 2428 544 2476 si
577 2428 798 2492 proxima
822 2427 933 2475 luce
955 2427 1147 2476 Hector
1167 2427 1310 2477 ferox
1342 2433 1392 2477 et
1414 2428 1616 2477 victoria
1643 2427 1803 2477 elatus

135 2506 324 2569 proelia
353 2507 723 2572 redintegrarit‚
757 2512 985 2556 veretur:

269 2583 529 2646 „Scandit
563 2602 695 2634 aura
728 2587 950 2635 laterum
982 2592 1133 2636 texta
1175 2586 1392 2637 Volcani
1420 2588 1615 2638 vomam
1643 2584 1737 2652 **).

138 2664 238 2714 lam
273 2665 404 2715 enim
437 2670 551 2714 ante
584 2666 692 2730 ipsa
726 2671 887 2714 castra
921 2667 1106 2722 navalia
1139 2667 1388 2716 exercitus
1423 2668 1641 2717 hostium
1689 2684 1805 2717 con-

137 2745 302 2805 sedit,
336 2745 387 2793 id
423 2745 555 2809 quod
591 2745 868 2794 ostenditur
900 2744 1156 2810 Euripidis
1189 2747 1353 2795 verbis
1387 2763 1432 2795 v.
1467 2749 1560 2796 20:

470 2851 533 2861 —
568 2823 669 2875 οὐκ
701 2818 866 2875 οἶσθα
900 2822 1058 2889 δορὸς

468 2902 628 2965 πέλας
659 2903 897 2971 Ἀργείου
931 2903 1121 2971 νυχίαν
1150 2902 1288 2971 ἡμᾶς

473 2984 657 3038 κοίταν
688 2986 1001 3047 πανόπλους
1030 2982 1369 3052 κατέχονταςς

207 3119 249 3172 *)
277 3118 375 3162 Non
402 3134 607 3174 premam
633 3122 835 3176 silentio,
866 3122 1069 3178 quamvis
1094 3122 1277 3166 minime
1307 3122 1364 3164 sit
1391 3121 1649 3176 probabile,
1693 3123 1811 3178 quod

280 3188 465 3234 schoeu
515 3193 591 3245 (de
626 3193 877 3250 tetralogiis
916 3197 1032 3249 trag.
1074 3193 1159 3235 Att.
1195 3208 1238 3248 p.
1277 3191 1401 3246 455.)
1450 3191 1694 3247 suspicatus
1732 3198 1810 3245 est,

280 3263 456 3315 partem
492 3261 866 3307 Antenoridarum
903 3263 1142 3318 Sophoclis
1177 3263 1234 3304 ab
1263 3262 1382 3305 Attio
1410 3261 1630 3304 redditam
1657 3261 1809 3305 fuisse.

188 3328 255 3383 “J
283 3330 425 3373 Recte
451 3330 664 3376 Bothius:
707 3333 953 3389 „caussa,”
991 3333 1156 3389 inquit,
1187 3337 1456 3387 „nocturnae
1486 3332 1812 3376 consultationis

283 3398 604 3445 incendium
633 3405 898 3450 classis.’'
954 3403 1051 3446 Non
1077 3418 1190 3446 nnnc
1218 3404 1310 3446 iam
1338 3403 1563 3446 incensam
1585 3417 1705 3455 esse,
1734 3403 1812 3444 sed

286 3483 445 3523 pamm
474 3473 654 3527 abesse,
683 3475 789 3529 quin
825 3474 1101 3527 incendatur,
1130 3473 1237 3517 dicit
1264 3475 1583 3531 Agamemnon.
