2176 3874
976 273 1099 331 343

195 426 535 488 perspexerat,
553 437 697 470 nemo
717 421 881 470 verius
898 420 1223 484 exprimebat,
1258 421 1308 470 in
1333 421 1430 470 hoc
1452 419 1672 470 dramate
1699 426 1866 472 osten-

191 504 274 553 dit
317 503 553 552 feminam
596 508 650 551 et
692 503 852 564 gentis
899 516 1019 550 suae
1062 500 1263 550 feritate
1297 506 1349 550 et
1382 501 1625 550 scelerum
1660 515 1867 551 eonsue-

196 583 368 651 tudine
411 589 462 631 et
506 581 926 646 perturbationum
973 581 1119 628 animi
1161 581 1472 630 vehementia
1506 586 1556 629 et
1591 583 1711 632 artis
1736 598 1866 647 pru-

192 662 505 725 ‹letitiaeque>
538 661 719 710 fiducia
766 677 795 708 a
838 667 973 709 recta
1018 661 1093 708 via
1136 661 1396 725 depulsam
1431 666 1482 710 et
1513 661 1577 710 ad
1610 663 1869 711 temeraria

193 749 343 805 atque
375 741 562 791 nefaria
595 742 811 790 facinora
843 756 1063 804 pronam.
1130 740 1362 789 Feminas
1396 742 1559 790 exutis
1594 743 1751 791 semel
1784 759 1868 792 ve·

193 821 460 870 recundiae
494 822 794 887 pudorisque
831 819 1071 885 vinculis,
1120 820 1294 883 quibus
1341 822 1669 877 arctioribus,
1723 838 1866 886 quam

193 900 304 962 viri,
339 903 500 950 teneri
537 907 588 950 et
623 900 842 950 coerceri
875 900 1052 959 solent,
1087 900 1264 959 minuS,
1302 916 1446 964 quam
1478 902 1590 961 hos,
1625 903 1867 967 cupidita-

190 980 327 1030 tibus
373 981 615 1046 imperare
658 988 710 1030 et
754 981 817 1030 ad
862 980 1216 1029 immanissima
1267 979 1486 1029 facinora
1536 984 1866 1046 perpetranda

190 1061 351 1125 abripi
395 1063 513 1110 satis
555 1064 731 1110 notum
772 1066 850 1108 est
899 1061 1163 1124 multisque
1209 1061 1448 1125 exemplis
1504 1062 1863 1111 confirmatum.

193 1141 431 1190 Ceterum
463 1141 613 1191 facile
647 1146 727 1189 est
758 1141 1014 1190 intellectu
1066 1141 1188 1190 nihil
1232 1140 1426 1190 feminis
1471 1142 1698 1191 acerbius
1735 1143 1866 1191 acci-

189 1220 313 1270 dere
346 1237 510 1285 posse,
543 1237 688 1284 quam
723 1222 907 1286 privari
941 1237 1109 1269 amore
1143 1237 1313 1270 eorum
1349 1223 1580 1281 virorum,
1616 1222 1664 1269 in
1688 1222 1868 1285 quibus

187 1301 376 1351 fuerint
425 1307 559 1350 totae
606 1318 911 1367 quorumque
959 1302 1118 1367 gratia
1166 1301 1286 1351 nihil
1318 1317 1416 1350 uon
1462 1301 1634 1361 facere
1666 1303 1868 1368 patique

190 1383 487 1433 consuerint.
555 1381 828 1446 Repudiari
861 1397 1009 1444 vero,
1045 1381 1227 1430 cedere
1262 1381 1510 1443 aemulae,
1547 1381 1716 1442 domo,
1751 1382 1866 1445 quin

188 1463 341 1512 etiam
375 1467 510 1512 terra
546 1462 760 1527 expelli,
808 1477 1047 1526 quaenam
1098 1462 1272 1510 mulier
1305 1478 1464 1525 aequo
1500 1463 1659 1511 animo
1693 1461 1866 1511 ferat?

188 1543 303 1592 Non
336 1544 603 1603 miramur,
654 1543 787 1606 quod
819 1543 940 1602 viri,
985 1542 1120 1591 velut
1156 1542 1399 1602 Achillea,
1446 1543 1637 1592 honore
1670 1541 1867 1607 spoliati

190 1623 376 1672 amicos
411 1624 715 1687 patriamque
737 1622 987 1686 perditum
1013 1628 1155 1682 eunt3
1191 1621 1400 1671 feminas
1424 1624 1608 1671 amisso
1634 1638 1695 1671 eo
1720 1623 1865 1682 bono,

189 1706 241 1753 in
275 1719 372 1767 quo
405 1703 512 1752 solo
547 1704 714 1752 vivere
749 1710 801 1752 et
834 1704 1024 1767 spirare
1055 1719 1205 1768 posse
1239 1703 1330 1753 sibi
1364 1703 1643 1757 videantur,
1678 1701 1740 1750 ad
1773 1702 1865 1750 im-

188 1800 381 1833 manem
416 1783 685 1838 ulciscendi
718 1783 996 1848 cupidinem
1030 1783 1218 1848 abripi,
1253 1799 1368 1832 num
1404 1783 1560 1847 magis
1595 1781 1867 1831 mirandum

152 1862 156 1865 ’
190 1866 307 1915 est?
373 1863 523 1927 Atqui
569 1879 666 1912 non
716 1863 879 1912 minus
928 1864 1163 1929 impigra,
1211 1863 1447 1912 iracunda
1467 1899 1482 1921 ‚
1530 1862 1864 1918 inexorabilis,

187 1945 332 2005 acris,
366 1959 461 1993 non
495 1943 656 1991 minus
692 1944 874 1992 viribus
912 1945 1014 1992 suis
1051 1944 1334 2001 confidens,
1367 1959 1466 1992 non
1499 1945 1664 1992 minus
1707 1942 1868 1992 feroci

185 2025 469 2088 invictoque
504 2023 666 2071 animo
700 2022 884 2071 Medea
917 2039 1060 2086 quam
1097 2024 1316 2073 Achilles
1350 2025 1667 2089 conspicitur.

318 2105 457 2153 Idem
504 2110 667 2151 autem
713 2108 888 2167 poeta,
944 2105 1029 2167 qui
1077 2102 1290 2152 Medeae
1348 2120 1609 2168 personam
1654 2102 1865 2166 effinxit,

188 2185 489 2251 Iphigenias,
524 2183 812 2246 Antigonus,
845 2183 1095 2242 locastas,
1130 2185 1440 2244 Alcestides,
1474 2184 1864 2245 Andromaches,

187 2266 440 2325 Hecubas,
477 2263 720 2324 Electras,
756 2263 1058 2328 Polyxenas,
1095 2265 1312 2314 Helenas
1346 2265 1678 2330 Aegyptiacas
1701 2301 1714 2325 ,
1749 2263 1865 2312 Me-

188 2362 348 2411 garas‚
382 2345 723 2394 Andromedae
758 2348 809 2391 et
843 2344 1074 2408 plurimas
1109 2346 1230 2393 alias
1253 2345 1462 2394 feminas
1495 2345 1864 2410 praestantissi-

189 2441 297 2475 mas
331 2423 737 2489 repraesentavit,
773 2440 977 2486 quarum
1013 2425 1152 2473 obliti
1184 2425 1410 2473 homines
1435 2425 1759 2489 stupidissimi
1782 2425 1865 2474 fa-

187 2505 353 2554 bulam
387 2504 451 2552 de
485 2501 798 2569 μισογυνείᾳ
832 2503 966 2561 eiuS,
1015 2503 1349 2568 Aristophane
1391 2506 1541 2554 verba
1574 2511 1862 2569 praeeunte,

188 2587 451 2636 decantare
484 2599 579 2632 non
614 2584 857 2632 desinunt.
926 2583 1102 2647 Neque
1134 2589 1517 2648 reputaverunt,
1565 2585 1696 2648 quod
1731 2585 1861 2650 apud

190 2666 573 2730 Aristophanem
620 2664 802 2713 chorus
849 2665 956 2728 ipse
1009 2665 1329 2725 feminarum,
1394 2665 1594 2714 minime
1638 2666 1863 2714 refutans

190 2745 491 2797 Mnesilochi
511 2745 914 2806 criminationem,
950 2745 1039 2794 sed
1062 2745 1280 2794 offensus
1317 2744 1624 2794 solummodo
1643 2745 1863 2811 ingenui-

189 2832 295 2879 tate
329 2826 454 2887 eius,
488 2825 585 2874 hoc
619 2825 912 2876 confitetur:

323 2905 433 2956 ἀλλ’
471 2903 539 2955 οὐ
571 2905 672 2970 γάρ
707 2900 815 2956 ἐστι
846 2905 955 2956 τῶν
988 2903 1355 2972 ἀναισχύντων
1389 2905 1549 2970 φύσει
1588 2907 1864 2972 γυναικῶν

324 2984 486 3037 οὐδὲν
517 2986 706 3038 κάκιον
740 2985 812 3047 εἰς
846 2985 1054 3037 ἅπαντα
1085 2985 1223 3054 πλὴν
1255 2988 1341 3052 ἄρ’
1374 2985 1408 3054 ἢ
1442 3014 1509 3023 —-—-
1541 2991 1807 3054 γυναῖκες,

193 3068 424 3133 quodque
469 3069 520 3117 in
565 3069 740 3118 eodem
777 3069 998 3118 dramate
1031 3070 1187 3118 multo
1221 3068 1611 3135 impudentiores
1660 3070 1862 3119 fraudes

192 3166 222 3198 a
253 3149 452 3198 feminis
485 3149 647 3198 factae
692 3155 1153 3214 repraesentantur,
1202 3166 1348 3214 quam
1397 3149 1477 3198 vel
1521 3150 1861 3200 Mnesilochus

194 3229 275 3278 vel
308 3230 573 3294 Euripides
606 3230 665 3278 iis
699 3231 1015 3295 imputarunt.
1086 3229 1449 3279 Sententiarum
1469 3265 1483 3287 ,
1530 3230 1707 3295 quibus
1742 3232 1863 3279 vitia

196 3307 483 3359 feminarum
518 3316 804 3374 arguuntur,
841 3326 1076 3359 numerus
1110 3312 1218 3376 pari
1243 3326 1446 3359 numero
1465 3326 1650 3372 earum,
1686 3310 1861 3376 quibus

193 3390 400 3438 virtutes
435 3407 603 3439 earum
649 3391 1022 3455 praedicantur,
1073 3396 1436 3456 compensatur.
1506 3390 1652 3452 Quod
1697 3396 1860 3440 autem

196 3470 437 3520 eiusmodi
469 3471 754 3532 sententiiS,
801 3471 964 3520 studio
998 3470 1200 3522 ductum
1235 3470 1553 3528 criminandi,
1597 3471 1745 3521 etiam
1781 3471 1863 3521 in-
