2144 3854
1133 294 1254 352 178

353 445 416 496 ad
450 460 562 494 eum
594 440 801 502 accedit,
832 439 958 489 clam
991 440 1056 490 de
1089 441 1230 490 Atrei
1264 438 1452 489 insidiis
1484 440 1769 495 edocturus.
1808 443 1931 495 aeui
1965 447 2027 495 ti-

354 525 484 574 mide
517 519 781 588 prodeunti
813 519 1056 583 anxieque
1086 519 1503 585 circumspicienti
1536 520 1815 585 Thyesten

481 601 882 664 „Quemnam
926 606 993 649 te
1048 617 1196 650 esse
1241 600 1482 661 dicam,
1548 601 1665 667 qui
1694 603 1905 654 tarda
1962 606 2027 654 in

1183 686 1471 730 senecta
1496 681 1700 745 -2”*)

350 761 440 812 me
473 776 597 825 quae
631 759 874 824 comperit
905 775 1128 824 quaeque
1161 761 1388 809 mandata
1420 766 1536 809 sunt
1566 762 1792 826 exponit:

483 839 908 902 „Ibisecum‚
953 840 1117 905 quid
1167 847 1355 906 agat,
1407 842 1698 905 cogitat,
1738 842 2024 908 p-arv‘tats

1173 919 1423 986 putat.''

348 1005 469 1061 tum,
503 1000 666 1048 souitu
697 1000 860 1063 aliquo
893 999 1112 1060 territus,
1148 1017 1177 1048 e
1211 1005 1475 1064 conspectu
1511 1016 1567 1049 se
1600 1001 1856 1051 subducit:

469 1079 653 1142 „Sed
684 1081 958 1128 sonitus
995 1095 1202 1128 aures
1234 1097 1411 1129 meas
1437 1080 1681 1145 pedum
1709 1081 1904 1147 pulsu
1928 1083 2025 1131 in-

1172 1160 1453 1225 crepat.’'

479 1240 589 1289 Non
623 1240 783 1288 minus
819 1238 1077 1299 celeriter,
1126 1255 1269 1302 quam
1305 1255 1482 1297 senex,
1534 1238 1783 1303 Thyestes
1829 1238 2025 1304 quoque

348 1336 458 1370 cnm
495 1319 661 1368 tiberis
695 1318 947 1382 aufugisse
979 1319 1224 1383 putandus
1259 1323 1352 1374 est,
1388 1323 1440 1366 et
1470 1319 1519 1365 in
1553 1317 1758 1368 deorum
1782 1322 1882 1370 aris
1906 1336 2022 1384 sup-

346 1401 463 1466 plex
497 1399 793 1448 consedisse.
844 1397 1018 1444 Prodit
1042 1397 1238 1458 Atreus,
1273 1397 1375 1459 qni,
1408 1397 1524 1461 fuga
1553 1398 1787 1463 Thyestis
1813 1400 2023 1464 cognita,

348 1495 405 1528 se
455 1494 551 1528 non
591 1477 927 1527 dubitaturum
983 1489 1095 1523 esse
1141 1476 1406 1539 profitetur
1449 1477 1695 1527 hominem
1743 1479 2022 1545 improbum

346 1562 408 1610 ab
442 1559 539 1606 aris
574 1557 636 1605 ad
669 1554 964 1619 supplicium
998 1569 1208 1618 raperet

478 1633 580 1701 ἐγὼ
613 1632 716 1700 γὰρ
751 1632 887 1693 ὄςτις
920 1629 992 1698 μὴ
1024 1632 1227 1692 δίκαιος
1259 1630 1335 1684 ὢν
1368 1632 1505 1700 ἀνὴρ

478 1715 664 1782 βωμὸν
695 1712 938 1779 προςίζει,
972 1713 1068 1764 τὸν
1097 1713 1270 1779 νόμον
1299 1714 1500 1781 χαίρειν
1531 1712 1636 1767 ἐῶν

478 1793 609 1861 πρὸς
641 1794 739 1862 τὴν
772 1794 925 1860 δίκην
958 1796 1134 1859 ἄγοιμ’
1157 1797 1252 1857 ἄν,
1288 1795 1355 1846 οὐ
1387 1794 1575 1861 τρέσας
1605 1796 1770 1857 θεούς
1790 1796 1886 1862 ἴῃς).

349 1879 580 1926 Ceterum
632 1877 747 1940 quin
780 1877 852 1923 ‘ab
901 1893 1051 1924 uxore
1100 1879 1293 1925 nuntius
1330 1878 1508 1938 Atreo,
1561 1884 1616 1926 ut
1659 1884 1872 1940 caveret,
1906 1879 2020 1927 sub-

347 1957 527 2005 missus
563 1958 652 2016 sit,
701 1972 796 2004 uon
846 1957 1054 2005 dubitat.
1134 1956 1464 2016 Quamobrem
1513 1958 1563 2006 in
1600 1959 1726 2006 hanc
1755 1957 2019 2006 vehemen-

347 2041 426 2085 ter
458 2036 716 2085 invehitur.
784 2036 981 2099 Quippe
1014 2050 1111 2083 non
1145 2035 1261 2082 satis
1296 2034 1555 2098 habuisse,
1601 2039 1759 2101 qnod,
1792 2038 2022 2087 adulterii

348 2119 398 2164 et
426 2115 715 2181 proditionis
751 2115 987 2173 convicta,
1023 2114 1210 2162 veniam
1243 2114 1537 2179 impetrarit,

476 2195 751 2255 „mulier
783 2209 914 2243 una
949 2194 1141 2243 droam
1173 2194 1547 2259 virum’'*²³²²²‘)‚

346 2275 437 2323 sed
467 2275 564 2323 iam
598 2290 747 2323 novas
779 2275 1007 2336 insidias,
1055 2290 1165 2323 cum
1198 2273 1421 2338 Thyeste
1454 2276 1846 2339 conspirantem,
1889 2281 2019 2326 stru-

347 2354 511 2403 xisse:

475 2433 764 2498 „Ecquis
796 2433 917 2482 boc
952 2433 1259 2482 animadv
1277 2434 1518 2482 ertit2!

1069 2530 1099 2562 v
1116 2515 1182 2561 in
1200 2530 1226 2562 c
1241 2515 1291 2562 it
1304 2514 1397 2562 e!''
1413 2512 1542 2576 ²³²²¹²²¹‘ss‘)

345 2592 422 2640 Ex
457 2590 627 2640 eadem
662 2593 882 2640 oratione
913 2594 1204 2658 depromtae
1236 2599 1352 2642 sunt
1383 2593 1479 2641 hae
1512 2594 1805 2643 sententiae:

477 2669 543 2721 οὐ
575 2671 676 2736 γάρ
710 2673 823 2721 ποτ’
859 2671 1031 2736 ἄνδρα
1063 2672 1159 2723 τὸν
1193 2670 1366 2738 σοφὸν
1397 2668 1610 2736 γυναικὶ
1642 2669 1742 2738 χρὴ

474 2750 665 2802 δοῦναι
697 2746 943 2817 χαλινοὺς
975 2752 1088 2803 οὐδ’
1124 2751 1305 2817 ἀφέντ’
1340 2751 1432 2803 ἐᾶν
1464 2753 1691 2814 κρατεῖν.

473 2830 662 2883 πιστὸν
691 2831 793 2898 γὰρ
828 2833 988 2884 οὐδέν
1020 2831 1159 2884 ἔστιν
1178 2846 1191 2860 ·
1225 2833 1269 2884 εἰ
1302 2831 1359 2884 δέ
1392 2850 1468 2892 τις
1500 2833 1654 2896 κυρεῖ

474 2911 729 2976 γυναικὸς
760 2909 965 2980 ἐσθλῆς,
1001 2914 1203 2980 εὐτυχεῖ
1233 2910 1399 2966 κακὸν
1430 2911 1626 2976 λαβών.

474 3018 1513 3032 --ᾑ--α-

400 3117 451 3171 *)
480 3117 610 3159 Ennii
632 3119 797 3175 fragm.
828 3135 870 3161 n.
900 3118 942 3162 9.
1790 3174 1795 3177 .

370 3185 450 3241 *96)
477 3187 759 3231 Welckerum
787 3204 960 3245 sequor,
989 3192 1104 3234 haec
1131 3191 1175 3234 in
1204 3191 1379 3234 incertis
1406 3190 1669 3247 fragmentis
1697 3204 1739 3233 n.
1766 3186 1836 3231 42.
1868 3188 2012 3245 posita

483 3257 572 3299 huc
600 3259 866 3301 trahentem.

342 3325 454 3380 ***)
482 3327 592 3369 Attii
618 3327 782 3383 fragm.
811 3329 963 3370 incert.
992 3344 1033 3370 n.
1062 3329 1132 3371 2⁰.

343 3396 455 3449 ****)
484 3396 590 3439 Attii
616 3398 781 3453 fragm.
811 3413 854 3439 n.
883 3398 952 3439 12.
1011 3401 1111 3442 Hoc
1140 3399 1287 3442 dicere
1315 3399 1512 3444 videtur:
1555 3400 1663 3456 Quis
1701 3400 1788 3442 hoc
1819 3397 2011 3456 cogitas-

477 3465 602 3510 set2!
660 3469 863 3510 Concedo
893 3470 1022 3512 vobis
1049 3470 1307 3514 victoriam!
