2144 3854
971 297 1094 355 323

193 449 310 498 tiam
325 484 341 508 ,
375 460 502 511 quae
532 445 582 493 in
615 443 815 493 theatro
847 443 1184 506 consedisset,
1218 444 1371 495 verba
1400 444 1572 496 facere
1613 461 1869 514 personas,

194 528 414 594 quamvis
445 525 753 589 imaginarias
785 539 870 572 res
900 530 1107 588 agerent
1122 530 1522 592 pateremurque,
1558 528 1759 579 minime
1777 531 1872 580 mi-

193 624 339 666 rum,
394 606 485 656 sed
535 609 917 653 consentaneum
964 606 1398 670 necessariumque
1445 623 1559 657 esse
1607 609 1871 665 videretur.

195 687 326 737 Huic
362 684 704 735 consuetudini
736 698 882 732 nemo
916 684 1211 747 tragicorum
1241 685 1489 735 lubentius
1515 688 1754 755 Euripide
1781 691 1870 740 ob-

193 772 396 816 secutus
432 771 533 814 est:
585 770 691 813 erat
724 763 853 812 enim
888 763 985 810 hoc
1020 780 1214 828 quoque
1248 762 1654 830 δημοκρατικόν.
1724 769 1873 820 Velut

192 849 242 896 in
276 845 471 896 Orestis
505 843 670 893 fabula
714 843 913 892 Electra
962 842 1023 890 ad
1074 849 1383 908 spectatores
1430 847 1594 911 ipsos,
1641 855 1870 913 tanquam

191 932 380 985 testes,
430 924 733 973 convertitur
765 928 938 971 notans
973 923 1197 972 Helenae
1229 925 1496 974 lenocinia:
1543 925 1702 978 εἴδετε
1743 930 1869 994 παρ’

191 1007 357 1070 ἄκρας
389 1001 461 1064 ὥς
494 1002 784 1066 ἀπέθρισεν
814 1001 1022 1067 τρίχας,
1074 1002 1319 1065 σώζουσα
1350 1004 1567 1067 κάλλος,·
1614 1006 1720 1059 ἔστι
1753 1007 1803 1059 δ’
1834 1007 1872 1076 ἦ

190 1086 356 1138 πάλαι
373 1083 527 1150 γυνή.
596 1083 671 1134 Ad
698 1100 843 1148 quem
875 1083 1037 1132 locum
1061 1084 1185 1133 haec
1210 1086 1468 1136 verissime
1495 1089 1698 1155 scripsit
1723 1089 1870 1150 scho-

191 1169 386 1218 liastes:
430 1162 564 1216 ἔνιοι
606 1161 664 1214 δέ
698 1173 832 1228 φασι
878 1165 990 1223 τοῖς
1023 1162 1194 1229 δμωσὶ
1224 1169 1393 1217 ταῦτα
1435 1165 1630 1232 λέγειν,
1686 1167 1753 1220 οἱ
1800 1167 1871 1221 δὲ

190 1246 366 1312 πρὸς
397 1246 474 1297 τὸ
506 1243 834 1311 θέατρον,
885 1243 914 1294 ὃ
946 1242 1034 1294 καὶ
1067 1246 1315 1309 ἄμεινον·
1365 1244 1735 1312 ἐφελκυστικὸς
1765 1248 1869 1315 γάρ

190 1326 333 1381 ἐστιν
364 1324 446 1378 ἀεὶ
477 1327 680 1393 μᾶλλον
712 1327 821 1377 τῶν
852 1326 1062 1376 θεατῶν
1105 1324 1136 1377 ὁ
1169 1326 1411 1394 ποιητής,
1459 1328 1539 1380 οὐ
1586 1329 1871 1396 φροντί-

191 1411 317 1474 ζων
360 1409 497 1460 τῶν
542 1406 1218 1473 ἄκριβολογούντων.
1298 1410 1441 1459 Adde
1475 1411 1631 1459 schol.
1681 1411 1868 1463 Phoen.

191 1494 347 1541 1485:
381 1488 486 1541 τίνι
518 1487 621 1556 γὰρ
655 1487 1018 1554 ἀπολογεῖται,
1065 1486 1110 1539 εἰ
1141 1487 1214 1555 μὴ
1247 1493 1318 1554 τῷ
1350 1489 1591 1556 θεάτρῳς
1636 1491 1773 1540 Idem
1806 1492 1868 1541 ad

190 1572 420 1638 prologos
446 1572 727 1637 pertinere,
760 1571 1052 1620 scholiastes
1079 1571 1139 1619 ad
1164 1571 1355 1620 initium
1386 1570 1635 1620 Troadum
1662 1571 1870 1638 monuit,

191 1653 330 1702 cuius
374 1653 576 1701 verbum
611 1667 761 1718 supra
794 1667 842 1716 p.
879 1653 954 1700 13.
1002 1651 1414 1717 transcripsimus,
1491 1651 1712 1715 Denique
1758 1668 1868 1701 eam

193 1732 602 1783 consuetudinem
653 1732 862 1781 scenicis
898 1732 1057 1796 poetis
1092 1732 1317 1781 omnibus
1353 1746 1659 1781 communem
1711 1730 1867 1782 fuisse

191 1812 341 1862 docet
373 1812 587 1862 Tzetzes
622 1813 672 1861 in
699 1811 863 1861 Cram.
897 1811 1083 1862 Anecd.
1119 1810 1203 1870 lV,
1238 1813 1365 1860 343:

323 1889 475 1960 ῥῆσις
511 1891 670 1958 λόγος
702 1891 780 1952 τίς
813 1888 954 1941 ἐστιν
986 1886 1339 1956 ἐξηγημάτων,

320 1971 712 2038 ὑποκριτοῦ
746 1970 1074 2036 λέγοντος
1112 1970 1193 2031 ὡς
1223 1969 1387 2034 πρὸς
1418 1963 1575 2031 τοὺς
1607 1971 1865 2038 ὄχλους.

192 2053 488 2120 Exemplum
524 2054 635 2104 talis
669 2053 905 2103 orationis
939 2053 1079 2117 ponit
1111 2051 1359 2116 Polynicis
1392 2053 1557 2112 verba,
1593 2069 1720 2116 quae
1745 2053 1868 2104 facit

192 2135 375 2185 intrans
409 2135 458 2183 in
493 2135 697 2184 urbem:
732 2130 797 2183 τὰ
828 2130 926 2198 μὲν
957 2132 1226 2197 πυλωρῶν
1256 2130 1468 2197 κλῇθρά
1490 2132 1545 2196 μ’
1571 2129 1864 2194 εἰςεδέξατο.

319 2215 554 2280 Aeschyli
588 2215 820 2280 prologos
854 2220 991 2264 recte
1024 2213 1223 2262 damnat
1266 2213 1529 2278 Euripides
1572 2213 1865 2281 Aristopha-

190 2310 344 2346 neus:

321 2370 534 2439 α’σαφὴς
565 2370 668 2438 γὰρ
704 2365 773 2438 ἦν
806 2370 865 2424 ἐν
896 2376 962 2438 τῇ
997 2372 1186 2439 φράσει
1217 2371 1326 2424 τῶν
1356 2371 1694 2438 πραγμάτων.

190 2453 321 2505 Tum
355 2453 636 2503 rectissime
669 2454 765 2501 hoc
799 2454 934 2502 illum
971 2455 1129 2503 solum
1159 2455 1318 2517 egisse
1349 2455 1580 2514 ostendit,
1614 2458 1672 2502 ut
1697 2457 1864 2519 stupo-

190 2550 295 2584 rem
329 2534 554 2583 iniiceret
586 2538 736 2596 atque
763 2535 1128 2597 exspectatione
1170 2548 1437 2597 suspensos
1461 2538 1653 2581 teneret
1676 2534 1864 2583 animos

162 2619 543 2680 ⁴spectatorum,
597 2628 740 2676 quam
777 2614 1040 2676 pessimam
1078 2628 1191 2660 esse
1225 2613 1341 2660 artis
1377 2612 1590 2675 tragicae
1622 2612 1864 2662 rationem

152 2692 161 2707 ¹
190 2693 475 2759 Lessingius
507 2699 679 2742 noster
710 2691 894 2751 docuit,
930 2707 1025 2754 quo
1060 2690 1419 2755 dramaturgiae
1466 2690 1575 2738 loco
1608 2687 1657 2752 ⁴)
1694 2696 1746 2739 et
1778 2692 1863 2741 Di-

190 2773 351 2824 deroti
395 2773 447 2822 in
481 2773 687 2821 eandem
724 2773 1015 2821 sententiam
1050 2769 1345 2834 disputantis
1380 2769 1528 2818 verba
1562 2769 1611 2818 in
1645 2770 1863 2820 medium

188 2851 399 2918 protulit
445 2856 496 2901 et
546 2853 656 2918 ipse
689 2852 857 2908 laudes
892 2851 1203 2916 prologorum
1238 2849 1616 2912 Euripideorum
1652 2855 1750 2898 tam
1784 2865 1863 2900 ar-

188 2938 306 3000 guta
340 2932 684 2982 dissertatione
717 2932 972 2996 exposuit,
1020 2934 1074 2978 ut
1118 2929 1298 2978 ceteris
1332 2928 1398 2977 nil
1430 2928 1694 2991 reliquisse
1726 2930 1863 2980 vide-

189 3018 316 3074 atur,
350 3013 480 3077 quod
517 3012 579 3060 ad
612 3013 743 3061 hunc
777 3013 936 3060 locum
973 3009 1404 3060 consummandum
1438 3007 1624 3058 addere
1655 3009 1864 3072 possint.

189 3091 377 3143 Verum
413 3108 594 3156 operae
627 3092 841 3158 pretium
878 3097 956 3139 est
990 3104 1316 3154 cognoscere,
1366 3103 1493 3151 quae
1527 3088 1778 3152 Aeschylo
1812 3093 1864 3138 et

189 3173 469 3237 quicunque
500 3178 756 3238 poetarum
783 3171 986 3220 eandem
1025 3171 1261 3219 rationem
1291 3171 1565 3231 sequuntur
1596 3167 1862 3233 Euripides

188 3247 579 3318 Aristophaneus
628 3252 920 3316 exprobrat:
972 3249 1354 3312 „Praestigiator
1395 3252 1500 3296 erat
1544 3253 1595 3296 et
1638 3247 1861 3310 iactator,

189 3332 274 3396 qui
306 3331 560 3382 fraudaret
606 3336 913 3397 spectatores
948 3346 1007 3380 ex
1040 3327 1309 3394 Phrynichi
1341 3326 1601 3392 disciplina
1634 3325 1858 3377 stolidos.

248 3497 300 3551 *J
327 3497 397 3541 13.
427 3498 609 3543 Octobr.
638 3497 764 3542 1767.
793 3509 915 3553 seqq.
1427 3563 1488 3611 21
1518 3563 1524 3571 ¹
