2176 3874
885 292 1011 352 349

239 435 366 503 τοὺς
397 440 499 508 γὰρ
533 434 819 507 περισσοὺς
850 439 940 493 καί
970 456 1021 490 τι
1052 438 1389 502 πράσσοντας
1419 436 1582 491 πλέον

241 525 472 589 τιμῶμεν
505 521 706 585 ἄνδρας
737 523 782 572 τ’
818 518 876 572 ἐν
906 519 1054 572 πόλει
1086 519 1420 585 νομίζομεν.”

109 602 204 670 ὑφ’
251 594 315 671 ἧς
356 602 655 668 φιλοτιμίας
707 601 851 667 κάγὼ
893 600 1196 666 προάγομαι
1237 603 1450 652 πλεῖστα
1495 599 1772 667 πράγματα

110 682 245 750 ἔχειν
275 681 363 735 καὶ
397 685 492 750 ζῆν
526 680 787 743 ἐπιπόνως
818 683 940 748 παρ’
974 680 1225 739 ὁντινοῦν
1242 719 1258 743 ,
1291 681 1372 732 άεί
1401 698 1520 733 τινα
1546 680 1772 747 προςδε-

109 765 331 832 χόμενος
363 763 554 815 καινὸν
587 763 875 824 κίνδυνον,-

237 844 413 908 ,,όκνῶ
447 841 503 895 δὲ
536 844 756 911 μόχθων
786 844 894 894 τῶν
925 839 1051 907 πρὶν
1085 837 1255 907 ἐκχέαι
1285 840 1437 907 χάριν

239 924 329 978 καὶ
355 919 488 990 ,τοὺς
519 925 787 989 παρόντας
821 923 922 975 οὐκ
954 922 1281 987 ἀπωθοῦμαι
1311 922 1563 982 πόνους.”

108 1008 214 1057 νῦν
257 1000 358 1058 οὖν
406 1004 539 1058 κατὰ
583 1004 773 1069 πρᾶξιν
816 1004 959 1056 πάνυ
1002 999 1077 1053 ἐπ
1090 1022 1108 1053 ι
1120 1014 1151 1053 σ
1166 1020 1207 1067 φ
1223 1020 1256 1052 α
1269 1005 1299 1053 λ
1313 1006 1347 1070 ἦ
1399 1002 1489 1054 καὶ
1544 1000 1775 1069 χαλεπὴν

109 1085 289 1150 δεῦρ’
323 1083 631 1153 ἐλήλυθα
666 1084 763 1146 εἰς
796 1087 1030 1153 Λῆμνο
1047 1102 1108 1145 ν,
1144 1083 1288 1145 ὅπως
1325 1084 1654 1151 Φιλοκτήτην
1686 1081 1776 1135 καὶ

107 1163 173 1218 τὰ
208 1159 619 1231 Ἡρακλέους
660 1166 822 1230 τόξα
855 1164 1119 1232 κομίζοιμι
1152 1168 1264 1225 τοῖς
1299 1165 1642 1232 συμμάχοι
1659 1183 1708 1225 ς·
1744 1164 1776 1216 ὁ

107 1245 237 1313 γὰρ
261 1265 298 1312 μ
315 1248 739 1300 αντικώτατο
760 1265 785 1308 ς
816 1239 1383 1312 ΦρυγῶνἝλενος
1410 1245 1440 1298 ὁ
1465 1246 1774 1310 Πριάμου

105 1329 467 1396 κατεμήνυσεν
480 1368 493 1392 ,
554 1325 614 1390 ὃς
670 1323 851 1396 ἔτυχεν
914 1326 1241 1394 αἰχμάλωτος
1296 1327 1520 1394 ληφθείς
1536 1365 1550 1388 ,
1610 1329 1645 1378 ά
1657 1346 1691 1379 ν
1702 1345 1726 1379 ε
1739 1347 1775 1380 υ

106 1409 372 1460 τούτων
405 1409 641 1476 μήποτ’
678 1427 758 1460 αν
791 1407 992 1460 ἁλῶναι
1017 1406 1116 1475 τὴν
1147 1408 1346 1459 πόλιν
1367 1409 1441 1470 *).
1512 1407 1660 1473 Πρὸς
1680 1408 1778 1474 μὲν

107 1486 176 1556 δὴ
197 1483 324 1550 τοὺς
341 1489 584 1556 βασιλέας
617 1490 714 1557 οὐχ
736 1487 1050 1557 ὡμολόγησα
1075 1487 1174 1556 τὴν
1197 1489 1402 1554 πρᾶξιν,
1437 1487 1777 1554 ἐπιστάμενος

107 1568 205 1636 τὴν
237 1574 336 1622 τοῦ
372 1570 568 1636 ἀνδρὸς
601 1569 818 1637 ἔχθραν,
855 1571 897 1638 ᾡ
917 1587 976 1637 γε
1011 1569 1170 1631 αὐτὸς
1205 1570 1372 1630 αἴτιος
1394 1566 1650 1636 ἐγενόμην
1682 1590 1776 1623 κα-

108 1653 402 1719 ταλειφθῆν
405 1670 475 1714 αι,
511 1650 596 1703 ὅτε
621 1650 836 1718 δηχθεὶς
858 1623 1038 1719 ἐτυχεν
1069 1651 1175 1703 ὑπὸ
1194 1655 1418 1720 χαλεπῆς
1432 1650 1523 1703 καὶ
1556 1652 1776 1704 άνιάτου

109 1729 316 1798 ἐχίδνης
341 1735 437 1798 ²²²²²²).
476 1731 671 1784 Οὐκ*
640 1751 719 1784 αν
746 1727 866 1784 οὖν
889 1734 1039 1800 ᾤμην
1053 1731 1180 1784 οὐδὲ
1202 1751 1242 1784 π
1257 1737 1366 1784 ειθ
1381 1733 1423 1784 ὼ
1444 1733 1777 1800 τοιαύτην

109 1810 257 1876 ἐξευ
273 1829 342 1879 ρε
360 1815 423 1864 ῖν
441 1850 455 1872 ,
489 1812 594 1879 ὑφ’
628 1804 704 1880 ἧς
737 1816 806 1865 ἄν
834 1830 959 1866 ποτε
994 1812 1101 1865 ἐκε
1118 1817 1222 1865 ῖνο
1239 1832 1264 1874 ς
1298 1811 1413 1879 ἐμοὶ
1445 1815 1628 1881 πράως
1653 1811 1778 1881 ἔχοι,

108 1893 220 1945 ἀλλ’
255 1886 423 1955 εὐθὺς
455 1893 849 1947 άποθανεῖσθαι
883 1896 1033 1962 ᾤμην
1063 1894 1150 1946 ὑπ’
1187 1894 1371 1946 αὐτοῦ.
1414 1889 1670 1961 ’Ὺστερον
1703 1894 1778 1960 δέ,

107 1977 200 2043 τῆς
227 1968 456 2039 Ἀθηνᾶς
485 1993 577 2040 μοι
610 1974 1137 2042 παρακελευσαμένης
1168 1978 1294 2027 καθ’
1326 1975 1532 2037 ὕπνους
1548 2014 1561 2036 ,
1609 1973 1776 2043 ὥςπερ

107 2055 292 2119 εἴωθε,
345 2053 661 2121 θαῤῥοῦντα
706 2053 790 2107 ἐπὶ
834 2056 929 2108 τὸν
974 2056 1148 2120 ἄνδρα
1182 2053 1317 2107 ἰέναι
1348 2086 1415 2092 —-
1451 2057 1531 2108 αὐ
1544 2055 1618 2124 τὴ
1651 2076 1685 2124 γ
1699 2057 1776 2123 ὰρ

106 2136 227 2188 άλλ
239 2137 274 2187 ά
291 2135 384 2200 ξει
397 2153 430 2186 ν
475 2154 583 2202 μου
628 2135 688 2188 τὸ
737 2131 878 2198 εἶδος
926 2135 1014 2188 καὶ
1046 2135 1145 2203 τὴν
1179 2136 1371 2204 φωνήν
1384 2176 1396 2199 ,
1434 2134 1558 2198 ὥςτε
1589 2140 1779 2190 λαθεῖν

107 2218 250 2285 αὐτῷ
304 2217 688 2284 ξυγγενόμενον
732 2247 795 2256 —-
841 2215 1010 2279 οὕτως
1068 2217 1134 2286 δὴ
1191 2217 1422 2283 άφῖγμαι
1480 2216 1779 2286 θαῤῥήσας.

110 2299 582 2365 Πυνθάνομαι
640 2297 708 2350 δὲ
751 2296 864 2350 καὶ
909 2297 1056 2364 παρὰ
1109 2300 1402 2365 Φρυγῶν
1458 2297 1779 2366 πρέσβεις

107 2379 430 2431 ἀπεστάλθαι
461 2378 643 2445 κρύφ
660 2397 721 2442 α,
755 2378 874 2430 ἐάν
906 2395 1039 2440 πως
1090 2379 1358 2431 δύνωντ
1375 2398 1442 2430 αι
1482 2379 1578 2431 τὸν
1620 2382 1778 2432 Φιλο-

110 2461 308 2528 κτήτην
340 2476 380 2511 π
394 2459 493 2510 εἰσ
506 2475 623 2509 αντ
638 2475 662 2509 ε
675 2476 701 2518 ς
745 2457 776 2509 δ
793 2458 834 2509 ὠ
849 2477 880 2524 ρ
897 2477 926 2510 ο
942 2478 961 2510 ι
974 2478 1000 2520 ς
1046 2458 1155 2524 ἅμα
1188 2458 1278 2511 καὶ
1312 2459 1400 2511 διὰ
1432 2457 1530 2526 τὴν
1578 2457 1778 2527 ἔχθραν

109 2539 208 2608 τὴν
240 2540 376 2606 πρὸς
407 2539 544 2607 ἡμᾶς
576 2537 863 2604 ἀναλαβεῖν
904 2539 978 2600 εἰς
1017 2539 1116 2606 τὴν
1147 2541 1303 2592 πόλιν
1331 2559 1365 2591 α
1377 2540 1410 2590 ύ
1422 2558 1452 2590 τ
1464 2539 1492 2591 ό
1503 2558 1537 2591 ν
1569 2559 1597 2590 τ
1610 2558 1633 2591 ε
1667 2560 1699 2593 κ
1712 2540 1779 2593 αὶ

108 2639 138 2673 τ
153 2620 187 2673 ὰ
210 2639 240 2672 τ
252 2621 281 2673 6
297 2622 379 2684 ξα.
425 2618 634 2670 Τούτου
657 2613 756 2670 οὖν
772 2619 1121 2686 προκειμένου
1148 2623 1322 2673 ἄθλου
1346 2637 1384 2673 π
1398 2623 1440 2671 ὥ
1455 2639 1482 2682 ς
1506 2639 1535 2672 ο
1548 2621 1583 2671 ύ
1606 2622 1778 2674 πάντα

117 2701 394 2768 γίγνεσθαι
426 2718 456 2767 χ
471 2718 501 2765 ρ
514 2698 547 2767 ὴ
581 2702 616 2751 ά
628 2718 661 2751 ν
674 2699 705 2752 δ
719 2719 750 2766 ρ
764 2718 798 2751 α
832 2717 872 2752 π
886 2719 916 2767 ρ
930 2701 1008 2753 όθ
1021 2719 1056 2752 υ
1074 2719 1111 2768 μ
1124 2719 1153 2753 ο
1165 2720 1199 2753 ν
1212 2742 1227 2765 ,
1262 2700 1334 2763 ὡς
1367 2701 1778 2767 διαμαρτάνοντι

109 2786 204 2850 τῆς
226 2782 461 2848 πράξεως
483 2780 675 2848 ταύτης
708 2797 748 2832 π
761 2781 795 2832 ά
808 2799 928 2834 ντα
959 2800 989 2833 τ
1004 2780 1038 2834 ὰ
1071 2782 1332 2849 πρότερον
1374 2799 1396 2834 ε
1410 2782 1558 2850 ἰργα
1571 2781 1778 2848 σμένα

109 2881 148 2929 μ
161 2863 196 2915 ά
206 2881 236 2915 τ
248 2882 282 2930 η
294 2882 329 2916 ν
360 2865 695 2931 πεπονῆσθαι
727 2859 878 2914 ἔοικε.
1294 2851 1301 2857 ’

166 3060 219 3114 *)
246 3059 425 3103 Valckt

355 3126 624 3186 Ἡρακλέους
651 3144 700 3173 τε
727 3126 840 3183 τόξα
869 3132 987 3173 τοῖσι
1014 3127 1266 3186 συμμάχοις

355 3197 557 3256 φέροιμ’·
589 3197 613 3244 ὁ
641 3199 728 3258 γὰρ
759 3198 815 3256 δή
842 3197 1184 3256 μαντικώτατος
1214 3202 1401 3259 Φρυγῶν

354 3334 467 3383 ἄνευ
496 3355 546 3394 γε
575 3338 754 3384 τούτων
783 3336 950 3396 μήποτ’
982 3335 1041 3383 ἄν
1067 3338 1232 3397 πέρσαι
1257 3341 1407 3387 πόλιν.

55 3444 62 3450 ,
137 3408 219 3463 **)
246 3408 352 3451 Attii
379 3409 544 3466 fragm.
574 3409 654 3452 20:
694 3412 832 3464 „Dra
845 3415 1069 3454 contem
1095 3411 1240 3456 Attium
1268 3413 1315 3457 in
1342 3412 1616 3469 Philocteta,
1656 3414 1774 3470 quod

244 3479 396 3535 utique
415 3479 537 3525 venit
556 3494 584 3525 a
611 3482 788 3525 nomine
818 3481 876 3525 hi
890 3497 914 3523 c
943 3482 1112 3525 draco
1127 3482 1199 3525 n.”
