<?xml version="1.0" encoding="UTF-8"?>
<!DOCTYPE html PUBLIC "-//W3C//DTD XHTML 1.0 Transitional//EN"
    "http://www.w3.org/TR/xhtml1/DTD/xhtml1-transitional.dtd">
<html xmlns="http://www.w3.org/1999/xhtml" xml:lang="en" lang="en">
 <head>
  <title>
</title>
<meta http-equiv="Content-Type" content="text/html;charset=utf-8" />
  <meta name='ocr-system' content='tesseract 3.04.00' />
  <meta name='ocr-capabilities' content='ocr_page ocr_carea ocr_par ocr_line ocrx_word'/>
</head>
<body>
  <div class='ocr_page' id='page_1' title='image "./euripidesrestitu01hartuoft_0387.png"; bbox 0 0 2176 3874; ppageno 0'>
   <div class='ocr_carea' id='block_1_1' title="bbox 988 286 1112 344">
    <p class='ocr_par' dir='ltr' id='par_1_1' title="bbox 988 286 1112 344">
     <span class='ocr_line' id='line_1_1' title="bbox 988 286 1112 344; baseline 0 0"><span class='ocrx_word' id='word_1_1' title='bbox 988 286 1112 344; x_wconf 80' lang='lat'><strong>369</strong></span> 
     </span>
    </p>
   </div>
   <div class='ocr_carea' id='block_1_2' title="bbox 199 430 1898 3071">
    <p class='ocr_par' dir='ltr' id='par_1_2' title="bbox 339 430 1441 500">
     <span class='ocr_line' id='line_1_2' title="bbox 339 430 1441 500; baseline 0 -15"><span class='ocrx_word' id='word_1_2' title='bbox 339 431 477 499; x_wconf 80' lang='grc' dir='ltr'><em>πρὸς</em></span> <span class='ocrx_word' id='word_1_3' title='bbox 506 434 668 485; x_wconf 83' lang='grc' dir='ltr'><em>ταῦθ’</em></span> <span class='ocrx_word' id='word_1_4' title='bbox 703 430 734 484; x_wconf 83' lang='grc' dir='ltr'>ὅ</span> <span class='ocrx_word' id='word_1_5' title='bbox 767 449 817 484; x_wconf 83' lang='grc' dir='ltr'><strong>τι</strong></span> <span class='ocrx_word' id='word_1_6' title='bbox 847 430 950 500; x_wconf 80' lang='grc' dir='ltr'><strong>χρὴ</strong></span> <span class='ocrx_word' id='word_1_7' title='bbox 981 432 1072 484; x_wconf 84' lang='grc' dir='ltr'><strong>καὶ</strong></span> <span class='ocrx_word' id='word_1_8' title='bbox 1090 431 1441 498; x_wconf 65' lang='grc' dir='ltr'><strong>ιπαλαμάσθω</strong></span> 
     </span>
    </p>

    <p class='ocr_par' dir='ltr' id='par_1_3' title="bbox 340 509 1255 579">
     <span class='ocr_line' id='line_1_3' title="bbox 340 509 1255 579; baseline -0.001 -14"><span class='ocrx_word' id='word_1_9' title='bbox 340 512 430 565; x_wconf 84' lang='grc' dir='ltr'><strong>καὶ</strong></span> <span class='ocrx_word' id='word_1_10' title='bbox 462 518 571 566; x_wconf 82' lang='grc' dir='ltr'><strong>πᾶν</strong></span> <span class='ocrx_word' id='word_1_11' title='bbox 603 509 684 565; x_wconf 81' lang='grc' dir='ltr'><strong>ἐπ’</strong></span> <span class='ocrx_word' id='word_1_12' title='bbox 719 510 838 579; x_wconf 81' lang='grc' dir='ltr'>ἐμοὶ</span> <span class='ocrx_word' id='word_1_13' title='bbox 869 510 1225 565; x_wconf 78' lang='grc' dir='ltr'><strong><em>τεκταινέσθω</em></strong></span> <span class='ocrx_word' id='word_1_14' title='bbox 1242 531 1255 544; x_wconf 92' lang='grc'><em>·</em></span> 
     </span>
    </p>

    <p class='ocr_par' dir='ltr' id='par_1_4' title="bbox 337 588 1403 661">
     <span class='ocr_line' id='line_1_4' title="bbox 337 588 1403 661; baseline -0.002 -15"><span class='ocrx_word' id='word_1_15' title='bbox 337 594 399 647; x_wconf 78' lang='grc' dir='ltr'><strong>τὸ</strong></span> <span class='ocrx_word' id='word_1_16' title='bbox 432 594 536 661; x_wconf 78' lang='grc' dir='ltr'><strong>γὰρ</strong></span> <span class='ocrx_word' id='word_1_17' title='bbox 571 588 630 646; x_wconf 81' lang='grc' dir='ltr'><strong>εὖ</strong></span> <span class='ocrx_word' id='word_1_18' title='bbox 663 595 773 660; x_wconf 77' lang='grc' dir='ltr'><strong>μετ’</strong></span> <span class='ocrx_word' id='word_1_19' title='bbox 807 590 943 660; x_wconf 79' lang='grc' dir='ltr'>ἐμοῦ</span> <span class='ocrx_word' id='word_1_20' title='bbox 973 591 1065 645; x_wconf 82' lang='grc' dir='ltr'><strong>καὶ</strong></span> <span class='ocrx_word' id='word_1_21' title='bbox 1096 594 1159 646; x_wconf 86' lang='grc' dir='ltr'><strong>τὸ</strong></span> <span class='ocrx_word' id='word_1_22' title='bbox 1193 593 1403 646; x_wconf 78' lang='grc' dir='ltr'><em>δίκαιον</em></span> 
     </span>
    </p>

    <p class='ocr_par' dir='ltr' id='par_1_5' title="bbox 342 673 812 743">
     <span class='ocr_line' id='line_1_5' title="bbox 342 673 812 743; baseline 0 -17"><span class='ocrx_word' id='word_1_23' title='bbox 342 675 623 743; x_wconf 83' lang='grc' dir='ltr'><em>σύμμαχον</em></span> <span class='ocrx_word' id='word_1_24' title='bbox 654 673 812 736; x_wconf 76' lang='grc' dir='ltr'><em>ἔσται,</em></span> 
     </span>
    </p>

    <p class='ocr_par' dir='ltr' id='par_1_6' title="bbox 338 752 1396 824">
     <span class='ocr_line' id='line_1_6' title="bbox 338 752 1396 824; baseline -0.002 -16"><span class='ocrx_word' id='word_1_25' title='bbox 338 756 442 808; x_wconf 81' lang='grc' dir='ltr'><em>κού</em></span> <span class='ocrx_word' id='word_1_26' title='bbox 474 758 546 824; x_wconf 86' lang='grc' dir='ltr'><strong>μή</strong></span> <span class='ocrx_word' id='word_1_27' title='bbox 579 758 707 808; x_wconf 79' lang='grc' dir='ltr'><strong>ποθ’</strong></span> <span class='ocrx_word' id='word_1_28' title='bbox 741 754 851 808; x_wconf 79' lang='grc' dir='ltr'><strong>ἆλῶ</strong></span> <span class='ocrx_word' id='word_1_29' title='bbox 883 752 1023 806; x_wconf 77' lang='grc' dir='ltr'><em>κακὰ</em></span> <span class='ocrx_word' id='word_1_30' title='bbox 1055 753 1312 820; x_wconf 74' lang='grc' dir='ltr'><em>πράσσων</em></span> <span class='ocrx_word' id='word_1_31' title='bbox 1324 754 1396 817; x_wconf 87' lang='grc'><strong>*).</strong></span> 
     </span>
    </p>

    <p class='ocr_par' dir='ltr' id='par_1_7' title="bbox 203 834 1894 982">
     <span class='ocr_line' id='line_1_7' title="bbox 205 834 1894 899; baseline 0.001 -15"><span class='ocrx_word' id='word_1_32' title='bbox 205 834 302 885; x_wconf 84' lang='lat' dir='ltr'><strong>His</strong></span> <span class='ocrx_word' id='word_1_33' title='bbox 334 836 477 886; x_wconf 86' lang='lat' dir='ltr'><strong>dictis</strong></span> <span class='ocrx_word' id='word_1_34' title='bbox 512 838 572 886; x_wconf 89' lang='lat' dir='ltr'><strong>ad</strong></span> <span class='ocrx_word' id='word_1_35' title='bbox 609 855 741 888; x_wconf 88' lang='lat' dir='ltr'><strong>aram</strong></span> <span class='ocrx_word' id='word_1_36' title='bbox 777 836 903 886; x_wconf 89' lang='lat' dir='ltr'><strong>lovis</strong></span> <span class='ocrx_word' id='word_1_37' title='bbox 935 836 1123 885; x_wconf 85' lang='lat' dir='ltr'><strong>Hercei</strong></span> <span class='ocrx_word' id='word_1_38' title='bbox 1157 853 1271 886; x_wconf 92' lang='lat' dir='ltr'><strong>cum</strong></span> <span class='ocrx_word' id='word_1_39' title='bbox 1305 836 1472 884; x_wconf 87' lang='lat' dir='ltr'><strong>Danae</strong></span> <span class='ocrx_word' id='word_1_40' title='bbox 1507 835 1763 899; x_wconf 81' lang='lat' dir='ltr'><strong>confugit,</strong></span> <span class='ocrx_word' id='word_1_41' title='bbox 1807 852 1894 885; x_wconf 87' lang='lat' dir='ltr'><strong>cu-</strong></span> 
     </span>
     <span class='ocr_line' id='line_1_8' title="bbox 203 911 1306 982; baseline 0.001 -18"><span class='ocrx_word' id='word_1_42' title='bbox 203 915 281 964; x_wconf 73' lang='lat' dir='ltr'><strong>iu·</strong></span> <span class='ocrx_word' id='word_1_43' title='bbox 315 918 578 968; x_wconf 70' lang='lat' dir='ltr'>sanctitate</span> <span class='ocrx_word' id='word_1_44' title='bbox 612 934 668 968; x_wconf 87' lang='lat' dir='ltr'><strong>se</strong></span> <span class='ocrx_word' id='word_1_45' title='bbox 699 923 836 967; x_wconf 84' lang='lat' dir='ltr'><strong>tutos</strong></span> <span class='ocrx_word' id='word_1_46' title='bbox 869 916 980 966; x_wconf 77' lang='lat' dir='ltr'><strong>fore</strong></span> <span class='ocrx_word' id='word_1_47' title='bbox 1015 922 1233 982; x_wconf 88' lang='lat' dir='ltr'><strong>sperant.</strong></span> <span class='ocrx_word' id='word_1_48' title='bbox 1304 911 1306 913; x_wconf 63' lang='grc'><strong>’</strong></span> 
     </span>
    </p>

    <p class='ocr_par' dir='ltr' id='par_1_8' title="bbox 205 994 1894 1142">
     <span class='ocr_line' id='line_1_9' title="bbox 335 994 1894 1060; baseline -0.001 -14"><span class='ocrx_word' id='word_1_49' title='bbox 335 996 501 1048; x_wconf 88' lang='lat' dir='ltr'><strong>Locus</strong></span> <span class='ocrx_word' id='word_1_50' title='bbox 535 999 682 1047; x_wconf 87' lang='lat' dir='ltr'><strong>datur</strong></span> <span class='ocrx_word' id='word_1_51' title='bbox 712 997 855 1047; x_wconf 85' lang='lat' dir='ltr'><strong>chori</strong></span> <span class='ocrx_word' id='word_1_52' title='bbox 890 998 1096 1047; x_wconf 84' lang='lat' dir='ltr'><strong>carmini</strong></span> <span class='ocrx_word' id='word_1_53' title='bbox 1129 996 1276 1047; x_wconf 86' lang='lat' dir='ltr'><strong>tertio</strong></span> <span class='ocrx_word' id='word_1_54' title='bbox 1295 1031 1310 1054; x_wconf 88' lang='lat'>‚</span> <span class='ocrx_word' id='word_1_55' title='bbox 1358 1002 1455 1060; x_wconf 83' lang='lat' dir='ltr'><strong>qu‘o</strong></span> <span class='ocrx_word' id='word_1_56' title='bbox 1489 994 1617 1044; x_wconf 86' lang='lat' dir='ltr'><strong>Iovis</strong></span> <span class='ocrx_word' id='word_1_57' title='bbox 1659 995 1894 1045; x_wconf 88' lang='lat' dir='ltr'><strong>auxilium</strong></span> 
     </span>
     <span class='ocr_line' id='line_1_10' title="bbox 205 1076 926 1142; baseline 0.003 -18"><span class='ocrx_word' id='word_1_58' title='bbox 205 1076 518 1142; x_wconf 86' lang='lat' dir='ltr'><strong>imploratum</strong></span> <span class='ocrx_word' id='word_1_59' title='bbox 552 1094 666 1128; x_wconf 86' lang='lat' dir='ltr'><strong>esse</strong></span> <span class='ocrx_word' id='word_1_60' title='bbox 701 1079 926 1127; x_wconf 89' lang='lat' dir='ltr'><strong>coniicio.</strong></span> 
     </span>
    </p>

    <p class='ocr_par' dir='ltr' id='par_1_9' title="bbox 199 1156 1898 2261">
     <span class='ocr_line' id='line_1_11' title="bbox 339 1156 1898 1223; baseline -0.001 -17"><span class='ocrx_word' id='word_1_61' title='bbox 339 1158 450 1207; x_wconf 89' lang='lat' dir='ltr'><strong>Hoc</strong></span> <span class='ocrx_word' id='word_1_62' title='bbox 483 1158 623 1208; x_wconf 89' lang='lat' dir='ltr'><strong>finito</strong></span> <span class='ocrx_word' id='word_1_63' title='bbox 669 1159 719 1208; x_wconf 93' lang='lat' dir='ltr'><strong>in</strong></span> <span class='ocrx_word' id='word_1_64' title='bbox 764 1174 964 1207; x_wconf 83' lang='lat' dir='ltr'><strong>scenam</strong></span> <span class='ocrx_word' id='word_1_65' title='bbox 999 1158 1182 1223; x_wconf 89' lang='lat' dir='ltr'><strong>prodiit</strong></span> <span class='ocrx_word' id='word_1_66' title='bbox 1215 1157 1458 1218; x_wconf 77' lang='lat' dir='ltr'><strong>Perseus,</strong></span> <span class='ocrx_word' id='word_1_67' title='bbox 1509 1156 1696 1206; x_wconf 86' lang='lat' dir='ltr'><strong>intrans</strong></span> <span class='ocrx_word' id='word_1_68' title='bbox 1738 1156 1800 1205; x_wconf 89' lang='lat' dir='ltr'><strong>ab</strong></span> <span class='ocrx_word' id='word_1_69' title='bbox 1835 1172 1898 1205; x_wconf 87' lang='lat' dir='ltr'><strong>ea</strong></span> 
     </span>
     <span class='ocr_line' id='line_1_12' title="bbox 205 1236 1898 1303; baseline 0.001 -18"><span class='ocrx_word' id='word_1_70' title='bbox 205 1241 377 1300; x_wconf 78' lang='lat' dir='ltr'><strong>parte,</strong></span> <span class='ocrx_word' id='word_1_71' title='bbox 422 1254 518 1302; x_wconf 89' lang='lat' dir='ltr'><strong>qua</strong></span> <span class='ocrx_word' id='word_1_72' title='bbox 563 1240 646 1303; x_wconf 85' lang='lat' dir='ltr'><strong>qui</strong></span> <span class='ocrx_word' id='word_1_73' title='bbox 679 1255 893 1303; x_wconf 82' lang='lat' dir='ltr'><strong>peregre</strong></span> <span class='ocrx_word' id='word_1_74' title='bbox 926 1239 1253 1287; x_wconf 84' lang='lat' dir='ltr'><strong>adveniebant</strong></span> <span class='ocrx_word' id='word_1_75' title='bbox 1296 1238 1482 1286; x_wconf 90' lang='lat' dir='ltr'><strong>intrare</strong></span> <span class='ocrx_word' id='word_1_76' title='bbox 1514 1236 1754 1287; x_wconf 86' lang='lat' dir='ltr'><strong>solebant.</strong></span> <span class='ocrx_word' id='word_1_77' title='bbox 1821 1237 1898 1288; x_wconf 90' lang='lat' dir='ltr'><strong>Ibi</strong></span> 
     </span>
     <span class='ocr_line' id='line_1_13' title="bbox 202 1315 1895 1383; baseline 0.002 -19"><span class='ocrx_word' id='word_1_78' title='bbox 202 1315 356 1380; x_wconf 87' lang='lat' dir='ltr'><strong>igitur</strong></span> <span class='ocrx_word' id='word_1_79' title='bbox 386 1334 451 1367; x_wconf 87' lang='lat' dir='ltr'><strong>ex</strong></span> <span class='ocrx_word' id='word_1_80' title='bbox 496 1319 696 1368; x_wconf 84' lang='lat' dir='ltr'><strong>sublimi</strong></span> <span class='ocrx_word' id='word_1_81' title='bbox 733 1319 994 1383; x_wconf 72' lang='lat' dir='ltr'><strong>delapsuS,</strong></span> <span class='ocrx_word' id='word_1_82' title='bbox 1043 1318 1257 1366; x_wconf 84' lang='lat' dir='ltr'><strong>salutata</strong></span> <span class='ocrx_word' id='word_1_83' title='bbox 1291 1322 1452 1379; x_wconf 72' lang='lat' dir='ltr'><strong>terra,</strong></span> <span class='ocrx_word' id='word_1_84' title='bbox 1498 1316 1550 1365; x_wconf 90' lang='lat' dir='ltr'><strong>in</strong></span> <span class='ocrx_word' id='word_1_85' title='bbox 1583 1332 1678 1380; x_wconf 87' lang='lat' dir='ltr'><strong>qua</strong></span> <span class='ocrx_word' id='word_1_86' title='bbox 1713 1317 1895 1368; x_wconf 85' lang='lat' dir='ltr'><strong>educa-</strong></span> 
     </span>
     <span class='ocr_line' id='line_1_14' title="bbox 203 1397 1896 1463; baseline 0.001 -18"><span class='ocrx_word' id='word_1_87' title='bbox 203 1400 283 1445; x_wconf 83' lang='lat' dir='ltr'><strong>tus</strong></span> <span class='ocrx_word' id='word_1_88' title='bbox 318 1403 456 1459; x_wconf 88' lang='lat' dir='ltr'><strong>erat,</strong></span> <span class='ocrx_word' id='word_1_89' title='bbox 503 1399 733 1463; x_wconf 86' lang='lat' dir='ltr'><strong>exposito</strong></span> <span class='ocrx_word' id='word_1_90' title='bbox 766 1400 944 1447; x_wconf 89' lang='lat' dir='ltr'><strong>itinere</strong></span> <span class='ocrx_word' id='word_1_91' title='bbox 991 1403 1043 1446; x_wconf 91' lang='lat' dir='ltr'><strong>et</strong></span> <span class='ocrx_word' id='word_1_92' title='bbox 1090 1397 1390 1457; x_wconf 80' lang='lat' dir='ltr'><strong>certamine,</strong></span> <span class='ocrx_word' id='word_1_93' title='bbox 1441 1397 1656 1446; x_wconf 89' lang='lat' dir='ltr'><strong>ostensis</strong></span> <span class='ocrx_word' id='word_1_94' title='bbox 1705 1397 1896 1463; x_wconf 83' lang='lat' dir='ltr'><strong>spoliis,</strong></span> 
     </span>
     <span class='ocr_line' id='line_1_15' title="bbox 205 1474 1898 1543; baseline 0.002 -18"><span class='ocrx_word' id='word_1_95' title='bbox 205 1492 332 1541; x_wconf 88' lang='lat' dir='ltr'><strong>quae</strong></span> <span class='ocrx_word' id='word_1_96' title='bbox 381 1480 667 1543; x_wconf 85' lang='lat' dir='ltr'><strong>reportabat</strong></span> <span class='ocrx_word' id='word_1_97' title='bbox 682 1474 794 1542; x_wconf 62' lang='grc' dir='ltr'>*ζ*),</span> <span class='ocrx_word' id='word_1_98' title='bbox 841 1495 934 1543; x_wconf 91' lang='lat' dir='ltr'><strong>per</strong></span> <span class='ocrx_word' id='word_1_99' title='bbox 991 1478 1232 1543; x_wconf 85' lang='lat' dir='ltr'><strong>parodum</strong></span> <span class='ocrx_word' id='word_1_100' title='bbox 1272 1477 1550 1542; x_wconf 85' lang='lat' dir='ltr'><strong>procedens</strong></span> <span class='ocrx_word' id='word_1_101' title='bbox 1587 1482 1797 1527; x_wconf 88' lang='lat' dir='ltr'><strong>matrem</strong></span> <span class='ocrx_word' id='word_1_102' title='bbox 1833 1479 1898 1528; x_wconf 90' lang='lat' dir='ltr'><strong>ad</strong></span> 
     </span>
     <span class='ocr_line' id='line_1_16' title="bbox 203 1557 1897 1623; baseline 0.002 -18"><span class='ocrx_word' id='word_1_103' title='bbox 203 1572 339 1606; x_wconf 85' lang='lat' dir='ltr'><strong>aram</strong></span> <span class='ocrx_word' id='word_1_104' title='bbox 375 1559 633 1607; x_wconf 87' lang='lat' dir='ltr'><strong>sedentem</strong></span> <span class='ocrx_word' id='word_1_105' title='bbox 669 1559 941 1623; x_wconf 84' lang='lat' dir='ltr'><strong>conspexit.</strong></span> <span class='ocrx_word' id='word_1_106' title='bbox 1009 1559 1053 1608; x_wconf 92' lang='lat' dir='ltr'><strong>A</strong></span> <span class='ocrx_word' id='word_1_107' title='bbox 1088 1574 1183 1620; x_wconf 87' lang='lat' dir='ltr'><strong>qua</strong></span> <span class='ocrx_word' id='word_1_108' title='bbox 1215 1573 1392 1622; x_wconf 90' lang='lat' dir='ltr'><strong>magna</strong></span> <span class='ocrx_word' id='word_1_109' title='bbox 1435 1573 1548 1606; x_wconf 92' lang='lat' dir='ltr'><strong>cum</strong></span> <span class='ocrx_word' id='word_1_110' title='bbox 1581 1557 1775 1606; x_wconf 87' lang='lat' dir='ltr'><strong>laetitia</strong></span> <span class='ocrx_word' id='word_1_111' title='bbox 1808 1574 1897 1608; x_wconf 88' lang='lat' dir='ltr'><strong>ex-</strong></span> 
     </span>
     <span class='ocr_line' id='line_1_17' title="bbox 205 1637 1896 1703; baseline 0.002 -19"><span class='ocrx_word' id='word_1_112' title='bbox 205 1641 383 1701; x_wconf 87' lang='lat' dir='ltr'><strong>ceptus</strong></span> <span class='ocrx_word' id='word_1_113' title='bbox 428 1638 591 1703; x_wconf 88' lang='lat' dir='ltr'><strong>deque</strong></span> <span class='ocrx_word' id='word_1_114' title='bbox 636 1639 946 1698; x_wconf 75' lang='lat' dir='ltr'><strong>discrimine,</strong></span> <span class='ocrx_word' id='word_1_115' title='bbox 994 1639 1045 1687; x_wconf 90' lang='lat' dir='ltr'><strong>in</strong></span> <span class='ocrx_word' id='word_1_116' title='bbox 1081 1653 1179 1701; x_wconf 85' lang='lat' dir='ltr'><strong>quo</strong></span> <span class='ocrx_word' id='word_1_117' title='bbox 1222 1638 1333 1703; x_wconf 86' lang='lat' dir='ltr'><strong>ipsa</strong></span> <span class='ocrx_word' id='word_1_118' title='bbox 1365 1642 1623 1694; x_wconf 83' lang='lat' dir='ltr'><strong>versatur,</strong></span> <span class='ocrx_word' id='word_1_119' title='bbox 1669 1637 1896 1699; x_wconf 81' lang='lat' dir='ltr'><strong>edoctuS,</strong></span> 
     </span>
     <span class='ocr_line' id='line_1_18' title="bbox 205 1717 1898 1783; baseline 0.002 -18"><span class='ocrx_word' id='word_1_120' title='bbox 205 1731 412 1780; x_wconf 82' lang='lat' dir='ltr'><strong>surgere</strong></span> <span class='ocrx_word' id='word_1_121' title='bbox 445 1719 699 1783; x_wconf 85' lang='lat' dir='ltr'><strong>supplices</strong></span> <span class='ocrx_word' id='word_1_122' title='bbox 738 1719 962 1782; x_wconf 86' lang='lat' dir='ltr'><strong>bonoque</strong></span> <span class='ocrx_word' id='word_1_123' title='bbox 995 1719 1159 1768; x_wconf 89' lang='lat' dir='ltr'><strong>animo</strong></span> <span class='ocrx_word' id='word_1_124' title='bbox 1202 1734 1316 1767; x_wconf 88' lang='lat' dir='ltr'><strong>esse</strong></span> <span class='ocrx_word' id='word_1_125' title='bbox 1348 1718 1500 1778; x_wconf 78' lang='lat' dir='ltr'><strong>iubet,</strong></span> <span class='ocrx_word' id='word_1_126' title='bbox 1551 1717 1806 1767; x_wconf 86' lang='lat' dir='ltr'><strong>affirmans</strong></span> <span class='ocrx_word' id='word_1_127' title='bbox 1841 1734 1898 1768; x_wconf 89' lang='lat' dir='ltr'><strong>se</strong></span> 
     </span>
     <span class='ocr_line' id='line_1_19' title="bbox 204 1795 1896 1848; baseline 0.002 -4"><span class='ocrx_word' id='word_1_128' title='bbox 204 1795 283 1845; x_wconf 86' lang='lat' dir='ltr'><strong>vel</strong></span> <span class='ocrx_word' id='word_1_129' title='bbox 331 1797 489 1846; x_wconf 90' lang='lat' dir='ltr'><strong>solum</strong></span> <span class='ocrx_word' id='word_1_130' title='bbox 537 1805 787 1848; x_wconf 86' lang='lat' dir='ltr'><strong>certamen</strong></span> <span class='ocrx_word' id='word_1_131' title='bbox 824 1814 935 1847; x_wconf 91' lang='lat' dir='ltr'><strong>cum</strong></span> <span class='ocrx_word' id='word_1_132' title='bbox 973 1800 1196 1848; x_wconf 89' lang='lat' dir='ltr'><strong>omnibus</strong></span> <span class='ocrx_word' id='word_1_133' title='bbox 1242 1803 1598 1848; x_wconf 88' lang='lat' dir='ltr'><strong>sustenturum.</strong></span> <span class='ocrx_word' id='word_1_134' title='bbox 1678 1796 1896 1848; x_wconf 88' lang='lat' dir='ltr'><strong>Veniens</strong></span> 
     </span>
     <span class='ocr_line' id='line_1_20' title="bbox 204 1876 1896 1943; baseline 0.001 -17"><span class='ocrx_word' id='word_1_135' title='bbox 204 1876 388 1926; x_wconf 87' lang='lat' dir='ltr'><strong>deinde</strong></span> <span class='ocrx_word' id='word_1_136' title='bbox 435 1893 546 1926; x_wconf 91' lang='lat' dir='ltr'><strong>cum</strong></span> <span class='ocrx_word' id='word_1_137' title='bbox 594 1881 761 1927; x_wconf 87' lang='lat' dir='ltr'><strong>amicis</strong></span> <span class='ocrx_word' id='word_1_138' title='bbox 795 1880 1140 1943; x_wconf 88' lang='lat' dir='ltr'><strong>convivisque,</strong></span> <span class='ocrx_word' id='word_1_139' title='bbox 1186 1879 1314 1927; x_wconf 90' lang='lat' dir='ltr'><strong>sicut</strong></span> <span class='ocrx_word' id='word_1_140' title='bbox 1357 1877 1633 1943; x_wconf 84' lang='lat' dir='ltr'><strong>praedixit,</strong></span> <span class='ocrx_word' id='word_1_141' title='bbox 1680 1877 1896 1943; x_wconf 80' lang='lat' dir='ltr'><strong>Polyde-</strong></span> 
     </span>
     <span class='ocr_line' id='line_1_21' title="bbox 204 1958 1898 2022; baseline 0.002 -16"><span class='ocrx_word' id='word_1_142' title='bbox 204 1963 339 2016; x_wconf 68' lang='grc' dir='ltr'>εἴθε,</span> <span class='ocrx_word' id='word_1_143' title='bbox 374 1958 459 2006; x_wconf 91' lang='lat' dir='ltr'><strong>ubi</strong></span> <span class='ocrx_word' id='word_1_144' title='bbox 494 1959 752 2022; x_wconf 79' lang='lat' dir='ltr'><strong>conspexit</strong></span> <span class='ocrx_word' id='word_1_145' title='bbox 785 1958 1031 2008; x_wconf 88' lang='lat' dir='ltr'><strong>Perseum</strong></span> <span class='ocrx_word' id='word_1_146' title='bbox 1066 1958 1331 2014; x_wconf 79' lang='lat' dir='ltr'><strong>reducem,</strong></span> <span class='ocrx_word' id='word_1_147' title='bbox 1383 1973 1562 2007; x_wconf 87' lang='lat' dir='ltr'><strong>vanum</strong></span> <span class='ocrx_word' id='word_1_148' title='bbox 1595 1958 1812 2022; x_wconf 87' lang='lat' dir='ltr'><strong>appellat</strong></span> <span class='ocrx_word' id='word_1_149' title='bbox 1845 1963 1898 2008; x_wconf 88' lang='lat' dir='ltr'><strong>et</strong></span> 
     </span>
     <span class='ocr_line' id='line_1_22' title="bbox 201 2037 1897 2103; baseline 0.002 -18"><span class='ocrx_word' id='word_1_150' title='bbox 201 2037 521 2096; x_wconf 76' lang='lat' dir='ltr'><strong>mendacem,</strong></span> <span class='ocrx_word' id='word_1_151' title='bbox 581 2055 744 2103; x_wconf 90' lang='lat' dir='ltr'><strong>neque</strong></span> <span class='ocrx_word' id='word_1_152' title='bbox 790 2039 933 2099; x_wconf 70' lang='lat' dir='ltr'><strong>love,</strong></span> <span class='ocrx_word' id='word_1_153' title='bbox 981 2038 1070 2086; x_wconf 86' lang='lat' dir='ltr'><strong>sed</strong></span> <span class='ocrx_word' id='word_1_154' title='bbox 1114 2037 1474 2103; x_wconf 88' lang='lat' dir='ltr'><strong>ignobilissimo</strong></span> <span class='ocrx_word' id='word_1_155' title='bbox 1523 2043 1668 2102; x_wconf 88' lang='lat' dir='ltr'><strong>patre</strong></span> <span class='ocrx_word' id='word_1_156' title='bbox 1711 2043 1897 2089; x_wconf 86' lang='lat' dir='ltr'><strong>natum.</strong></span> 
     </span>
     <span class='ocr_line' id='line_1_23' title="bbox 201 2116 1897 2184; baseline 0.002 -17"><span class='ocrx_word' id='word_1_157' title='bbox 201 2117 385 2168; x_wconf 89' lang='lat' dir='ltr'><strong>Testes</strong></span> <span class='ocrx_word' id='word_1_158' title='bbox 422 2124 538 2167; x_wconf 90' lang='lat' dir='ltr'><strong>sunt</strong></span> <span class='ocrx_word' id='word_1_159' title='bbox 560 2118 769 2168; x_wconf 90' lang='lat' dir='ltr'><strong>Ovidius</strong></span> <span class='ocrx_word' id='word_1_160' title='bbox 804 2124 855 2168; x_wconf 86' lang='lat' dir='ltr'><strong>et</strong></span> <span class='ocrx_word' id='word_1_161' title='bbox 889 2118 1261 2184; x_wconf 83' lang='lat' dir='ltr'><strong>epigrammatis</strong></span> <span class='ocrx_word' id='word_1_162' title='bbox 1287 2116 1524 2181; x_wconf 81' lang='lat' dir='ltr'><strong>Cyziceni</strong></span> <span class='ocrx_word' id='word_1_163' title='bbox 1549 2122 1739 2180; x_wconf 82' lang='lat' dir='ltr'><strong>auctor,</strong></span> <span class='ocrx_word' id='word_1_164' title='bbox 1773 2134 1897 2183; x_wconf 90' lang='lat' dir='ltr'><strong>quo-</strong></span> 
     </span>
     <span class='ocr_line' id='line_1_24' title="bbox 199 2199 1262 2261; baseline 0.001 -14"><span class='ocrx_word' id='word_1_165' title='bbox 199 2213 312 2248; x_wconf 86' lang='lat' dir='ltr'><strong>rum</strong></span> <span class='ocrx_word' id='word_1_166' title='bbox 344 2199 458 2248; x_wconf 88' lang='lat' dir='ltr'><strong>ille:</strong></span> <span class='ocrx_word' id='word_1_167' title='bbox 1259 2260 1262 2261; x_wconf 15' lang='lat'><em>⁷</em></span> 
     </span>
    </p>

    <p class='ocr_par' dir='ltr' id='par_1_10' title="bbox 333 2278 1830 2347">
     <span class='ocr_line' id='line_1_25' title="bbox 333 2278 1830 2347; baseline 0.001 -19"><span class='ocrx_word' id='word_1_168' title='bbox 333 2279 448 2341; x_wconf 79' lang='lat' dir='ltr'><strong>„Te</strong></span> <span class='ocrx_word' id='word_1_169' title='bbox 480 2286 686 2339; x_wconf 81' lang='lat' dir='ltr'><strong>tamen,</strong></span> <span class='ocrx_word' id='word_1_170' title='bbox 726 2297 754 2330; x_wconf 90' lang='lat' dir='ltr'><strong>o</strong></span> <span class='ocrx_word' id='word_1_171' title='bbox 779 2296 984 2347; x_wconf 83' lang='lat' dir='ltr'><strong>parvae</strong></span> <span class='ocrx_word' id='word_1_172' title='bbox 1018 2285 1214 2338; x_wconf 83' lang='lat' dir='ltr'><strong>rector,</strong></span> <span class='ocrx_word' id='word_1_173' title='bbox 1251 2278 1562 2345; x_wconf 74' lang='lat' dir='ltr'><strong>Polydecta‚</strong></span> <span class='ocrx_word' id='word_1_174' title='bbox 1600 2278 1830 2347; x_wconf 78' lang='lat' dir='ltr'><strong>Seriphi,</strong></span> 
     </span>
    </p>

    <p class='ocr_par' dir='ltr' id='par_1_11' title="bbox 337 2358 1642 2426">
     <span class='ocr_line' id='line_1_26' title="bbox 337 2358 1642 2426; baseline -0.001 -18"><span class='ocrx_word' id='word_1_175' title='bbox 337 2358 456 2410; x_wconf 89' lang='lat' dir='ltr'><strong>Nec</strong></span> <span class='ocrx_word' id='word_1_176' title='bbox 492 2361 693 2408; x_wconf 79' lang='lat' dir='ltr'><strong>iuvenis</strong></span> <span class='ocrx_word' id='word_1_177' title='bbox 726 2362 890 2408; x_wconf 80' lang='lat' dir='ltr'><strong>virtus</strong></span> <span class='ocrx_word' id='word_1_178' title='bbox 917 2377 1016 2426; x_wconf 80' lang='lat' dir='ltr'><strong>per</strong></span> <span class='ocrx_word' id='word_1_179' title='bbox 1051 2366 1128 2408; x_wconf 85' lang='lat' dir='ltr'><strong>tot</strong></span> <span class='ocrx_word' id='word_1_180' title='bbox 1161 2366 1403 2426; x_wconf 81' lang='lat' dir='ltr'><strong>spectata</strong></span> <span class='ocrx_word' id='word_1_181' title='bbox 1438 2358 1642 2408; x_wconf 81' lang='lat' dir='ltr'><strong>labores</strong></span> 
     </span>
    </p>

    <p class='ocr_par' dir='ltr' id='par_1_12' title="bbox 339 2438 1684 2497">
     <span class='ocr_line' id='line_1_27' title="bbox 339 2438 1684 2497; baseline -0.001 -8"><span class='ocrx_word' id='word_1_182' title='bbox 339 2438 460 2489; x_wconf 88' lang='lat' dir='ltr'><strong>Nec</strong></span> <span class='ocrx_word' id='word_1_183' title='bbox 493 2441 636 2489; x_wconf 87' lang='lat' dir='ltr'><strong>mala</strong></span> <span class='ocrx_word' id='word_1_184' title='bbox 670 2441 1002 2497; x_wconf 81' lang='lat' dir='ltr'><strong>mollierant;</strong></span> <span class='ocrx_word' id='word_1_185' title='bbox 1035 2439 1129 2488; x_wconf 82' lang='lat' dir='ltr'><strong>sed</strong></span> <span class='ocrx_word' id='word_1_186' title='bbox 1161 2439 1488 2488; x_wconf 69' lang='lat' dir='ltr'><strong>inexorabile</strong></span> <span class='ocrx_word' id='word_1_187' title='bbox 1524 2438 1684 2487; x_wconf 79' lang='lat' dir='ltr'><strong>daras</strong></span> 
     </span>
    </p>

    <p class='ocr_par' dir='ltr' id='par_1_13' title="bbox 334 2519 1653 2588">
     <span class='ocr_line' id='line_1_28' title="bbox 334 2519 1653 2588; baseline -0.002 -19"><span class='ocrx_word' id='word_1_188' title='bbox 334 2520 576 2570; x_wconf 65' lang='lat' dir='ltr'><strong>Exerces</strong></span> <span class='ocrx_word' id='word_1_189' title='bbox 611 2520 815 2578; x_wconf 82' lang='lat' dir='ltr'><strong>odium,</strong></span> <span class='ocrx_word' id='word_1_190' title='bbox 851 2536 947 2569; x_wconf 78' lang='lat' dir='ltr'><strong>nec</strong></span> <span class='ocrx_word' id='word_1_191' title='bbox 983 2521 1164 2586; x_wconf 79' lang='lat' dir='ltr'><strong>iniqua</strong></span> <span class='ocrx_word' id='word_1_192' title='bbox 1184 2521 1318 2588; x_wconf 81' lang='lat' dir='ltr'><strong>finis</strong></span> <span class='ocrx_word' id='word_1_193' title='bbox 1353 2519 1408 2568; x_wconf 80' lang='lat' dir='ltr'><strong>in</strong></span> <span class='ocrx_word' id='word_1_194' title='bbox 1443 2519 1527 2567; x_wconf 85' lang='lat' dir='ltr'><strong>ira</strong></span> <span class='ocrx_word' id='word_1_195' title='bbox 1563 2524 1653 2579; x_wconf 76' lang='lat' dir='ltr'><strong>est.</strong></span> 
     </span>
    </p>

    <p class='ocr_par' dir='ltr' id='par_1_14' title="bbox 335 2597 1896 2665">
     <span class='ocr_line' id='line_1_29' title="bbox 335 2597 1896 2665; baseline -0.002 -14"><span class='ocrx_word' id='word_1_196' title='bbox 335 2601 710 2651; x_wconf 83' lang='lat' dir='ltr'><strong>Detrectas</strong></span> <span class='ocrx_word' id='word_1_197' title='bbox 753 2601 969 2649; x_wconf 82' lang='lat' dir='ltr'><strong>etiam</strong></span> <span class='ocrx_word' id='word_1_198' title='bbox 1010 2599 1280 2660; x_wconf 77' lang='lat' dir='ltr'><strong>laude8‚</strong></span> <span class='ocrx_word' id='word_1_199' title='bbox 1315 2600 1711 2665; x_wconf 78' lang='lat' dir='ltr'><strong>fictamque</strong></span> <span class='ocrx_word' id='word_1_200' title='bbox 1763 2597 1896 2648; x_wconf 88' lang='lat' dir='ltr'><strong>Me-</strong></span> 
     </span>
    </p>

    <p class='ocr_par' dir='ltr' id='par_1_15' title="bbox 1060 2678 1274 2729">
     <span class='ocr_line' id='line_1_30' title="bbox 1060 2678 1274 2729; baseline 0.009 -2"><span class='ocrx_word' id='word_1_201' title='bbox 1060 2678 1274 2729; x_wconf 79' lang='lat' dir='ltr'><strong>dusae</strong></span> 
     </span>
    </p>

    <p class='ocr_par' dir='ltr' id='par_1_16' title="bbox 337 2759 1097 2828">
     <span class='ocr_line' id='line_1_31' title="bbox 337 2759 1097 2828; baseline -0.005 -16"><span class='ocrx_word' id='word_1_202' title='bbox 337 2763 599 2828; x_wconf 80' lang='lat' dir='ltr'><strong>Arguis</strong></span> <span class='ocrx_word' id='word_1_203' title='bbox 634 2779 783 2812; x_wconf 80' lang='lat' dir='ltr'><strong>esse</strong></span> <span class='ocrx_word' id='word_1_204' title='bbox 821 2759 1097 2810; x_wconf 83' lang='lat' dir='ltr'><strong>necem.&#39;&#39;</strong></span> 
     </span>
    </p>

    <p class='ocr_par' dir='ltr' id='par_1_17' title="bbox 202 2843 1111 2911">
     <span class='ocr_line' id='line_1_32' title="bbox 202 2843 1111 2911; baseline -0.007 -17"><span class='ocrx_word' id='word_1_205' title='bbox 202 2844 586 2911; x_wconf 82' lang='lat' dir='ltr'><strong>Epigrammatis</strong></span> <span class='ocrx_word' id='word_1_206' title='bbox 622 2844 772 2892; x_wconf 87' lang='lat' dir='ltr'><strong>verba</strong></span> <span class='ocrx_word' id='word_1_207' title='bbox 805 2843 932 2890; x_wconf 91' lang='lat' dir='ltr'><strong>haec</strong></span> <span class='ocrx_word' id='word_1_208' title='bbox 967 2846 1111 2889; x_wconf 86' lang='lat' dir='ltr'><strong>sunt:</strong></span> 
     </span>
    </p>

    <p class='ocr_par' dir='ltr' id='par_1_18' title="bbox 318 2914 1838 2989">
     <span class='ocr_line' id='line_1_33' title="bbox 318 2914 1838 2989; baseline -0.005 -14"><span class='ocrx_word' id='word_1_209' title='bbox 318 2916 513 2989; x_wconf 72' lang='grc' dir='ltr'><em>’Έτλης</em></span> <span class='ocrx_word' id='word_1_210' title='bbox 544 2921 635 2974; x_wconf 81' lang='grc' dir='ltr'><strong>καὶ</strong></span> <span class='ocrx_word' id='word_1_211' title='bbox 669 2914 735 2974; x_wconf 87' lang='grc' dir='ltr'><strong>σὺ</strong></span> <span class='ocrx_word' id='word_1_212' title='bbox 768 2919 889 2988; x_wconf 83' lang='grc' dir='ltr'><strong><em>λέχη</em></strong></span> <span class='ocrx_word' id='word_1_213' title='bbox 923 2918 1175 2983; x_wconf 79' lang='grc' dir='ltr'><em>Δανάης,</em></span> <span class='ocrx_word' id='word_1_214' title='bbox 1214 2916 1557 2980; x_wconf 76' lang='grc' dir='ltr'><em>Πολύδεκτα,</em></span> <span class='ocrx_word' id='word_1_215' title='bbox 1592 2917 1838 2983; x_wconf 80' lang='grc' dir='ltr'><em>μιαίνειν,</em></span> 
     </span>
    </p>

    <p class='ocr_par' dir='ltr' id='par_1_19' title="bbox 434 2997 1897 3071">
     <span class='ocr_line' id='line_1_34' title="bbox 434 2997 1897 3071; baseline -0.003 -16"><span class='ocrx_word' id='word_1_216' title='bbox 434 3003 811 3071; x_wconf 80' lang='grc' dir='ltr'><em>δυςφήμοις</em></span> <span class='ocrx_word' id='word_1_217' title='bbox 835 3001 1067 3062; x_wconf 80' lang='grc' dir='ltr'><em>εὐναῖς</em></span> <span class='ocrx_word' id='word_1_218' title='bbox 1091 3004 1170 3066; x_wconf 80' lang='grc' dir='ltr'><strong>τῷ</strong></span> <span class='ocrx_word' id='word_1_219' title='bbox 1187 2998 1300 3051; x_wconf 83' lang='grc' dir='ltr'><strong>Διὶ</strong></span> <span class='ocrx_word' id='word_1_220' title='bbox 1326 2997 1897 3066; x_wconf 38' lang='grc' dir='ltr'><strong>μεμψάμενοςῗῑέἴῖᾞγ</strong></span> 
     </span>
    </p>
   </div>
   <div class='ocr_carea' id='block_1_3' title="bbox 301 3132 655 3140">
    <p class='ocr_par' dir='ltr' id='par_1_20' title="bbox 301 3132 655 3140">
     <span class='ocr_line' id='line_1_35' title="bbox 301 3132 655 3140; baseline 0 0"><span class='ocrx_word' id='word_1_221' title='bbox 301 3132 655 3140; x_wconf 95' lang='lat' dir='ltr'><strong> </strong></span> 
     </span>
    </p>
   </div>
   <div class='ocr_carea' id='block_1_4' title="bbox 239 3198 1901 3328">
    <p class='ocr_par' dir='ltr' id='par_1_21' title="bbox 239 3198 1901 3328">
     <span class='ocr_line' id='line_1_36' title="bbox 268 3198 1128 3258; baseline -0.008 -13"><span class='ocrx_word' id='word_1_222' title='bbox 268 3202 318 3258; x_wconf 67' lang='lat'><strong>*)</strong></span> <span class='ocrx_word' id='word_1_223' title='bbox 346 3202 534 3258; x_wconf 85' lang='lat' dir='ltr'><strong>Fragm.</strong></span> <span class='ocrx_word' id='word_1_224' title='bbox 567 3201 653 3243; x_wconf 90' lang='lat' dir='ltr'><strong>inc.</strong></span> <span class='ocrx_word' id='word_1_225' title='bbox 682 3198 752 3242; x_wconf 82' lang='lat'><strong>96.</strong></span> <span class='ocrx_word' id='word_1_226' title='bbox 1106 3227 1128 3246; x_wconf 60' lang='lat'>0</span> 
     </span>
     <span class='ocr_line' id='line_1_37' title="bbox 239 3262 1901 3328; baseline -0.008 -12"><span class='ocrx_word' id='word_1_227' title='bbox 239 3272 317 3328; x_wconf 55' lang='grc' dir='ltr'><strong>*ἢ</strong></span> <span class='ocrx_word' id='word_1_228' title='bbox 346 3273 486 3315; x_wconf 86' lang='lat' dir='ltr'><strong>Plura</strong></span> <span class='ocrx_word' id='word_1_229' title='bbox 529 3272 583 3313; x_wconf 83' lang='lat' dir='ltr'><strong>de</strong></span> <span class='ocrx_word' id='word_1_230' title='bbox 622 3270 695 3312; x_wconf 86' lang='lat' dir='ltr'><strong>his</strong></span> <span class='ocrx_word' id='word_1_231' title='bbox 734 3269 980 3312; x_wconf 81' lang='lat' dir='ltr'><strong>referentes</strong></span> <span class='ocrx_word' id='word_1_232' title='bbox 1018 3267 1122 3310; x_wconf 82' lang='lat' dir='ltr'><strong>vide</strong></span> <span class='ocrx_word' id='word_1_233' title='bbox 1169 3265 1461 3310; x_wconf 83' lang='lat' dir='ltr'><strong>scholiastam</strong></span> <span class='ocrx_word' id='word_1_234' title='bbox 1499 3262 1724 3320; x_wconf 87' lang='lat' dir='ltr'><strong>Apollonii</strong></span> <span class='ocrx_word' id='word_1_235' title='bbox 1765 3265 1901 3316; x_wconf 86' lang='lat' dir='ltr'><strong>atque</strong></span> 
     </span>
    </p>
   </div>
   <div class='ocr_carea' id='block_1_5' title="bbox 216 3342 1901 3535">
    <p class='ocr_par' dir='ltr' id='par_1_22' title="bbox 216 3342 1901 3535">
     <span class='ocr_line' id='line_1_38' title="bbox 346 3342 683 3398; baseline -0.003 -14"><span class='ocrx_word' id='word_1_236' title='bbox 346 3342 683 3398; x_wconf 86' lang='lat' dir='ltr'><strong>Apollodorum.</strong></span> 
     </span>
     <span class='ocr_line' id='line_1_39' title="bbox 216 3399 1899 3468; baseline -0.007 -12"><span class='ocrx_word' id='word_1_237' title='bbox 216 3412 323 3468; x_wconf 33' lang='grc' dir='ltr'><strong>ἢῆ)</strong></span> <span class='ocrx_word' id='word_1_238' title='bbox 350 3412 502 3456; x_wconf 87' lang='lat' dir='ltr'><strong>Nolim</strong></span> <span class='ocrx_word' id='word_1_239' title='bbox 530 3411 726 3456; x_wconf 84' lang='lat' dir='ltr'><strong>Iacobsii</strong></span> <span class='ocrx_word' id='word_1_240' title='bbox 754 3408 1112 3453; x_wconf 86' lang='lat' dir='ltr'><strong>emendationem</strong></span> <span class='ocrx_word' id='word_1_241' title='bbox 1136 3405 1313 3457; x_wconf 80' lang='grc' dir='ltr'><em>δέννοις</em></span> <span class='ocrx_word' id='word_1_242' title='bbox 1341 3421 1423 3462; x_wconf 86' lang='lat' dir='ltr'><strong>pro</strong></span> <span class='ocrx_word' id='word_1_243' title='bbox 1462 3402 1620 3453; x_wconf 74' lang='grc' dir='ltr'><em>εὐναῖς</em></span> <span class='ocrx_word' id='word_1_244' title='bbox 1648 3399 1899 3444; x_wconf 81' lang='lat' dir='ltr'><strong>admittere.</strong></span> 
     </span>
     <span class='ocr_line' id='line_1_40' title="bbox 346 3470 1901 3535; baseline -0.007 -8"><span class='ocrx_word' id='word_1_245' title='bbox 346 3478 521 3528; x_wconf 57' lang='lat' dir='ltr'><strong>Sensus*</strong></span> <span class='ocrx_word' id='word_1_246' title='bbox 540 3483 616 3527; x_wconf 86' lang='lat' dir='ltr'><strong>hic</strong></span> <span class='ocrx_word' id='word_1_247' title='bbox 645 3486 735 3526; x_wconf 82' lang='lat' dir='ltr'><strong>est:</strong></span> <span class='ocrx_word' id='word_1_248' title='bbox 766 3479 1030 3535; x_wconf 81' lang='lat' dir='ltr'><strong>„maledixit</strong></span> <span class='ocrx_word' id='word_1_249' title='bbox 1049 3476 1174 3522; x_wconf 80' lang='lat' dir='ltr'><strong>Iovis</strong></span> <span class='ocrx_word' id='word_1_250' title='bbox 1202 3478 1441 3532; x_wconf 86' lang='lat' dir='ltr'><strong>connubio,</strong></span> <span class='ocrx_word' id='word_1_251' title='bbox 1470 3477 1620 3531; x_wconf 81' lang='lat' dir='ltr'><strong>itaque</strong></span> <span class='ocrx_word' id='word_1_252' title='bbox 1648 3471 1746 3516; x_wconf 83' lang='lat' dir='ltr'><strong>lovi</strong></span> <span class='ocrx_word' id='word_1_253' title='bbox 1773 3470 1901 3527; x_wconf 78' lang='lat' dir='ltr'><strong>ipsi.”</strong></span> 
     </span>
    </p>
   </div>
   <div class='ocr_carea' id='block_1_6' title="bbox 1500 3551 1565 3598">
    <p class='ocr_par' dir='ltr' id='par_1_23' title="bbox 1500 3551 1565 3598">
     <span class='ocr_line' id='line_1_41' title="bbox 1500 3551 1565 3598; baseline -0.015 0"><span class='ocrx_word' id='word_1_254' title='bbox 1500 3551 1565 3598; x_wconf 82' lang='lat'><strong>24</strong></span> 
     </span>
    </p>
   </div>
  </div>
 </body>
</html>
