2144 3854
1194 297 1274 352 2⁰

403 460 520 497 usus
555 459 669 494 suos
704 442 1017 503 converterit,
1050 443 1213 507 potuit
1239 441 1387 491 etiam
1411 440 1605 506 prologi
1629 440 1887 491 nonnullos
1908 446 2068 494 trans-

401 526 635 575 scribere.
687 522 755 571 Et
788 521 1011 571 videntur
1045 522 1108 570 ad
1141 521 1456 586 deperditum
1478 518 1636 572 Rhesi
1663 522 1920 586 prologum
1946 523 2070 572 llaec

402 603 614 654 frustula
646 617 792 667 posse
827 602 1076 650 revocari:

534 682 588 746 1)
630 678 772 743 ὁμῶς
806 677 863 731 δὲ
896 679 1069 730 πάντα
1101 678 1483 746 τλησικαρδίως
1517 675 1700 744 φέρειν

629 759 693 812 τὰ
725 765 830 811 νῦν
862 759 1108 827 προςήκει
1141 760 1307 824 κάρτα
1340 761 1384 810 τ’
1421 753 1488 810 αὖ
1522 759 1831 812 πεποιθέναι

761 841 830 906 (v.
867 843 1012 909 1066.
1050 842 1219 907 1067).

398 923 651 972 Diomedis
694 937 937 986 personae
980 921 1104 969 haec
1151 922 1456 971 convenilmt.
1523 921 1876 986 Agamemnoni
1908 925 2071 969 autem

398 1004 563 1052 tribuo
595 1019 640 1050 v.
677 1003 803 1049 722:

529 1082 585 1146 2)
627 1082 845 1145 ἄλογος,
877 1077 1112 1144 ὕπερθεν
1143 1080 1251 1131 τῶν
1286 1077 1428 1144 ἐμῶν
1461 1077 1804 1144 ἐλπισμοὲτων.

399 1163 474 1212 Ex
486 1161 741 1211 Diomedis
759 1177 929 1210 rursus
947 1162 1111 1210 verbis
1139 1162 1450 1226 depromtum
1475 1176 1586 1208 esse
1613 1161 1837 1225 suspicor
1859 1175 2071 1218 versum,

394 1257 543 1306 quem
580 1245 865 1306 corruptum
901 1240 1127 1289 falsarius
1163 1258 1236 1290 vv.
1262 1244 1407 1289 2003.
1433 1242 1563 1290 2122
1588 1246 1640 1289 et
1661 1242 1804 1289 2407.
1849 1239 2070 1288 iteravit:

533 1321 587 1386 3)
629 1318 739 1370 ἀλλ’
775 1318 1012 1384 εἰςίωμεν
1045 1319 1223 1386 ἡσύχῳ
1255 1319 1422 1379 ποδὸς
1456 1319 1619 1385 βάσει.

527 1403 627 1452 lam
662 1403 725 1451 ad
759 1418 845 1463 ea,
895 1418 1020 1466 quae
1061 1407 1249 1450 servata
1299 1407 1442 1459 sunt,
1487 1406 1703 1449 transeo.
1772 1397 2012 1465 Incipiunt
2043 1417 2071 1448 a

398 1483 586 1548 paredo
645 1482 947 1544 chorumque
993 1480 1215 1530 efficiunt
1262 1482 1473 1540 milites,
1538 1480 1623 1544 qui
1668 1479 1853 1544 vigilias
1902 1483 2069 1545 agunt,

399 1577 521 1627 quos
565 1562 763 1625 quidem
810 1577 908 1610 non
951 1577 1065 1609 esse
1113 1561 1364 1624 gregarios
1409 1561 1524 1608 inde
1570 1559 1886 1623 intelligitur,
1938 1558 2072 1622 quod

397 1656 569 1691 eorum
612 1641 664 1689 in
711 1655 917 1689 numero
962 1638 1121 1688 Dolon
1167 1645 1271 1700 est,
1321 1640 1566 1688 nobilibus
1614 1639 1881 1687 maioribus
1915 1643 2072 1698 ortus,

398 1720 628 1785 quodque
661 1721 711 1768 in
745 1719 1002 1768 consilium
1038 1719 1336 1767 adhibentur
1369 1721 1428 1768 ab
1463 1720 1707 1778 Hectore,
1752 1733 1912 1781 neque
1957 1733 2071 1767 sen·

338 1809 341 1813 ’
396 1801 549 1851 tentia
581 1814 750 1848 eorum
794 1799 1073 1864 negligitur.
1145 1798 1410 1861 Gregarios
1455 1799 1600 1862 igitur
1643 1798 1827 1846 milites
1871 1798 1921 1845 in
1969 1789 2070 1845 sta—

396 1880 614 1930 tionibus
660 1878 862 1926 relictos
912 1894 1023 1926 esse
1068 1883 1217 1942 puto,
1268 1885 1318 1927 et
1351 1878 1481 1926 solos
1518 1878 1669 1926 duces
1704 1877 1765 1925 ad
1799 1876 2071 1925 Hectorem

398 1975 454 2010 se
489 1958 782 2016 contulisse,
816 1958 867 2005 id
901 1959 1030 2022 quod
1065 1958 1189 2022 ipsi,
1224 1975 1278 2006 se
1312 1955 1642 2016 ὑπασπιστὰς
1676 1957 1813 2006 ducis
1849 1973 1961 2004 esse
1995 1954 2070 2002 di-

398 2043 596 2096 centeS,
644 2037 911 2086 declarant.
981 2038 1047 2085 Et
1092 2038 1292 2101 quidem
1340 2053 1400 2086 ex
1446 2040 1659 2101 quinque
1701 2037 1861 2086 noctis
1892 2033 2071 2101 vigiliis

397 2123 618 2183 quartam
653 2118 748 2165 sibi
782 2117 1018 2181 obtigisse
1065 2118 1360 2179 ostendunt,
1407 2119 1470 2166 de
1505 2122 1760 2183 tempore,
1809 2131 1904 2180 quo
1946 2116 2070 2165 haec

396 2200 476 2263 agi
508 2198 754 2263 fingantur
766 2231 779 2256 ,
815 2197 1048 2246 docentes
1081 2198 1384 2262 planissime.
1441 2197 1852 2246 Commodissime
1884 2195 2070 2244 factum

396 2283 492 2338 est,
528 2277 659 2341 quod
692 2277 917 2341 vigilibus
951 2293 1127 2324 munus
1153 2278 1288 2325 chori
1311 2277 1576 2341 Euripides
1601 2277 1857 2341 delegavit,
1893 2275 2070 2339 quibus

395 2362 528 2406 stato
561 2362 787 2420 tempore
822 2355 1173 2403 decedentibus
1218 2362 1270 2404 et
1313 2358 1548 2420 temporis
1595 2357 1833 2404 decursus
1885 2355 2070 2418 signifi—

398 2439 595 2485 caretur
628 2440 678 2481 et
713 2449 857 2481 scena
892 2438 1170 2498 opportune
1202 2440 1505 2483 vacuaretur.
1565 2435 1750 2484 Caussa
1784 2438 1947 2482 autem
1981 2435 2070 2484 ad-

397 2514 546 2564 eundi
590 2512 822 2560 Hectoris
870 2513 1135 2562 multitudo
1183 2520 1261 2562 est
1304 2515 1520 2579 ignium,
1583 2531 1706 2579 quos
1756 2515 1808 2564 in
1851 2513 2070 2563 hostium

397 2594 572 2643 castris
604 2592 812 2656 flagrare
845 2592 1309 2653 animadverterunt,
1347 2595 1622 2658 quibusque
1651 2595 1835 2654 territi,
1868 2598 2068 2643 noctur-

396 2689 512 2724 num
538 2671 705 2720 dolum
731 2672 808 2719 vel
836 2671 1076 2736 impetum
1102 2673 1319 2722 Graecos
1343 2674 1507 2722 moliri
1527 2675 1851 2738 suspicantur.
1888 2671 2068 2722 Trans-

397 2753 509 2802 tulit
552 2751 706 2816 igitur
748 2750 810 2799 ad
846 2749 1066 2801 Graecos
1101 2752 1366 2817 Euripides
1411 2755 1543 2816 quod
1578 2754 1639 2800 de
1673 2751 1898 2800 Troianis
1930 2752 2070 2801 finxit

396 2831 675 2892 Homerus,
723 2835 779 2879 ut
820 2830 1013 2894 ignibus
1063 2846 1205 2894 quam
1250 2831 1474 2895 plurimis
1509 2831 1728 2880 accensis
1763 2831 2069 2881 alacritatem

397 2910 611 2973 bellique
644 2910 848 2973 gerendi
883 2910 1204 2974 cupiditatem
1239 2910 1570 2973 significarent
1609 2927 1764 2974 eaque
1805 2927 1863 2960 re
1907 2915 2067 2960 terro-

398 3005 503 3038 rem
550 2988 807 3037 iniicerent
848 2990 1095 3038 hostibus.
1174 2990 1272 3052 Qui
1314 2989 1450 3052 ignes
1496 2989 1627 3053 quod
1661 2996 1837 3054 quarta
1869 2989 2068 3040 demum

399 3068 566 3135 vigilia
623 3068 810 3117 animos
866 3069 1068 3133 vigilum
1117 3068 1440 3118 Troianorum
1490 3071 1833 3132 adverterunt,
1892 3085 2067 3135 posses

401 3148 645 3200 coniicere
692 3163 776 3196 eos
809 3147 894 3196 illo
929 3149 1127 3198 demum
1173 3155 1397 3214 tempore
1439 3165 1498 3197 ex
1545 3150 1756 3210 dueum,
1808 3150 1894 3213 qui
1937 3150 2068 3213 apud

399 3229 748 3293 imperatorem
784 3229 1059 3291 congregati
1082 3228 1295 3289 fuerunt,
1329 3228 1528 3277 consilio
1553 3226 1938 3286 incensosesse,
1971 3228 2068 3276 nisi

401 3306 600 3357 Troiani
620 3322 708 3355 eos
735 3323 824 3371 per
842 3311 991 3356 totam
1018 3308 1113 3356 iam
1135 3313 1330 3360 noctem
1358 3308 1540 3356 arsisse
1564 3313 1862 3357 testarentur
1894 3306 1963 3371 (v.
1987 3308 2067 3356 42.

403 3389 455 3434 et
485 3401 532 3435 v.
565 3383 687 3449 95).
751 3385 872 3434 lude
907 3402 1021 3450 eos,
1070 3388 1155 3452 qui
1186 3388 1374 3454 priores
1409 3387 1598 3451 vigilias
1633 3391 1867 3452 egerunt,
1902 3386 2066 3436 miuus

403 3464 716 3514 vehementer
746 3465 842 3514 hoc
874 3466 979 3516 viso
1009 3473 1170 3518 motos
1204 3482 1316 3517 esse
1349 3466 1660 3516 statuendum
1701 3471 1792 3515 est.
