2176 3874
917 282 1035 342 381

135 434 255 484 dum
298 433 463 483 minus
510 431 739 482 efficacia
786 438 838 483 et
883 432 947 482 ad
993 421 1272 481 docendum
1317 430 1482 481 miuus
1527 430 1668 481 utilia
1699 446 1815 481 esse

135 513 233 580 ipsi
257 514 328 563 illi
351 514 728 578 vituperatores,
757 514 841 578 qui
862 513 991 562 inter
1016 527 1107 560 nos
1131 513 1444 573 exstiterunt,
1474 511 1702 578 exemplo
1723 527 1816 561 suo

136 594 503 645 confirmarunt.
579 593 704 643 Nam
753 609 902 659 quum
950 591 1129 653 medii,
1177 593 1309 655 quod
1354 596 1584 653 vocatur,
1630 592 1817 642 saeculi

136 689 303 723 mores
337 675 633 723 carminibus
668 675 770 723 suis
803 673 985 722 imitari
1016 672 1290 730 studerent,
1340 688 1439 721 non
1477 673 1632 720 solum
1667 673 1816 722 huius

136 753 348 803 formam
394 755 712 818 speciemque
756 754 916 802 minus
967 753 1181 800 assecuti
1215 757 1355 809 sunt,
1402 753 1492 801 sed
1542 755 1690 801 etiam
1727 769 1818 818 spe

137 834 481 883 vehementius
544 835 769 883 homines
826 832 1166 883 commovendi
1214 832 1505 881 exciderunt
1564 839 1614 881 et
1658 849 1818 898 paene

136 914 233 962 iam
281 914 375 979 ipsi
435 931 544 964 cum
594 915 793 977 scriptis
839 914 942 960 suis
988 912 1039 959 in
1084 911 1381 960 oblivionem
1427 912 1671 961 abierunt.
1751 914 1820 963 Et

135 995 434 1045 documento
468 1001 548 1044 est
579 995 725 1044 etiam
759 992 1064 1057 Sophocles:
1108 993 1191 1056 qui
1226 1008 1376 1055 quum
1419 993 1626 1042 heroum
1660 994 1820 1057 digni-

134 1076 224 1125 tati
268 1076 536 1124 servandae
581 1075 794 1123 maxime
826 1072 1077 1135 studeret,
1124 1073 1392 1122 delectavit
1424 1073 1625 1137 quidem
1657 1073 1821 1122 homi-

133 1171 224 1205 nes
256 1155 435 1205 fabulis
470 1156 602 1216 suis,
647 1162 876 1218 tanquam
922 1159 1191 1202 statuarum
1240 1154 1545 1218 quarundam
1578 1154 1821 1219 pulcritu-

134 1236 279 1296 dine,
323 1236 413 1285 sed
445 1236 606 1285 minus
639 1235 933 1301 perstrinxit
967 1250 1129 1299 neque
1162 1235 1388 1284 aculeum
1436 1236 1486 1284 in
1521 1236 1698 1284 animis
1732 1252 1820 1285 au-

134 1317 353 1366 ditorum
388 1316 620 1380 reliquit,
673 1321 957 1380 quantoque
991 1316 1151 1363 minus
1185 1317 1261 1364 sui
1296 1316 1482 1364 saeculi
1517 1316 1683 1365 studia
1713 1331 1820 1365 mo-

132 1413 317 1461 resque
349 1397 616 1463 expressit,
649 1403 784 1446 tanto
818 1397 979 1446 minus
1009 1396 1166 1444 movit
1190 1397 1465 1460 tenuitque,
1498 1401 1636 1446 tanto
1657 1396 1821 1445 minus

132 1477 184 1527 in
217 1478 364 1527 vitam
412 1479 665 1527 hominum
698 1477 1003 1542 dirigendam
1039 1477 1277 1526 momenti
1308 1477 1518 1538 habuit,
1566 1483 1623 1526 ut
1656 1477 1822 1526 statim

132 1563 252 1623 post
284 1557 470 1607 obitum
508 1558 644 1618 eiuS,
680 1573 777 1606 non
811 1556 1089 1621 Sophocles
1123 1573 1184 1605 an
1216 1556 1514 1621 Aeschylus,
1550 1557 1641 1606 sed
1674 1556 1822 1605 Euri-

134 1638 278 1702 pides
323 1654 383 1686 an
430 1637 712 1702 Aeschylus
761 1637 938 1686 melior
978 1642 1130 1701 poeta
1178 1643 1342 1698 esset,
1404 1638 1681 1702 quaesitum
1741 1637 1823 1685 sit.

135 1717 312 1782 Neque
344 1718 516 1767 hercle
549 1719 694 1767 aliam
729 1718 792 1766 ob
836 1733 1062 1767 caussam
1098 1717 1336 1782 Sophocli
1370 1719 1598 1783 pepercit
1632 1717 1823 1766 Aristo-

135 1799 355 1863 phanes,
408 1814 550 1862 quam
587 1798 718 1862 quod
754 1799 981 1865 exiguam
1016 1799 1229 1848 carmina
1263 1798 1367 1846 eius
1403 1798 1465 1846 ad
1500 1813 1662 1846 mores
1699 1813 1824 1845 con-

137 1877 443 1941 formandoS,
477 1881 540 1928 ad
575 1880 797 1928 acuenda
829 1880 1035 1943 ingenia,
1059 1879 1119 1927 ad
1156 1878 1334 1927 artium
1368 1878 1536 1928 studia
1569 1877 1824 1928 excitanda

134 1960 233 2009 vim
266 1960 453 2009 habere
486 1961 804 2024 intelligebat.

267 2040 461 2090 Exinde
493 2041 690 2090 dicendi
735 2055 892 2104 genus
937 2040 1198 2105 utriusque
1232 2040 1470 2104 Dionysio
1514 2039 1642 2088 duce
1689 2025 1824 2087 com-

133 2137 397 2186 paremuS,
444 2122 582 2170 cuius
615 2122 764 2170 verba
810 2121 898 2185 (de
933 2127 1029 2170 vet.
1066 2122 1241 2186 script.
1278 2136 1412 2169 cens,
1449 2120 1511 2182 Π,
1549 2117 1651 2181 11.)
1699 2118 1826 2167 haec

135 2207 278 2252 sunt:
322 2201 636 2267 „Sophocles
683 2202 884 2265 quidem
939 2217 1174 2250 novorum
1233 2202 1495 2250 verborum
1555 2198 1827 2248 fabricator

134 2286 216 2332 est
246 2298 306 2331 ac
340 2277 697 2347 saepenumero
734 2298 795 2331 ex
828 2282 979 2331 nimia
1019 2281 1339 2347 amplitudine
1372 2282 1424 2329 in
1473 2282 1667 2329 inanem
1713 2294 1826 2328 ver-

134 2362 312 2412 borum
352 2378 583 2427 pompam
632 2363 735 2410 exit
749 2359 816 2426 *).
896 2362 1166 2426 Euripides
1212 2367 1374 2410 autem
1410 2377 1572 2425 neque
1604 2359 1827 2409 sublimis

137 2447 219 2492 est
264 2457 426 2506 neque
471 2457 591 2490 vero
638 2443 943 2504 submissus,
1003 2442 1092 2491 sed
1142 2457 1203 2490 ex
1264 2441 1490 2504 utrisque
1547 2443 1829 2504 temperata

137 2522 376 2572 orationis
411 2522 749 2571 mediocritate
791 2523 948 2571 utitur
1001 2525 1055 2570 et
1096 2521 1204 2570 fere
1250 2521 1446 2570 dicendi
1487 2521 1693 2569 virtutes
1741 2534 1827 2567 co-

136 2603 377 2652 micorum
425 2618 597 2652 omnes
629 2603 876 2651 imitatur:
927 2606 1043 2650 sunt
1076 2601 1211 2650 enim
1247 2601 1301 2648 hi
1336 2616 1532 2664 quoque
1566 2598 1828 2648 sententiis

139 2682 384 2748 splendidi
441 2689 492 2731 et
536 2683 788 2748 perspicui
840 2692 890 2731 et
942 2683 1126 2731 concisi
1172 2686 1223 2730 et
1271 2680 1522 2743 magnifici
1567 2685 1620 2728 et
1665 2677 1830 2743 arguti

138 2761 353 2828 (δεινοί)
388 2770 441 2813 et
474 2763 535 2811 ad
570 2764 717 2812 vitam
750 2779 1014 2828 moresque
1049 2761 1430 2820 accommodati;
1466 2767 1516 2809 et
1549 2760 1599 2808 in
1617 2758 1826 2807 Menan-

136 2846 230 2895 dro
265 2846 411 2894 etiam
446 2843 585 2893 nervi
619 2849 767 2907 atque
801 2843 1074 2893 efficacitas
1124 2841 1207 2908 (τὸ
1240 2838 1556 2906 πρακτικόν)
1596 2837 1828 2888 conside-

136 2925 276 2976 randi
310 2932 472 2974 sunt.”
540 2924 682 2973 Adde
717 2924 941 2972 eiusdem
975 2924 1040 2973 de
1074 2938 1294 2989 compos,
1331 2923 1415 2974 lib.
1453 2938 1496 2971 c.
1523 2923 1604 2969 26.
1637 2937 1687 2985 p.
1711 2920 1827 2968 426.

138 3011 191 3056 et
222 3006 338 3056 audi
373 3006 436 3055 de
467 3020 782 3054 numerorum
818 3004 1057 3054 suavitate
1085 3004 1408 3053 disserentem
1442 3002 1559 3053 ibid.
1598 3017 1638 3050 c.
1671 3002 1750 3048 11.
1775 3002 1829 3048 et

139 3103 181 3136 c.
215 3089 324 3149 23.‚
375 3102 473 3151 quo
522 3085 634 3135 loco
681 3086 866 3152 politae
911 3084 1216 3150 floridaeque
1260 3082 1633 3148 compositionis
1681 3080 1828 3145 (γλοι-

201 3213 251 3268 *)
280 3209 523 3268 ποιητικός
561 3210 682 3255 ἐστιν
725 3209 772 3255 ἐν
815 3214 910 3261 τοῖς
950 3208 1144 3266 ὀνόμασι
1183 3208 1262 3253 καὶ
1302 3207 1523 3259 πολλάκις
1565 3207 1613 3251 ἐκ
1656 3207 1829 3251 πολλοῦ

276 3283 362 3327 τοῦ
401 3281 628 3338 μεγέθους
669 3284 733 3333 εἰς
771 3280 988 3326 διάκενον
1029 3280 1210 3336 κόμπον
1250 3278 1505 3331 ἐκπίπτωνς
1542 3279 1616 3321 his
1653 3277 1828 3320 adiecta

277 3358 376 3397 sunt
398 3355 537 3397 haec:
571 3352 673 3397 οἷον
695 3354 759 3403 εἰς
780 3348 1019 3408 ἰδιωτικὴν
1037 3349 1306 3396 παντάπασι
1331 3347 1644 3405 ταπεινότητα
1663 3345 1828 3405 κατέρ-

278 3440 425 3480 χεται,
464 3438 577 3479 quae
606 3428 814 3481 corrupta
845 3438 942 3467 esse
983 3438 1125 3478 neque
1165 3423 1221 3466 de
1249 3422 1477 3478 Sophocle
1516 3421 1604 3464 dici
1633 3419 1827 3475 potuisse

277 3496 565 3540 manifestum
594 3499 675 3539 est.
