2176 3874
1117 196 1242 252 466

335 354 441 403 eius
491 361 787 411 recuperare
833 348 1093 392 conaretur
1129 341 1212 407 *),
1276 342 1508 412 edocuit..
1577 343 1749 408 Nuper
1814 361 1901 394 rex
1961 363 2021 395 ex

337 430 534 482 oraculo
579 426 824 485 redierat,
872 439 1020 485 quum
1069 422 1130 470 ad
1176 422 1322 470 deum
1370 423 1725 472 consulendum
1759 425 1868 489 ipse
1905 425 2021 475 Del-

337 514 463 578 phos
499 507 751 573 profectus
797 495 959 563 esset,
1011 508 1141 551 teste
1175 502 1431 566 Lycurgo:
1482 502 1716 568 μεγάλου
1763 503 1820 554 δὲ
1868 515 2024 571 στρα-

335 587 562 641 τοπέδου
608 583 889 651 μέλλοντος
923 581 1104 642 αὐτοῖς
1138 581 1422 647 είςβαλλειν
1455 582 1525 643 εἰς
1559 582 1658 649 τὴν
1689 583 1894 651 χώραν,
1952 585 2025 647 εἷς

337 662 586 735 Δελφοὺς
642 663 737 715 ἰὼν
793 662 971 730 ἠρώτα
1027 662 1122 713 τὸν
1178 662 1345 723 θεὸν,
1406 662 1456 712 τί
1518 666 1690 715 ποιῶν
1743 664 1811 717 ἂν
1867 666 2025 735 νίκην

334 752 490 817 λάβοι
543 745 689 810 παρὰ
746 746 855 794 τῶν
900 743 1182 808 πολεμίων.
1281 744 1587 811 Χρήσαντος
1634 744 1691 796 δὲ
1736 747 1879 815 αὐτῷ
1925 753 2025 800 τοῦ

337 835 501 891 θεοῦ,
550 827 647 894 τὴν
695 824 967 891 θυγατέρα
1014 825 1059 876 εἰ
1103 825 1284 876 θύσειε
1333 822 1434 891 πρὸ
1486 831 1584 877 τοῦ
1629 828 1919 894 συμβαλεῖν
1951 828 2025 881 τὼ

337 908 705 977 στρατοπέδω,
741 907 1022 974 κρατήσειν
1051 908 1160 956 τῶν
1194 907 1477 972 πολεμίων,
1510 906 1540 958 ὁ
1575 906 1632 958 δὲ
1665 911 1739 979 τῷ
1773 914 1883 976 θεῷ
1916 908 2025 963 πει-

335 995 566 1060 θόμενος
610 993 755 1041 τοῦτ’
805 987 989 1053 ἔπραξε
1048 985 1137 1038 καὶ
1193 981 1320 1047 τοὺς
1375 984 1916 1057 ἐπιστρατευομένους
1967 989 2025 1045 ἐκ

336 1080 429 1145 τῆς
474 1073 646 1140 χώρας
681 1067 901 1137 ἐξέβαλε.
988 1069 1099 1117 Non
1150 1069 1310 1117 solum
1346 1069 1595 1134 Delphos,
1644 1073 1732 1120 sed
1767 1072 2023 1124 Dodonam

338 1172 535 1224 quoque
571 1154 785 1212 adierat,
820 1152 872 1199 id
908 1148 1037 1212 quod
1076 1150 1388 1214 cognoscitur
1422 1166 1482 1198 ex
1518 1151 1693 1217 fragm.
1718 1154 1793 1215 1.‚
1830 1170 1927 1218 quo
1963 1155 2024 1204 il-

338 1239 435 1288 lius
471 1234 655 1284 oraculi
690 1231 973 1280 sacerdotes
1010 1229 1395 1278 describuntur:

537 1342 598 1350 -
669 1340 731 1347 -
800 1337 865 1348 —
932 1305 989 1358 ἐν
1024 1308 1273 1376 ἀστρώτῳ
1307 1307 1449 1375 πέδῳ

470 1391 687 1445 εὕδουσι
707 1430 719 1451 ,
756 1392 951 1456 πηγαῖς
984 1388 1031 1440 δ’
1070 1389 1168 1456 οὐχ
1200 1388 1554 1453 ύδραίνουσιν
1587 1391 1772 1452 πόδας.

337 1478 630 1540 Eodemque
687 1474 864 1538 fragm.
916 1473 961 1520 2.
1014 1472 1231 1536 pertinet
1290 1467 1455 1534 δρυὸς
1514 1470 1748 1537 μίασμα,
1811 1490 1908 1538 quo
1962 1477 2024 1524 ad

336 1557 687 1607 Thebanorum
723 1554 969 1616 quoddam
1015 1553 1166 1617 impie
1210 1552 1396 1602 factum
1431 1554 1699 1618 Euripides
1739 1556 2025 1618 respexisse

336 1643 563 1704 putatur:
635 1634 947 1683 sacerdotem
1004 1635 1131 1682 enim
1187 1634 1361 1699 templi
1419 1641 1700 1683 accusatam
1759 1635 1919 1699 stupri
1977 1635 2026 1684 in

336 1718 552 1767 lebetem
613 1714 805 1764 fervida
872 1729 997 1777 aqua
1051 1714 1298 1777 repletum
1356 1715 1684 1763 coniecerant.
1785 1714 2023 1763 Ceterum

339 1797 403 1846 de
460 1811 643 1861 genere
705 1810 795 1844 suo
853 1799 906 1843 et
951 1795 1218 1843 maioribus
1263 1810 1359 1843 non
1415 1795 1571 1843 minus
1632 1795 1810 1859 plene,
1879 1811 2024 1857 quam

337 1878 402 1927 de
437 1875 667 1940 Eumolpi
717 1875 844 1932 vita,
893 1875 1137 1939 exposuit.
1206 1874 1511 1923 Documento
1561 1881 1678 1924 sunt
1723 1890 1848 1939 quae
1897 1874 2024 1923 Era-

339 1958 489 2007 tosth.
530 1957 771 2004 Cataster.
822 1957 900 2003 13.
937 1954 1129 2003 refert:
1179 1951 1316 2018 λέγει
1350 1953 1405 2005 δὲ
1450 1952 1541 2005 καὶ
1576 1953 1876 2019 Εὐριπίδης
1909 1951 2029 2018 περὶ

338 2040 432 2104 τῆς
479 2034 728 2101 γενέσεως
773 2033 941 2085 αὐτοῦ
977 2034 1365 2099 (Ἐριχθονίου)
1413 2033 1508 2084 τὸν
1548 2034 1753 2098 τρόπον
1802 2038 2025 2085 τοῦτον·

335 2111 640 2182 1’Ἠφαιστον
673 2111 963 2178 ἐρασθέντα
1005 2115 1235 2180 Ἀθηνᾶς
1281 2114 1573 2179 βούλεσθαι
1608 2114 1743 2181 αὐτῇ
1777 2118 2026 2181 μιγῆναι·

341 2199 434 2265 τῆς
483 2195 540 2247 δὲ
585 2193 1057 2260 ἀποστρεφομένης
1098 2193 1188 2245 καὶ
1231 2192 1329 2260 τὴν
1374 2195 1676 2261 παρθενίαν
1710 2197 1911 2259 μᾶλλον
1944 2194 2030 2246 αἱ-

343 2274 626 2343 ρουμένης,
659 2273 717 2327 ἔν
750 2293 854 2326 τινι
886 2275 1031 2340 τόπῳ
1065 2278 1158 2343 τῆς
1192 2277 1425 2343 Ἀττικῆς
1457 2275 1812 2339 κρύπτεσθαι,
1850 2275 1915 2326 ὃν
1947 2273 2028 2327 λέ-

342 2370 504 2424 γουσι
561 2354 652 2408 καὶ
710 2355 799 2406 ἄπ’
857 2353 1063 2406 ἐκείνου
1120 2360 1622 2423 προςαγορευθῆναι
1656 2349 2028 2422 Ἡφαιστεῖον·

344 2429 411 2490 οὗ
456 2438 624 2502 (vulgo
671 2437 753 2499 ὃς)
803 2435 958 2498 δόξας
1004 2435 1167 2503 αὐτῆς
1219 2437 1501 2504 κρατήσειν
1557 2434 1645 2488 καὶ
1703 2434 2029 2504 ἐπιθέμενος,

342 2515 555 2584 πληγεὶς
588 2515 678 2566 ὑπ’
713 2516 876 2585 αὐτῆς
909 2522 981 2584 τῷ
1017 2516 1228 2581 δόρατι,
1265 2517 1439 2586 ἀφῆκε
1470 2515 1569 2585 τὴν
1603 2516 1909 2584 ἐπιθυμίαν,
1935 2536 2028 2583 φε-
2093 2582 2097 2586 Δ

344 2597 568 2666 ρομένης
615 2596 686 2657 εἰς
731 2596 829 2664 τὴν
875 2601 979 2666 γῆν
1025 2602 1118 2666 τῆς
1154 2604 1369 2662 σπορᾶς.
1451 2601 1694 2665 Exposito
1729 2601 1916 2649 oraculi
1948 2616 2030 2650 re-

344 2697 526 2747 sponso
561 2680 707 2727 simul
741 2680 1047 2729 voluntatem
1079 2681 1406 2729 immolandae
1440 2682 1573 2729 filiae
1607 2681 1903 2730 declaravit:

476 2760 615 2824 φιλῶ
649 2756 813 2820 τέκν’,
848 2757 980 2809 ἀλλὰ
1012 2757 1222 2824 πατρίδ’
1258 2757 1391 2826 ἐμὴν
1423 2762 1623 2825 μᾶλλον
1657 2761 1813 2825 φιλῶ.

345 2842 438 2891 His
475 2841 747 2905 explanatis
781 2856 871 2889 rex
914 2841 975 2889 ad
1010 2842 1343 2907 inspiciendas
1378 2843 1543 2906 copias
1579 2842 1904 2904 obeundaque
1936 2841 2028 2890 im-

343 2922 587 2987 peratoris
621 2919 804 2982 officia,
835 2923 1624 2987 appropinquantibus·hostibus‚
1663 2923 1713 2970 in
1748 2927 1908 2970 castra
1941 2926 2026 2968 aut

345 3001 408 3051 ad
453 3005 622 3066 portas
670 3005 721 3049 et
766 3002 958 3050 moenia
1007 3018 1063 3051 se
1109 3001 1315 3051 confert.
1397 3001 1574 3051 Prodit
1618 3001 1802 3050 chorus
1848 3015 2024 3048 senum

406 3238 456 3294 ²⁸⁶)
477 3237 647 3294 Hygin.
678 3252 716 3279 c.
747 3236 830 3279 46:
873 3240 1024 3294 „quod
1053 3239 1194 3295 patris
1222 3239 1293 3282 sui
1319 3243 1487 3283 terram
1515 3237 1709 3281 Atticam
1736 3237 1875 3282 fnisse
1903 3237 2027 3282 dice-

485 3308 596 3353 ret.'’
651 3308 911 3366 Lycurgus:
942 3310 1024 3366 τῆς
1051 3308 1203 3368 χώρας
1229 3308 1403 3367 ταύτης
1432 3305 1828 3367 ἀμφισβητοῦντα.
