2144 3854
1111 292 1188 348 16

323 442 491 507 Itaque
514 437 888 504 Agamemnoni,
922 443 1100 503 quauta
1134 444 1211 488 est
1244 439 1638 489 consternatione
1669 441 1844 500 animi,
1876 442 1973 492 iam

322 537 382 570 ex
425 524 561 586 parte
607 522 876 568 castrorum
913 518 1091 568 Graeci
1124 518 1304 585 expelli
1337 518 1568 583 adituque
1601 519 1794 570 navium
1826 521 1974 571 inter-

322 600 454 649 cludi
486 598 737 647 videntur:

447 703 511 711 -
545 675 771 736 „Classis
805 675 978 726 aditus
1012 676 1300 739 clauditur,
1322 675 1534 744 fervit''.

319 753 457 803 Haec
500 755 670 806 videns
710 762 1042 822 reputansque
1086 772 1307 806 somnum
1357 773 1535 823 capere
1587 758 1803 822 nequivit
1857 774 1974 824 prae

317 833 623 885 vehementia
656 836 859 896 doloriS,

443 912 740 975 '„Scindens
773 915 949 965 dolore
982 914 1263 964 identidem
1297 917 1551 965 intonsam
1586 918 1812 967 comam”
1837 914 1906 982 *).

316 991 635 1059 Congregatis
669 995 843 1045 deinde
877 996 1080 1046 ducibus
1116 1011 1338 1046 caussam
1371 999 1636 1045 nocturnae
1659 997 1972 1047 consultatio-

315 1072 391 1122 nis
425 1074 668 1134 ostendit:

443 1151 639 1213 „Cuius
682 1170 770 1204 vos
807 1155 1017 1206 tumulti
1052 1170 1233 1204 caussa
1267 1155 1508 1205 ascierim
1543 1161 1593 1203 et
1626 1154 1750 1222 quid
1776 1172 1972 1222 parem,

445 1232 752 1283 advortite.'‘

311 1310 542 1362 Poenitet
582 1329 722 1376 eum,
770 1314 901 1379 quod
946 1329 1040 1363 non
1075 1314 1264 1378 pridem
1300 1318 1575 1378 opportuno
1608 1318 1836 1378 tempore
1866 1315 1970 1365 bel-

310 1391 412 1440 lum
446 1393 611 1456 aequis
644 1392 1000 1444 conditionibus
1032 1394 1425 1457 composuerint,
1474 1393 1604 1457 quod
1638 1393 1681 1442 si
1714 1393 1969 1455 fecissent,

312 1472 558 1521 exercitus

437 1578 502 1586 —-
534 1551 692 1612 „Rite
726 1551 795 1600 ad
821 1553 1052 1618 patriam
1083 1567 1254 1618 sospes
1278 1549 1647 1618 pervenisset⁷'.

309 1630 437 1688 lam,
486 1631 767 1695 priusquam
811 1631 956 1695 plane
989 1631 1119 1680 salus
1152 1632 1439 1695 reditusque
1471 1632 1854 1693 intercludatur,
1886 1632 1966 1682 fu-

307 1709 536 1776 giendum
571 1726 683 1760 esse
717 1715 886 1759 censet
917 1726 991 1772 ac,
1025 1712 1181 1760 donec
1206 1712 1439 1760 tenebrae
1462 1710 1688 1760 fraudem
1719 1711 1967 1773 adiuvent,

307 1805 369 1838 ex
410 1789 727 1839 barbarorum
773 1795 905 1838 terra
958 1791 1250 1840 abeundum.
1327 1791 1421 1840 His
1478 1790 1657 1839 auditis
1709 1789 1966 1840 Menelaus

306 1867 511 1918 fratrem
546 1869 782 1933 obiurgat,
818 1869 989 1918 dolens
1022 1871 1266 1929 nimirum,
1301 1870 1434 1933 quod
1466 1869 1648 1919 infecta
1679 1885 1735 1919 re
1771 1869 1965 1920 relicta-

305 1965 402 2013 que
435 1948 562 2013 apud
598 1949 835 1998 Troianos
863 1965 1018 1998 uxore
1043 1950 1206 1999 redire
1232 1953 1448 2013 cogatur.
1503 1948 1570 1998 Et
1595 1948 1724 1999 hunc
1747 1948 1964 2014 quidem,

304 2034 360 2078 ut
405 2028 620 2094 cupidini
664 2028 925 2078 obnoxium
973 2034 1024 2078 et
1069 2029 1145 2078 sui
1193 2028 1436 2078 commodi
1480 2029 1624 2077 nimis
1670 2028 1962 2090 studiosum,

301 2106 485 2157 refutat
517 2107 876 2172 Agamemnon,
920 2124 1102 2173 negans
1147 2115 1354 2174 propter
1397 2125 1541 2158 unam
1576 2109 1830 2159 mulierem
1864 2109 1965 2158 vita

307 2189 552 2236 sociorum
585 2187 791 2254 amplius
825 2188 1191 2253 periclitandum
1227 2204 1363 2237 esse:

433 2264 604 2330 „Tun'
649 2267 782 2333 quod
825 2275 1057 2334 superest
1099 2269 1291 2318 socium
1335 2269 1497 2317 mittis
1540 2268 1668 2330 leto,
1717 2284 1786 2318 an
1834 2269 1963 2320 lacti

1193 2347 1510 2414 poenitet12’'
1872 2391 1876 2395 .

302 2426 467 2491 Surgit
509 2416 684 2475 autem
716 2425 979 2475 Diomedes
1024 2433 1075 2476 et
1117 2427 1390 2492 vituperata
1436 2427 1564 2492 regis
1607 2426 1871 2478 timiditate
1904 2442 1960 2477 se

299 2506 348 2556 in
395 2506 608 2555 hostium
651 2510 810 2555 castra
842 2505 1127 2571 speculandi
1160 2523 1331 2556 caussa
1363 2506 1592 2556 continuo
1623 2505 1806 2557 iturum
1838 2522 1956 2572 pro-

297 2586 495 2635 fitetur:

430 2664 617 2726 „Iubet
660 2679 797 2715 nunc
842 2670 1132 2729 attentare,
1179 2665 1320 2716 iubet
1353 2680 1490 2715 nunc
1524 2666 1724 2715 animus
1755 2667 1961 2731 ruspari

1198 2745 1459 2811 Pkrygas''
1491 2741 1589 2808 **).
1616 2789 1620 2791 Δ

295 2823 492 2874 Socium
525 2823 586 2872 ab
620 2823 982 2889 Agamemnone
1012 2826 1175 2876 iussus
1208 2825 1418 2889 eligere,
1463 2824 1696 2888 Ulyssem
1730 2823 1953 2874 omnibus

293 2903 579 2970 praeponit:

422 2981 547 3045 „An
578 2998 671 3048 ego
709 2980 925 3049 Ulyxem
953 2984 1220 3035 obliviscar
1252 2998 1492 3050 unquam,
1527 2987 1621 3033 aut
1653 2998 1951 3052 quemquam

1191 3064 1444 3131 praeponi
1473 3063 1710 3114 velim?”
1746 3060 1854 3126 ***)

354 3258 790 3315 *)cic.Tusc.111‚
820 3258 890 3313 26,
918 3259 988 3303 62.
1053 3260 1122 3304 cf.
1151 3261 1204 3304 Il.
1234 3277 1277 3314 κ,
1304 3257 1372 3302 14.

332 3331 397 3385 **)
428 3330 497 3373 Cf.
509 3330 560 3372 ll.
585 3345 626 3383 κ,
647 3328 751 3372 22οε
784 3327 979 3387 Νέστος,
1008 3328 1074 3385 ἔμ’
1103 3326 1282 3388 ὄτρυνει
1307 3330 1471 3387 κραδίη
1495 3329 1575 3374 καὶ
1593 3327 1747 3387 θυμὸς
1767 3299 1947 3385 ἀγήνωρ

422 3399 613 3458 Ἀνδςαῖν
636 3398 887 3457 δνςμενέων
916 3400 1052 3444 δῦναι
1078 3397 1273 3458 στρατόν
1299 3397 1438 3456 ἐγγὺς
1459 3397 1642 3444 ἐόντων.

308 3471 396 3524 ***)
424 3470 477 3514 11.
507 3487 546 3524 κ,
576 3469 682 3514 243:
713 3486 812 3521 πως
840 3487 898 3515 αν
925 3468 1060 3515 ἔπειτ’
1090 3470 1313 3527 Ὀδυσῆος
1346 3467 1431 3526 ἐγώ
1461 3470 1611 3515 θείοιο
1640 3469 1889 3525 λαθοίμηνς
