2144 3854
925 258 1006 315 57

109 410 338 460 metheus
370 406 610 472 Aeschyli
646 411 698 457 et
731 406 914 456 Medea
947 404 1222 469 Euripidis,
1256 405 1492 471 implicati
1524 411 1691 456 autem
1718 405 1805 456 lou

107 490 352 542 eiusdem.
421 489 558 538 Idem
592 487 887 538 Aristoteles
920 491 1121 551 praeter
1152 486 1449 550 peripetiam
1483 491 1630 552 atque
1664 488 1826 552 agni--

106 571 297 620 tionem
340 570 545 620 tertium
591 584 746 632 genus
790 567 1042 617 actionum
1089 566 1228 632 ponit
1272 568 1651 631 perpessionem
1699 567 1806 616 sive

105 649 350 716 πάθημα,
386 666 529 714 quam
565 649 689 698 dicit
722 663 835 697 esse
869 649 1114 697 actionem
1151 646 1454 696 exitiabilem
1487 653 1574 697 aut
1598 649 1804 697 misera-

104 732 275 790 bilem,
309 732 446 782 velut
478 730 681 779 caedem
715 730 763 778 in
799 733 1070 794 conspectu
1105 731 1156 776 et
1190 727 1465 776 cruciatum
1499 734 1552 777 et
1573 728 1806 777 vulnera-

103 813 292 861 tionem
328 811 396 876 (ο.
433 812 511 862 11.
548 808 600 874 5.
635 808 726 874 6.).
795 809 914 858 lnde
948 809 1066 857 alias
1092 808 1374 874 tragoedias
1403 807 1553 857 docet
1585 810 1804 873 pathe-

103 893 306 955 ticas,
341 891 461 940 alias
495 890 777 939 morales
815 906 930 939 esse
967 884 1033 953 (c.
1068 890 1148 937 24.
1184 886 1239 952 5.
1277 886 1368 951 1.).
1435 887 1684 936 Pathetici
1717 905 1804 953 ge-

102 974 236 1022 neris
281 971 506 1037 exempla
550 971 690 1036 ponit
734 972 935 1020 Aiantes
984 975 1036 1019 et
1081 970 1303 1028 Ixiones,
1354 969 1552 1017 moralis
1597 968 1804 1017 Peleum

103 1050 408 1118 (Euripidis)
436 1057 488 1102 et
515 1051 833 1101 Phthiotides
857 1047 1167 1117 (Sophoclis)
1199 1047 1263 1116 (c.
1289 1051 1369 1109 18,
1390 1046 1480 1115 2.).
1516 1049 1807 1098 Patheticae

57 1162 61 1164 >
98 1134 254 1200 igitur
285 1138 429 1183 erunt
462 1132 678 1193 fabulae,
714 1148 841 1195 quae
875 1132 1063 1181 atrocia
1098 1131 1254 1188 mala,
1306 1135 1390 1178 aut
1422 1131 1674 1196 ipsorum,
1721 1130 1807 1195 qui

96 1213 366 1277 patiuntur,
401 1213 564 1280 culpa,
599 1218 682 1262 aut
709 1213 953 1261 maiorum
987 1212 1122 1261 vitiis
1160 1215 1432 1272 contracta,
1465 1211 1806 1275 miserumque

95 1294 353 1343 interitum
385 1295 680 1353 ostendunt;
714 1293 929 1342 morales
965 1298 1139 1342 contra
1173 1308 1296 1355 eae,
1331 1292 1382 1340 iu
1419 1292 1596 1356 quibus
1629 1292 1804 1356 probi—

94 1380 218 1435 tate,
252 1374 371 1438 fide,
394 1375 688 1424 fortitudine
717 1392 775 1424 ac
797 1374 1059 1440 prudentia
1086 1374 1226 1422 bonis
1256 1373 1470 1422 felicitas
1501 1372 1803 1435 restituitur,

95 1471 256 1522 poena
290 1455 582 1506 afficiuntur
612 1456 844 1521 improbi.
924 1454 1172 1503 Moralem
1225 1455 1535 1518 eandemque
1578 1454 1802 1519 implica-

94 1543 200 1586 tam
235 1552 349 1586 esse
374 1537 671 1586 Aristoteles
696 1537 817 1584 dicit
839 1535 1133 1601 Odysseam,
1169 1535 1473 1600 patheticam
1495 1535 1801 1599 simplicem-

97 1633 195 1681 que
229 1617 445 1666 Iliadem.
512 1617 882 1666 Elaborandum
916 1621 1083 1665 autem
1131 1616 1202 1664 ait
1244 1616 1410 1679 poetis
1458 1631 1604 1674 esse,
1653 1621 1707 1664 ut
1748 1615 1802 1665 in

94 1697 176 1746 his
211 1697 475 1762 generibus
511 1698 736 1746 omnibus
772 1697 1032 1755 excellant,
1070 1696 1148 1746 sin
1182 1697 1359 1758 minus,
1394 1700 1451 1745 ut
1482 1697 1532 1744 in
1565 1695 1801 1760 gravissi-

93 1778 188 1826 mis
223 1783 277 1826 et
309 1776 561 1841 plurimis3
595 1793 757 1840 neque
790 1778 1095 1843 probandam
1131 1793 1244 1826 esse
1278 1777 1573 1826 sententiam
1608 1792 1800 1840 eorum,

95 1858 179 1923 qui
213 1858 264 1907 in
296 1873 394 1906 uno
439 1873 651 1922 genere,
703 1863 930 1921 tanquam
979 1874 1103 1915 suo,
1151 1873 1554 1921 unumquemque
1597 1863 1800 1922 poetam

94 1937 344 1988 excellere
376 1937 541 1986 velint.
609 1938 679 1986 Et
711 1938 1006 2003 Euripidem
1033 1937 1232 2002 quidem
1257 1937 1448 2001 pariter
1482 1938 1534 1986 in
1570 1939 1798 1987 omnibus

89 2019 356 2084 generibus
393 2017 676 2066 elaborasse
722 2019 974 2067 videmus:
1027 2018 1165 2068 velut
1213 2017 1457 2083 simplicis
1505 2018 1612 2067 sine
1646 2019 1798 2067 dubio

91 2100 294 2166 generis
328 2098 533 2148 fuerunt
569 2097 780 2148 Cressae
816 2106 866 2148 et
900 2099 1103 2157 Medea,
1138 2098 1380 2164 implicati
1414 2097 1695 2148 Alexander
1720 2105 1797 2149 at-

91 2197 191 2246 que
226 2181 454 2244 Antiopa,
489 2180 729 2245 pathetici
766 2180 991 2229 'I‘roades
1027 2185 1078 2229 et
1113 2179 1434 2239 Phoenissae,
1468 2180 1667 2229 moralis
1697 2179 1796 2230 Pe-

87 2261 198 2311 leus
234 2267 286 2310 et
319 2260 520 2325 Dictys3
555 2260 606 2308 in
641 2260 898 2326 plerisque
931 2266 1100 2310 autem
1135 2260 1317 2310 fabulis
1351 2260 1464 2308 bina
1498 2277 1680 2325 genera
1713 2277 1796 2311 so-

89 2342 218 2391 ciata
267 2357 382 2390 esse
429 2348 651 2406 apparet.
735 2341 948 2407 Largam
991 2342 1145 2406 igitur
1192 2341 1412 2390 variandi
1445 2347 1683 2406 grataque
1717 2343 1794 2392 iu-

90 2422 346 2472 cunditate
379 2421 631 2471 theatrum
668 2423 912 2471 retinendi
946 2423 1204 2472 materiam
1238 2423 1420 2487 poetis,
1458 2423 1611 2487 quiin
1635 2425 1792 2472 omni-

88 2502 182 2551 bus
216 2501 295 2550 vel
329 2501 558 2566 plurimis
592 2503 844 2551 actionum
878 2503 1143 2567 generibus
1175 2502 1507 2563 elaborarent,
1542 2503 1700 2553 fuisse
1717 2505 1792 2553 in-

87 2581 286 2644 telligis.
351 2581 587 2641 Accedit,
635 2583 767 2645 quod
812 2584 1132 2633 commutatio
1181 2600 1355 2632 rerum
1398 2583 1476 2631 vel
1512 2585 1790 2648 conversio,

86 2679 235 2728 quam
280 2658 662 2728 καταστροφὴν
720 2661 899 2711 Graeci
947 2657 1230 2727 appellant,
1285 2679 1446 2727 paene
1489 2678 1587 2711 non
1628 2666 1791 2715 minus

87 2759 240 2809 saepe
273 2743 550 2792 infelicium
583 2744 634 2792 in
669 2742 846 2791 felices
882 2759 1027 2807 quam
1061 2743 1286 2791 felicium
1321 2743 1370 2790 in
1418 2743 1648 2792 infelices
1696 2746 1789 2794 fie-

83 2825 170 2876 bat
205 2822 435 2887 (Aristot.
470 2828 606 2889 poet.
644 2840 686 2872 c.
722 2826 769 2871 7.
806 2821 863 2887 5.
899 2826 986 2886 7.).
1054 2824 1239 2872 Errant
1279 2824 1411 2872 enim
1446 2824 1788 2889 vehementer,

84 2904 169 2970 qui
203 2903 405 2954 felicem
450 2921 620 2955 rerum
670 2905 857 2954 exitum
906 2904 1164 2969 tragoedia
1198 2903 1454 2969 indignum
1489 2922 1604 2954 esse
1638 2913 1692 2956 et
1725 2909 1786 2957 ab

84 2986 356 3035 Aristotele
389 2986 610 3035 damnari
643 2991 830 3052 putant.
898 2986 1010 3035 Non
1043 2986 1200 3052 magis
1233 2984 1318 3033 ille
1351 2984 1551 3035 felicem
1580 2987 1786 3051 exitum,

83 3082 233 3131 quam
265 3065 567 3132 implicatam
593 3067 698 3116 sive
724 3066 978 3132 duplicem
1001 3068 1263 3127 actionem,
1300 3065 1575 3127 damnavit,
1610 3084 1786 3132 quam-

83 3163 232 3212 quam
264 3151 522 3212 praestare
555 3148 679 3196 dixit
711 3147 964 3197 infelicem
999 3150 1188 3197 exitum
1234 3151 1286 3196 et
1330 3147 1612 3213 simplicem
1658 3152 1784 3200 acti-

82 3242 230 3277 onem
267 3227 332 3291 (c.
359 3230 440 3280 13.
475 3226 532 3292 5.
556 3226 655 3292 4.):
690 3228 823 3292 quod
847 3228 1048 3292 quidem
1082 3229 1270 3287 dicenS,
1307 3228 1426 3292 quid
1451 3229 1601 3290 aliud,
1638 3246 1784 3294 quam

81 3308 409 3374 tragoediam,
443 3325 588 3373 quam
622 3324 712 3358 nos
748 3308 1003 3374 appellare
1028 3309 1272 3372 solemus,
1308 3309 1532 3358 dramate
1567 3309 1784 3375 (Schau-

82 3387 235 3454 spiel)
248 3390 520 3452 graviorem
543 3404 602 3439 ac
630 3389 1045 3455 praestantiorem
1070 3405 1183 3439 esse
1206 3390 1431 3440 censuit?
1466 3390 1782 3442 Etmaiorem

83 3466 293 3519 Graecis
324 3486 590 3520 numerum
621 3469 783 3520 fuisse
817 3470 1199 3535 tragoediarum,
1234 3487 1361 3536 quae
1393 3471 1597 3522 felicem
1624 3472 1781 3523 habe-
