2144 3854
887 274 1007 330 1οἸ

94 426 193 491 Qui
225 441 395 491 quum,
427 429 635 489 tyranno
661 420 824 472 omnia
851 411 1006 469 maria
1029 431 1302 481 omnesque
1323 422 1482 468 terras
1505 420 1704 468 tenente
1717 416 1787 485 *)‚

94 523 261 573 neque
293 505 567 572 effugiendi
602 504 753 553 ullam
783 500 1072 550 facultatem
1104 497 1330 560 haberet,
1366 504 1419 548 et
1451 514 1480 547 a
1511 498 1685 550 Minoe
1724 500 1788 549 ad

93 589 365 638 immensas
398 585 735 635 aedificiorum
767 581 926 630 moles
961 577 1288 628 exstruendas
1323 584 1615 643 cogeretur,
1660 581 1790 631 hanc

94 670 254 736 ipsam
290 669 612 718 obcaussam
647 679 760 712 cum
784 660 954 727 regina
984 658 1301 725 conspirasse
1323 659 1535 721 videtur,
1583 677 1789 727 sperans

97 766 154 799 se
186 748 334 798 huius
370 762 520 813 opera
553 744 834 807 auxilioque
879 742 1148 790 liberatum
1194 739 1274 790 iri.
1357 738 1430 788 Ea
1477 756 1593 805 spes
1642 759 1791 807 quum

97 829 244 879 simul
278 845 389 878 cum
421 827 661 876 felicitate
693 823 892 888 reginae
924 822 1208 883 interisset,
1243 819 1356 869 fieri
1389 822 1578 885 potnit,
1612 828 1668 872 ut
1702 840 1793 872 ex-

97 916 258 960 trema
293 908 461 959 conari
493 913 544 956 et
575 904 842 971 populum,
895 903 1081 953 Minois
1116 902 1377 966 imperium
1420 918 1683 967 perosum,
1732 904 1794 952 ad

96 991 431 1057 usurpandam
466 987 743 1035 libertatem
778 1000 956 1033 vocare
976 983 1320 1033 constitueret.
1386 981 1619 1049 Magnam
1663 984 1796 1033 enim

96 1070 257 1120 fuisse
307 1068 491 1134 ingenii
524 1067 633 1116 eius
667 1065 1041 1114 admirationem
1085 1079 1422 1129 magnamque,
1457 1064 1588 1130 apud
1622 1064 1797 1131 vulgus

96 1152 304 1215 gratiam
366 1148 809 1210 auctoritatemque
855 1151 1240 1199 consentaneum
1301 1152 1394 1194 est.
1477 1145 1797 1195 Praetextum

97 1238 265 1281 autem
298 1235 448 1295 atque
480 1227 906 1294 opportunitatem
940 1241 1146 1292 magnae
1181 1226 1437 1276 hominum
1471 1226 1798 1276 multitudinis

98 1312 470 1377 congregandae
493 1325 645 1375 opera
669 1308 797 1374 ipsa,
824 1325 951 1373 quae
965 1306 1155 1359 exstrui
1180 1323 1270 1356 rex
1294 1308 1526 1369 iusserat,
1561 1307 1798 1373 suppedi-

97 1394 287 1456 tabant,
322 1399 378 1442 ut
411 1391 494 1440 hic
526 1391 576 1439 in
601 1389 795 1440 insidiis
821 1389 918 1437 sibi
942 1387 1195 1437 struendis
1219 1387 1494 1438 Daedalum
1524 1389 1634 1454 ipse
1657 1389 1798 1438 adiu-

99 1479 255 1526 varet.
324 1473 558 1522 Ceterum
603 1487 666 1520 ex
698 1470 903 1519 Daedali
936 1469 1220 1532 Minoisque
1273 1469 1516 1533 colloquio
1562 1470 1798 1535 deprom-

99 1559 209 1605 tum
252 1570 368 1604 esse
412 1553 628 1601 arbitror
678 1567 908 1607 versum,
972 1565 1118 1612 quem
1168 1548 1419 1614 ‚Sophocli
1476 1533 1801 1615 Euripidique

103 1651 416 1685 communem
450 1632 612 1681 fuisse
633 1631 829 1696 quidam
872 1635 1186 1686 censuerunt,
1220 1629 1310 1678 sed
1351 1629 1704 1696 locupletiores
1725 1638 1801 1682 te-

103 1720 208 1765 stes
238 1714 563 1766 Antisthenes
585 1711 688 1775 (ap.
717 1710 874 1759 schol.
890 1710 1144 1775 Aristoph.
1158 1710 1364 1760 Thesm.
1383 1710 1550 1775 v.21.)
1579 1716 1632 1761 et
1661 1711 1802 1763 Plato

105 1796 322 1862 (Theag.
353 1813 400 1861 p.
424 1795 535 1842 125.
569 1792 646 1855 D„
682 1791 808 1856 Rep.
837 1790 961 1840 VlII.
979 1807 1026 1854 p.
1045 1793 1156 1841 568.
1179 1789 1262 1855 Δ.)
1284 1791 1402 1840 huic
1428 1792 1522 1841 soli
1547 1798 1803 1843 asserunt:

238 1872 403 1942 σοφοὶ
434 1872 694 1937 τύραννοι
725 1871 835 1921 τῶν
869 1870 1060 1935 σοφῶν
1093 1869 1370 1939 ξυνουσίᾳ.

104 1957 275 2007 Potuit
321 1956 372 2005 in
412 1954 674 2019 Sophoclis
708 1954 939 2003 Aiantem
972 1952 1187 2001 Locrum
1223 1954 1326 2002 sive
1360 1954 1421 2002 ab
1455 1953 1568 2019 ipso
1602 1954 1706 2004 sive
1741 1956 1802 2005 ab

101 2036 458 2102 interpolatore
481 2033 763 2095 transferri,
798 2049 961 2098 neque
995 2033 1249 2098 Euripidis
1281 2050 1456 2084 caussa
1481 2034 1704 2085 elevatur
1726 2036 1804 2086 in-

105 2119 239 2170 dicio
286 2117 581 2168 scholiastae
625 2114 883 2165 cuiusdam
927 2115 991 2164 ad
1039 2114 1294 2180 Aristoph.
1340 2114 1548 2165 Thesm.
1583 2118 1676 2165 21:
1741 2117 1804 2169 τὸ

104 2198 285 2268 μέντοι
319 2197 515 2265 δρᾶμα,
548 2193 608 2247 ἐν
643 2184 684 2263 ᾧ
720 2185 1023 2261 Εὐρίπίδης
1057 2198 1226 2246 ταῦτα
1259 2187 1436 2258 εἶπεν,
1471 2195 1538 2248 οὐ
1572 2196 1804 2261 σώζεται.

104 2263 378 2333 Rarissima
419 2280 551 2330 enim
607 2277 768 2328 fuisse
818 2277 965 2327 huius
1010 2273 1298 2342 tragoediae
1346 2280 1642 2344 exemplaria
1690 2283 1808 2333 inde

105 2368 343 2429 apparet,
393 2361 524 2426 quod
578 2358 795 2409 Stobaeo
846 2359 977 2407 nulla
1011 2375 1071 2407 ea
1104 2359 1276 2407 utendi
1312 2360 1454 2425 copia
1490 2360 1599 2412 fuit.
1665 2362 1805 2425 Plus,

106 2460 254 2508 quam
314 2441 635 2507 interpretiS,
681 2439 939 2505 Euripidis
983 2439 1143 2504 ipsius
1193 2439 1325 2489 valet
1374 2442 1675 2507 auctoritas,
1720 2446 1806 2510 qui

107 2523 422 2573 Mnesilocho
465 2522 597 2570 illam
649 2520 944 2569 sententiam
994 2520 1295 2585 respiciente
1329 2548 1394 2558 —

241 2595 359 2654 οἶόν
399 2599 450 2653 τί
483 2616 592 2652 που
625 2595 761 2650 ’στὶν
794 2597 852 2649 αἱ
884 2596 1050 2663 σοφαὶ
1082 2598 1363 2660 ξυνουσίαι
1372 2619 1394 2661 ,·
1415 2630 1476 2638 -

108 2683 310 2747 πολλοὶ,
360 2685 546 2750 inquit,
595 2679 662 2731 ἂν
708 2679 906 2746 μάθοις
938 2682 1161 2731 τοιαῦτα
1193 2683 1320 2746 παρ’
1357 2680 1505 2748 ἐμοῦ.
1574 2684 1806 2736 Ceterum

22 2805 25 2807 -
108 2767 173 2817 cf.
207 2766 390 2815 Matth.
428 2763 604 2830 fragm.
637 2765 731 2813 inc.
766 2780 817 2828 p.
851 2764 951 2810 433
987 2777 1113 2828 seq..
1153 2762 1373 2816 Boeckh.
1402 2770 1528 2829 trag.
1555 2781 1626 2830 gr.
1648 2766 1808 2830 princ.

106 2849 224 2898 247.
292 2846 561 2895 Praeterea
609 2844 977 2903 altercationis,
1023 2859 1170 2908 quam
1215 2844 1267 2895 in
1310 2844 1584 2896 Daedalum
1629 2847 1809 2898 fecerit

110 2926 295 2990 Minos,
328 2943 444 2992 pars
479 2926 602 2975 mihi
637 2941 750 2974 esse
785 2925 983 2974 videtur
1015 2924 1196 2992 fragm.
1231 2927 1347 2977 216.
1379 2926 1592 2979 Matth.:

242 3035 309 3044 —
379 3035 440 3045 -
505 3005 540 3073 ἢ
576 3009 800 3073 φρονεῖν
834 3002 1095 3057 ἐλάσσονα

243 3085 279 3156 ἢ
314 3086 582 3140 δύναᾰθαι
616 3087 697 3140 δεῖ
732 3099 789 3140 σε
821 3087 1017 3153 μείζον’
1070 3114 1137 3125 —-
1201 3114 1284 3141 -.

111 3170 294 3221 Parodi
325 3176 491 3221 autem
524 3171 884 3238 fragmentum,
933 3169 1067 3236 quod
1106 3185 1260 3236 supra
1302 3170 1809 3231 commemoravimuS,

111 3253 211 3303 hoc
243 3255 350 3302 est:

172 3479 224 3535 a·=)
251 3478 460 3537 Thucyd.
488 3480 529 3533 ι,
555 3478 598 3523 5.
627 3478 814 3524 ovidius
842 3479 934 3522 1.1.
963 3492 1008 3522 v.
1036 3475 1137 3521 185.
