2144 3854
980 289 1062 345 99

164 439 260 489 mis
295 437 556 488 hominum
587 435 902 486 informatam
935 448 1050 483 esse
1081 433 1308 495 videbat,
1353 438 1406 484 et
1441 450 1551 497 cum
1585 435 1865 502 probitatis,

164 520 440 570 sanctitatis
474 517 796 589 iustitiaeque*
826 512 1020 576 studio,
1064 529 1181 563 cum
1224 513 1390 579 legum
1424 511 1866 586 institutorumque

163 599 441 652 reverentia
473 598 749 647 arctissime
781 594 1127 655 coniunctam3
1162 592 1229 644 cf.
1262 593 1459 645 Hecub.
1495 599 1621 648 ¹182:

296 675 405 732 ἄλλ’
439 677 495 731 οἱ
522 674 642 728 θεοὶ
674 671 933 726 σθένουσι
965 671 1040 742 χώ
1074 672 1270 725 κείνων
1300 676 1517 738 κρατῶν

295 761 487 827 νόμος·
521 756 707 825 νόμῳ
738 753 868 821 γὰρ
902 749 1070 816 τοὺς
1100 747 1316 815 θεοὺς
1357 754 1729 825 ἡγούμεθα,

294 839 387 895 καὶ
420 841 588 905 ζῶμεν
620 837 780 889 ἄδικα
812 835 902 888 καὶ
936 831 1090 889 δίκαι’
1125 835 1428 903 ὡρισμένοι.

162 923 231 972 Hi
266 924 421 991 igitur
449 923 537 984 dii,
571 919 792 985 quamvis
828 920 889 968 ab
926 920 1180 969 erroribus
1214 920 1446 984 vitiisque
1471 936 1569 970 non
1595 923 1743 987 plane
1777 942 1862 978 va-

161 1010 348 1066 carent,
382 1002 551 1052 tamen
586 1000 769 1051 summi
804 1002 1016 1050 numinis
1052 1000 1264 1050 ministri
1301 1005 1353 1050 et
1382 1001 1567 1051 iurium
1595 1004 1863 1073 legumque

158 1089 354 1134 tutores
388 1099 504 1133 esse
536 1080 896 1143 credebantur,
947 1086 1004 1131 ut
1037 1081 1122 1147 qui
1151 1081 1263 1131 illos
1296 1083 1447 1132 rebus
1483 1082 1712 1136 humanis
1744 1104 1865 1152 pro-

159 1164 356 1231 spicere
379 1170 603 1229 negaret,
638 1178 738 1212 non
769 1162 914 1211 unius
933 1162 1151 1212 civitatis
1179 1179 1345 1212 morea
1369 1163 1696 1232 institutaque
1719 1185 1863 1219 ever-

147 1241 294 1306 tere,
329 1244 417 1294 sed
453 1244 601 1310 plane
634 1258 831 1292 omnem
866 1243 1143 1302 iustitiam,
1178 1243 1450 1309 pietatem,
1485 1247 1800 1298 sanctitatem
1834 1267 1864 1301 e

157 1326 257 1374 vita
298 1325 553 1374 hominum
598 1323 776 1373 tollere
821 1324 1090 1373 videretur.
1168 1323 1358 1390 Aperte
1413 1325 1688 1392 Euripides
1741 1330 1863 1381 deos

155 1411 475 1455 contemnere
524 1410 576 1454 et
617 1405 730 1453 iura
764 1404 927 1453 divina
957 1405 1274 1468 humanaque
1307 1422 1547 1472 spernere
1577 1409 1714 1459 idem
1750 1427 1865 1463 esse

155 1486 328 1536 docuit
361 1502 513 1550 quum
543 1485 592 1534 in
627 1485 840 1535 Bacchis
873 1491 983 1534 tum
1015 1484 1068 1533 in
1101 1485 1306 1550 reliquis
1343 1489 1640 1551 tragoediis,
1690 1495 1743 1541 et
1784 1493 1861 1544 fa-

156 1571 283 1628 stus,
318 1565 557 1615 stultitiae
590 1566 918 1629 vanitatisque
951 1564 1115 1630 arguit
1146 1566 1453 1631 quicunque,
1490 1584 1616 1632 quae
1649 1573 1862 1638 populo-

156 1662 268 1695 rum
300 1645 496 1694 iudiciis
530 1650 705 1693 natura
735 1645 846 1710 ipsa
891 1644 1020 1694 duce
1065 1645 1290 1695 instituta
1334 1652 1535 1711 essent,
1581 1650 1862 1704 disserendi

158 1725 432 1776 subtilitate
463 1724 739 1789 pervellere
772 1731 1096 1774 conarentur:

290 1804 358 1857 οὐ
391 1802 495 1871 γὰρ
531 1804 780 1868 κρεῖσσόν
813 1820 940 1855 ποτε
972 1805 1082 1855 τῶν
1114 1803 1301 1871 νόμων

219 1892 238 1893 ”
288 1884 604 1953 γιγνώσκειν
636 1883 736 1952 χρὴ
769 1883 862 1936 καὶ
893 1887 1113 1950 μελετᾶν
1130 1904 1141 1916 ·

285 1966 473 2032 κούφα
504 1965 608 2033 γὰρ
646 1964 862 2018 δαπάνα

284 2047 521 2114 νομίζειν
553 2041 710 2116 ἰσχὺν
741 2046 859 2100 τόδ’.
891 2044 1043 2113 ἔχειν,

285 2126 318 2182 ὅ
349 2147 401 2181 τι
432 2131 552 2182 ποτ’
586 2132 694 2196 ἄρα
724 2129 786 2181 τὸ
821 2127 1122 2196 δαιμόνιον,

284 2211 346 2264 τό
377 2213 423 2263 τ’
460 2207 520 2263 ἐν
552 2211 727 2282 χρόνῳ
749 2215 937 2278 μακρῷ
970 2209 1205 2276 νόμιμον

285 2290 368 2344 ἀεὶ
400 2293 562 2360 φύσει
591 2310 648 2345 τε
679 2292 936 2360 πεφυκός.

150 2376 372 2442 itemque

283 2455 545 2522 πατρίους
577 2454 889 2523 παραδοχὰς
922 2452 986 2515 ἅς
1017 2453 1074 2504 θ’
1111 2452 1363 2520 ὁμήλικας
1395 2454 1571 2524 χρόνῳ

282 2537 582 2605 κεκτήμεθ’,
620 2534 797 2596 οὐδεὶς
830 2534 967 2587 αὐτὰ
1000 2535 1289 2600 καταβαλεῖ
1319 2534 1495 2601 λόγος,

285 2618 402 2671 οὐδ’
435 2617 507 2686 ἢν
541 2617 610 2669 δι’
644 2619 829 2682 ἄκρων
862 2616 923 2668 τὸ
959 2615 1136 2685 σοφὸν
1170 2613 1389 2682 εὕρηται
1423 2619 1654 2683 φρενῶν.

150 2700 344 2751 Horum
392 2702 603 2750 deorum
651 2700 698 2748 vi
743 2699 880 2748 effici
926 2698 1227 2764 putabantur
1274 2714 1597 2764 quaecunque
1631 2701 1856 2766 fortuita,

149 2781 422 2848 inopinata,
453 2782 575 2830 mira
609 2781 925 2838 acciderent,
962 2793 1271 2843 quorumque
1306 2795 1480 2828 caussa
1514 2795 1612 2829 non
1646 2799 1856 2848 appare-

150 2865 246 2924 ret,
281 2868 386 2913 tum
419 2878 548 2926 quae
580 2861 836 2910 hominum
860 2859 1035 2910 animis
1062 2859 1227 2907 invitis
1250 2859 1518 2924 insciisque
1538 2858 1857 2929 obreperent,

149 2941 287 2992 velut
299 2943 480 2992 amoris
493 2943 656 3001 ardor,
685 2941 905 2991 laetitiae
921 2938 1202 3002 exsultatio,
1229 2938 1552 2990 inflammatio
1578 2942 1664 2992 illa
1687 2945 1856 3007 animi,

149 3039 246 3087 qua
278 3022 446 3073 affecti
482 3023 699 3072 carmina
750 3022 1018 3071 funderent
1060 3026 1266 3085 poetae,
1309 3021 1450 3070 furor
1499 3023 1604 3072 sive
1647 3024 1854 3088 insania,

150 3103 367 3167 denique
397 3103 796 3153 vehementiores
832 3103 1105 3151 animorum
1138 3101 1556 3166 perturbationes.
1625 3104 1854 3171 Eamque

150 3199 413 3250 personam
431 3200 580 3249 agere
595 3184 716 3233 deos
729 3184 971 3245 videmus,
995 3182 1273 3246 ubicunque
1295 3183 1356 3231 ab
1380 3183 1620 3249 Euripide
1646 3188 1853 3237 actioni-

149 3265 242 3314 bus
276 3264 590 3326 adhibentur,
625 3265 725 3330 qui,
761 3264 957 3314 etiamsi
990 3278 1052 3311 ex
1082 3262 1208 3328 ipsis
1240 3263 1496 3313 hominum
1517 3266 1653 3315 vitiis
1679 3268 1854 3318 huius-

149 3341 284 3401 modi
316 3344 527 3395 affectus
560 3345 698 3394 nasci
729 3346 915 3412 passim
941 3343 1250 3408 significavit,
1285 3344 1422 3394 velut
1445 3344 1631 3398 Troad.
1665 3351 1852 3399 v.980:

282 3416 354 3490 ἦν
389 3421 557 3490 οὑμὸς
588 3421 709 3487 υἱὸς
741 3426 934 3485 κάλλος
967 3420 1396 3488 ἐκπρεπέστατος,

207 3547 209 3549 .
283 3503 314 3557 ὅ
349 3505 465 3567 σὸς
499 3505 549 3558 δ’
585 3505 748 3558 ἰδών
781 3524 898 3558 νιν
931 3509 1104 3566 νοῦς
1138 3502 1438 3573 ἐποιήθη
1474 3505 1769 3571 Κύπρις·

896 3598 908 3604 -
1459 3590 1490 3636 ⁷
1507 3584 1534 3616 *
