<?xml version="1.0" encoding="UTF-8"?>
<!DOCTYPE html PUBLIC "-//W3C//DTD XHTML 1.0 Transitional//EN"
    "http://www.w3.org/TR/xhtml1/DTD/xhtml1-transitional.dtd">
<html xmlns="http://www.w3.org/1999/xhtml" xml:lang="en" lang="en">
 <head>
  <title>
</title>
<meta http-equiv="Content-Type" content="text/html;charset=utf-8" />
  <meta name='ocr-system' content='tesseract 3.04.00' />
  <meta name='ocr-capabilities' content='ocr_page ocr_carea ocr_par ocr_line ocrx_word'/>
</head>
<body>
  <div class='ocr_page' id='page_1' title='image "./euripidesrestitu01hartuoft_0280.png"; bbox 0 0 2144 3854; ppageno 0'>
   <div class='ocr_carea' id='block_1_1' title="bbox 1059 264 1183 322">
    <p class='ocr_par' dir='ltr' id='par_1_1' title="bbox 1059 264 1183 322">
     <span class='ocr_line' id='line_1_1' title="bbox 1059 264 1183 322; baseline -0.008 0"><span class='ocrx_word' id='word_1_1' title='bbox 1059 264 1183 322; x_wconf 79' lang='lat'><strong>262</strong></span> 
     </span>
    </p>
   </div>
   <div class='ocr_carea' id='block_1_2' title="bbox 278 408 1956 3034">
    <p class='ocr_par' dir='ltr' id='par_1_2' title="bbox 279 408 1956 954">
     <span class='ocr_line' id='line_1_2' title="bbox 280 408 1954 477; baseline -0.001 -12"><span class='ocrx_word' id='word_1_2' title='bbox 280 414 471 465; x_wconf 88' lang='lat' dir='ltr'><strong>Horum</strong></span> <span class='ocrx_word' id='word_1_3' title='bbox 505 411 740 477; x_wconf 78' lang='lat' dir='ltr'><strong>pleraque</strong></span> <span class='ocrx_word' id='word_1_4' title='bbox 773 425 869 475; x_wconf 90' lang='lat' dir='ltr'><strong>quo</strong></span> <span class='ocrx_word' id='word_1_5' title='bbox 903 410 1064 461; x_wconf 87' lang='lat' dir='ltr'><strong>minus</strong></span> <span class='ocrx_word' id='word_1_6' title='bbox 1098 410 1171 460; x_wconf 87' lang='lat' dir='ltr'><strong>sic</strong></span> <span class='ocrx_word' id='word_1_7' title='bbox 1189 446 1205 472; x_wconf 87' lang='lat'><strong>.‚</strong></span> <span class='ocrx_word' id='word_1_8' title='bbox 1250 414 1305 459; x_wconf 91' lang='lat' dir='ltr'><strong>ut</strong></span> <span class='ocrx_word' id='word_1_9' title='bbox 1350 408 1556 458; x_wconf 87' lang='lat' dir='ltr'><strong>Ovidius</strong></span> <span class='ocrx_word' id='word_1_10' title='bbox 1610 408 1797 471; x_wconf 80' lang='lat' dir='ltr'><strong>refert,</strong></span> <span class='ocrx_word' id='word_1_11' title='bbox 1841 417 1954 463; x_wconf 85' lang='lat' dir='ltr'><strong>acta</strong></span> 
     </span>
     <span class='ocr_line' id='line_1_3' title="bbox 281 488 1954 557; baseline -0.001 -13"><span class='ocrx_word' id='word_1_12' title='bbox 281 509 395 545; x_wconf 90' lang='lat' dir='ltr'><strong>esse</strong></span> <span class='ocrx_word' id='word_1_13' title='bbox 428 496 717 552; x_wconf 80' lang='lat' dir='ltr'><strong>statuamus,</strong></span> <span class='ocrx_word' id='word_1_14' title='bbox 752 489 819 539; x_wconf 91' lang='lat' dir='ltr'><strong>nil</strong></span> <span class='ocrx_word' id='word_1_15' title='bbox 852 489 1078 556; x_wconf 87' lang='lat' dir='ltr'><strong>impedit.</strong></span> <span class='ocrx_word' id='word_1_16' title='bbox 1143 489 1347 539; x_wconf 85' lang='lat' dir='ltr'><strong>Poterat</strong></span> <span class='ocrx_word' id='word_1_17' title='bbox 1379 504 1468 539; x_wconf 86' lang='lat' dir='ltr'><strong>rex</strong></span> <span class='ocrx_word' id='word_1_18' title='bbox 1501 488 1577 539; x_wconf 86' lang='lat' dir='ltr'><strong>vel</strong></span> <span class='ocrx_word' id='word_1_19' title='bbox 1600 489 1650 540; x_wconf 91' lang='lat' dir='ltr'><strong>in</strong></span> <span class='ocrx_word' id='word_1_20' title='bbox 1673 490 1954 557; x_wconf 72' lang='lat' dir='ltr'><strong>nuptiarum</strong></span> 
     </span>
     <span class='ocr_line' id='line_1_4' title="bbox 280 569 1955 636; baseline 0.001 -14"><span class='ocrx_word' id='word_1_21' title='bbox 280 572 568 622; x_wconf 83' lang='lat' dir='ltr'><strong>celebritate</strong></span> <span class='ocrx_word' id='word_1_22' title='bbox 614 569 828 636; x_wconf 89' lang='lat' dir='ltr'><strong>paranda</strong></span> <span class='ocrx_word' id='word_1_23' title='bbox 874 570 951 620; x_wconf 89' lang='lat' dir='ltr'><strong>vel</strong></span> <span class='ocrx_word' id='word_1_24' title='bbox 998 572 1046 620; x_wconf 90' lang='lat' dir='ltr'><strong>in</strong></span> <span class='ocrx_word' id='word_1_25' title='bbox 1092 570 1244 619; x_wconf 88' lang='lat' dir='ltr'><strong>sacris</strong></span> <span class='ocrx_word' id='word_1_26' title='bbox 1287 569 1526 620; x_wconf 73' lang='lat' dir='ltr'><strong>faciendis</strong></span> <span class='ocrx_word' id='word_1_27' title='bbox 1576 586 1687 620; x_wconf 90' lang='lat' dir='ltr'><strong>cum</strong></span> <span class='ocrx_word' id='word_1_28' title='bbox 1739 571 1877 628; x_wconf 59' lang='lat' dir='ltr'><strong>filiis,</strong></span> <span class='ocrx_word' id='word_1_29' title='bbox 1900 571 1955 623; x_wconf 83' lang='lat' dir='ltr'><strong>in</strong></span> 
     </span>
     <span class='ocr_line' id='line_1_5' title="bbox 279 649 1954 717; baseline 0.001 -17"><span class='ocrx_word' id='word_1_30' title='bbox 279 666 426 700; x_wconf 88' lang='lat' dir='ltr'><strong>scena</strong></span> <span class='ocrx_word' id='word_1_31' title='bbox 459 655 727 715; x_wconf 88' lang='lat' dir='ltr'><strong>occupatus</strong></span> <span class='ocrx_word' id='word_1_32' title='bbox 779 666 920 711; x_wconf 88' lang='lat' dir='ltr'><strong>esse,</strong></span> <span class='ocrx_word' id='word_1_33' title='bbox 965 650 1155 700; x_wconf 89' lang='lat' dir='ltr'><strong>nutrice</strong></span> <span class='ocrx_word' id='word_1_34' title='bbox 1203 666 1313 699; x_wconf 90' lang='lat' dir='ltr'><strong>cum</strong></span> <span class='ocrx_word' id='word_1_35' title='bbox 1348 649 1589 699; x_wconf 80' lang='lat' dir='ltr'><strong>simulatis</strong></span> <span class='ocrx_word' id='word_1_36' title='bbox 1616 651 1769 700; x_wconf 86' lang='lat' dir='ltr'><strong>sacris</strong></span> <span class='ocrx_word' id='word_1_37' title='bbox 1801 651 1954 717; x_wconf 85' lang='lat' dir='ltr'><strong>prod-</strong></span> 
     </span>
     <span class='ocr_line' id='line_1_6' title="bbox 279 728 1956 796; baseline 0.001 -17"><span class='ocrx_word' id='word_1_38' title='bbox 279 734 442 779; x_wconf 85' lang='lat' dir='ltr'><strong>eunte.</strong></span> <span class='ocrx_word' id='word_1_39' title='bbox 508 728 762 795; x_wconf 84' lang='lat' dir='ltr'><strong>Deprensa</strong></span> <span class='ocrx_word' id='word_1_40' title='bbox 805 731 995 781; x_wconf 86' lang='lat' dir='ltr'><strong>nutrice</strong></span> <span class='ocrx_word' id='word_1_41' title='bbox 1041 735 1094 780; x_wconf 93' lang='lat' dir='ltr'><strong>et</strong></span> <span class='ocrx_word' id='word_1_42' title='bbox 1127 731 1351 780; x_wconf 86' lang='lat' dir='ltr'><strong>convicta</strong></span> <span class='ocrx_word' id='word_1_43' title='bbox 1384 746 1679 795; x_wconf 85' lang='lat' dir='ltr'><strong>puerperam</strong></span> <span class='ocrx_word' id='word_1_44' title='bbox 1711 731 1871 796; x_wconf 86' lang='lat' dir='ltr'><strong>ipsam</strong></span> <span class='ocrx_word' id='word_1_45' title='bbox 1903 731 1956 782; x_wconf 83' lang='lat' dir='ltr'><strong>in</strong></span> 
     </span>
     <span class='ocr_line' id='line_1_7' title="bbox 281 810 1954 875; baseline 0.002 -18"><span class='ocrx_word' id='word_1_46' title='bbox 281 824 477 859; x_wconf 86' lang='lat' dir='ltr'><strong>scenam</strong></span> <span class='ocrx_word' id='word_1_47' title='bbox 513 810 800 875; x_wconf 87' lang='lat' dir='ltr'><strong>productam</strong></span> <span class='ocrx_word' id='word_1_48' title='bbox 834 826 946 860; x_wconf 86' lang='lat' dir='ltr'><strong>esse</strong></span> <span class='ocrx_word' id='word_1_49' title='bbox 978 826 1076 860; x_wconf 90' lang='lat' dir='ltr'><strong>non</strong></span> <span class='ocrx_word' id='word_1_50' title='bbox 1109 815 1186 860; x_wconf 88' lang='lat' dir='ltr'><strong>est</strong></span> <span class='ocrx_word' id='word_1_51' title='bbox 1220 810 1500 860; x_wconf 86' lang='lat' dir='ltr'><strong>verisimile.</strong></span> <span class='ocrx_word' id='word_1_52' title='bbox 1580 811 1772 861; x_wconf 85' lang='lat' dir='ltr'><strong>Absens</strong></span> <span class='ocrx_word' id='word_1_53' title='bbox 1805 811 1954 875; x_wconf 79' lang='lat' dir='ltr'><strong>igitur</strong></span> 
     </span>
     <span class='ocr_line' id='line_1_8' title="bbox 282 889 1096 954; baseline 0.002 -18"><span class='ocrx_word' id='word_1_54' title='bbox 282 889 515 937; x_wconf 87' lang='lat' dir='ltr'><strong>conviciis</strong></span> <span class='ocrx_word' id='word_1_55' title='bbox 551 906 579 938; x_wconf 90' lang='lat' dir='ltr'><strong>a</strong></span> <span class='ocrx_word' id='word_1_56' title='bbox 612 896 754 954; x_wconf 85' lang='lat' dir='ltr'><strong>patre</strong></span> <span class='ocrx_word' id='word_1_57' title='bbox 788 890 962 940; x_wconf 89' lang='lat' dir='ltr'><strong>obruta</strong></span> <span class='ocrx_word' id='word_1_58' title='bbox 993 895 1096 939; x_wconf 62' lang='lat' dir='ltr'><strong>esti</strong></span> 
     </span>
    </p>

    <p class='ocr_par' dir='ltr' id='par_1_3' title="bbox 410 965 1591 1034">
     <span class='ocr_line' id='line_1_9' title="bbox 410 965 1591 1034; baseline 0 -15"><span class='ocrx_word' id='word_1_59' title='bbox 410 969 642 1034; x_wconf 79' lang='grc' dir='ltr'><strong><em>γυναῖκα</em></strong></span> <span class='ocrx_word' id='word_1_60' title='bbox 675 967 722 1020; x_wconf 88' lang='grc' dir='ltr'><strong>δ’</strong></span> <span class='ocrx_word' id='word_1_61' title='bbox 758 965 895 1030; x_wconf 84' lang='grc' dir='ltr'><strong><em>ὅςτις</em></strong></span> <span class='ocrx_word' id='word_1_62' title='bbox 926 968 1182 1020; x_wconf 89' lang='grc' dir='ltr'><strong><em>παύσεται</em></strong></span> <span class='ocrx_word' id='word_1_63' title='bbox 1212 965 1383 1034; x_wconf 83' lang='grc' dir='ltr'><strong><em>λέγων</em></strong></span> <span class='ocrx_word' id='word_1_64' title='bbox 1416 967 1591 1030; x_wconf 79' lang='grc' dir='ltr'><strong><em>κακῶς</em></strong></span> 
     </span>
    </p>

    <p class='ocr_par' dir='ltr' id='par_1_4' title="bbox 278 1042 1954 1338">
     <span class='ocr_line' id='line_1_10' title="bbox 411 1042 1490 1115; baseline 0 -17"><span class='ocrx_word' id='word_1_65' title='bbox 411 1045 669 1115; x_wconf 81' lang='grc' dir='ltr'><strong><em>δύστηνος</em></strong></span> <span class='ocrx_word' id='word_1_66' title='bbox 703 1042 807 1114; x_wconf 83' lang='grc' dir='ltr'><strong>ἆρα</strong></span> <span class='ocrx_word' id='word_1_67' title='bbox 840 1048 941 1100; x_wconf 86' lang='grc' dir='ltr'><em>κού</em></span> <span class='ocrx_word' id='word_1_68' title='bbox 975 1048 1144 1114; x_wconf 81' lang='grc' dir='ltr'><strong><em>σοφὸς</em></strong></span> <span class='ocrx_word' id='word_1_69' title='bbox 1175 1047 1490 1114; x_wconf 81' lang='grc' dir='ltr'><strong><em>κεκλήσεται.</em></strong></span> 
     </span>
     <span class='ocr_line' id='line_1_11' title="bbox 278 1125 1954 1195; baseline 0.003 -20"><span class='ocrx_word' id='word_1_70' title='bbox 278 1125 640 1193; x_wconf 88' lang='lat' dir='ltr'><strong>Interposuisse</strong></span> <span class='ocrx_word' id='word_1_71' title='bbox 689 1146 745 1179; x_wconf 87' lang='lat' dir='ltr'><strong>se</strong></span> <span class='ocrx_word' id='word_1_72' title='bbox 778 1130 1060 1180; x_wconf 85' lang='lat' dir='ltr'><strong>Macareum</strong></span> <span class='ocrx_word' id='word_1_73' title='bbox 1110 1135 1162 1180; x_wconf 90' lang='lat' dir='ltr'><strong>et</strong></span> <span class='ocrx_word' id='word_1_74' title='bbox 1205 1129 1696 1195; x_wconf 85' lang='lat' dir='ltr'><strong>Pseudoplutarchus</strong></span> <span class='ocrx_word' id='word_1_75' title='bbox 1740 1134 1954 1180; x_wconf 79' lang='lat' dir='ltr'><strong>testatur</strong></span> 
     </span>
     <span class='ocr_line' id='line_1_12' title="bbox 280 1205 1952 1276; baseline 0.003 -20"><span class='ocrx_word' id='word_1_76' title='bbox 280 1205 399 1271; x_wconf 88' lang='grc' dir='ltr'><strong><em>(τὸν</em></strong></span> <span class='ocrx_word' id='word_1_77' title='bbox 430 1207 756 1276; x_wconf 80' lang='grc' dir='ltr'><strong><em>γεννήσαντα</em></strong></span> <span class='ocrx_word' id='word_1_78' title='bbox 799 1207 1328 1275; x_wconf 80' lang='grc' dir='ltr'><strong><em>προεξιλεωσοὲμενος)</em></strong></span> <span class='ocrx_word' id='word_1_79' title='bbox 1373 1215 1425 1258; x_wconf 85' lang='lat' dir='ltr'><strong>et</strong></span> <span class='ocrx_word' id='word_1_80' title='bbox 1466 1209 1563 1258; x_wconf 88' lang='lat' dir='ltr'><strong>hae</strong></span> <span class='ocrx_word' id='word_1_81' title='bbox 1595 1209 1832 1274; x_wconf 82' lang='lat' dir='ltr'><strong>reliquiae</strong></span> <span class='ocrx_word' id='word_1_82' title='bbox 1862 1211 1952 1261; x_wconf 80' lang='lat' dir='ltr'><strong>de·-</strong></span> 
     </span>
     <span class='ocr_line' id='line_1_13' title="bbox 281 1286 488 1338; baseline 0.014 -3"><span class='ocrx_word' id='word_1_83' title='bbox 281 1286 488 1338; x_wconf 73' lang='lat' dir='ltr'><strong>clarantz</strong></span> 
     </span>
    </p>

    <p class='ocr_par' dir='ltr' id='par_1_5' title="bbox 410 1365 1394 1436">
     <span class='ocr_line' id='line_1_14' title="bbox 410 1365 1394 1436; baseline 0 -17"><span class='ocrx_word' id='word_1_84' title='bbox 410 1366 545 1435; x_wconf 75' lang='grc' dir='ltr'><strong><em>ὀργῇ</em></strong></span> <span class='ocrx_word' id='word_1_85' title='bbox 579 1367 681 1435; x_wconf 79' lang='grc' dir='ltr'><strong>γὰρ</strong></span> <span class='ocrx_word' id='word_1_86' title='bbox 716 1365 853 1430; x_wconf 81' lang='grc' dir='ltr'><strong><em>ὄςτις</em></strong></span> <span class='ocrx_word' id='word_1_87' title='bbox 885 1367 1085 1429; x_wconf 77' lang='grc' dir='ltr'><strong><em>εὐθέως</em></strong></span> <span class='ocrx_word' id='word_1_88' title='bbox 1118 1368 1394 1436; x_wconf 80' lang='grc' dir='ltr'><strong><em>χαρίζεται,</em></strong></span> 
     </span>
    </p>

    <p class='ocr_par' dir='ltr' id='par_1_6' title="bbox 278 1447 1950 1672">
     <span class='ocr_line' id='line_1_15' title="bbox 409 1447 1770 1517; baseline 0.001 -19"><span class='ocrx_word' id='word_1_89' title='bbox 409 1449 585 1510; x_wconf 78' lang='grc' dir='ltr'><strong><em>κακῶς</em></strong></span> <span class='ocrx_word' id='word_1_90' title='bbox 617 1450 828 1517; x_wconf 80' lang='grc' dir='ltr'><strong><em>τελευτᾷ</em></strong></span> <span class='ocrx_word' id='word_1_91' title='bbox 847 1464 858 1476; x_wconf 90' lang='grc'><em>·</em></span> <span class='ocrx_word' id='word_1_92' title='bbox 892 1452 1106 1501; x_wconf 84' lang='grc' dir='ltr'><strong><em>πλεῖστα</em></strong></span> <span class='ocrx_word' id='word_1_93' title='bbox 1138 1448 1240 1516; x_wconf 75' lang='grc' dir='ltr'><strong>γὰρ</strong></span> <span class='ocrx_word' id='word_1_94' title='bbox 1275 1448 1494 1514; x_wconf 80' lang='grc' dir='ltr'><em>σφάλλει</em></span> <span class='ocrx_word' id='word_1_95' title='bbox 1527 1447 1770 1512; x_wconf 77' lang='grc' dir='ltr'><strong><em>βροτούς.</em></strong></span> 
     </span>
     <span class='ocr_line' id='line_1_16' title="bbox 278 1524 1950 1594; baseline 0.003 -20"><span class='ocrx_word' id='word_1_96' title='bbox 278 1524 454 1590; x_wconf 84' lang='lat' dir='ltr'><strong>Neque</strong></span> <span class='ocrx_word' id='word_1_97' title='bbox 501 1530 618 1579; x_wconf 89' lang='lat' dir='ltr'><strong>huic</strong></span> <span class='ocrx_word' id='word_1_98' title='bbox 662 1532 882 1581; x_wconf 90' lang='lat' dir='ltr'><strong>tribuere</strong></span> <span class='ocrx_word' id='word_1_99' title='bbox 917 1532 1086 1581; x_wconf 90' lang='lat' dir='ltr'><strong>dubito</strong></span> <span class='ocrx_word' id='word_1_100' title='bbox 1130 1532 1296 1589; x_wconf 88' lang='lat' dir='ltr'><strong>verba,</strong></span> <span class='ocrx_word' id='word_1_101' title='bbox 1343 1544 1471 1593; x_wconf 87' lang='lat' dir='ltr'><strong>quae</strong></span> <span class='ocrx_word' id='word_1_102' title='bbox 1517 1529 1566 1578; x_wconf 90' lang='lat' dir='ltr'><strong>in</strong></span> <span class='ocrx_word' id='word_1_103' title='bbox 1613 1528 1950 1594; x_wconf 85' lang='lat' dir='ltr'><strong>Strepsiadem</strong></span> 
     </span>
     <span class='ocr_line' id='line_1_17' title="bbox 278 1604 1340 1672; baseline 0.007 -19"><span class='ocrx_word' id='word_1_104' title='bbox 278 1604 630 1672; x_wconf 86' lang='lat' dir='ltr'><strong>Aristophanes</strong></span> <span class='ocrx_word' id='word_1_105' title='bbox 664 1612 910 1660; x_wconf 84' lang='lat' dir='ltr'><strong>transtulit</strong></span> <span class='ocrx_word' id='word_1_106' title='bbox 942 1611 1071 1662; x_wconf 84' lang='lat' dir='ltr'><strong>Nub.</strong></span> <span class='ocrx_word' id='word_1_107' title='bbox 1107 1627 1149 1661; x_wconf 78' lang='grc' dir='ltr'><strong>ν.</strong></span> <span class='ocrx_word' id='word_1_108' title='bbox 1185 1613 1340 1660; x_wconf 60' lang='grc'>14683</span> 
     </span>
    </p>

    <p class='ocr_par' dir='ltr' id='par_1_7' title="bbox 278 1686 1953 1995">
     <span class='ocr_line' id='line_1_18' title="bbox 411 1686 1572 1757; baseline 0 -16"><span class='ocrx_word' id='word_1_109' title='bbox 411 1716 476 1725; x_wconf 91' lang='grc'><strong>-</strong></span> <span class='ocrx_word' id='word_1_110' title='bbox 541 1717 607 1727; x_wconf 91' lang='grc'>-</span> <span class='ocrx_word' id='word_1_111' title='bbox 674 1688 1048 1755; x_wconf 78' lang='grc' dir='ltr'><strong><em>καταιδέσθητι</em></strong></span> <span class='ocrx_word' id='word_1_112' title='bbox 1080 1695 1329 1757; x_wconf 83' lang='grc' dir='ltr'><strong><em>πατρῷον</em></strong></span> <span class='ocrx_word' id='word_1_113' title='bbox 1363 1686 1473 1739; x_wconf 88' lang='grc' dir='ltr'><strong>Δία</strong></span> <span class='ocrx_word' id='word_1_114' title='bbox 1504 1687 1572 1752; x_wconf 75' lang='lat'>²¹²).</span> 
     </span>
     <span class='ocr_line' id='line_1_19' title="bbox 279 1764 1953 1834; baseline 0.004 -19"><span class='ocrx_word' id='word_1_115' title='bbox 279 1764 469 1828; x_wconf 77' lang='lat' dir='ltr'><strong>Quibus</strong></span> <span class='ocrx_word' id='word_1_116' title='bbox 515 1771 745 1833; x_wconf 84' lang='lat' dir='ltr'><strong>precibus</strong></span> <span class='ocrx_word' id='word_1_117' title='bbox 793 1773 859 1821; x_wconf 90' lang='lat' dir='ltr'><strong>nil</strong></span> <span class='ocrx_word' id='word_1_118' title='bbox 909 1778 1071 1820; x_wconf 87' lang='lat' dir='ltr'><strong>motus</strong></span> <span class='ocrx_word' id='word_1_119' title='bbox 1114 1772 1299 1821; x_wconf 89' lang='lat' dir='ltr'><strong>Aeolus</strong></span> <span class='ocrx_word' id='word_1_120' title='bbox 1353 1770 1517 1818; x_wconf 86' lang='lat' dir='ltr'><strong>statim</strong></span> <span class='ocrx_word' id='word_1_121' title='bbox 1568 1784 1660 1834; x_wconf 88' lang='lat' dir='ltr'><strong>per</strong></span> <span class='ocrx_word' id='word_1_122' title='bbox 1693 1768 1953 1821; x_wconf 78' lang='lat' dir='ltr'><strong>satellitem</strong></span> 
     </span>
     <span class='ocr_line' id='line_1_20' title="bbox 278 1845 1951 1915; baseline 0.004 -23"><span class='ocrx_word' id='word_1_123' title='bbox 278 1845 411 1896; x_wconf 89' lang='lat' dir='ltr'><strong>filiae</strong></span> <span class='ocrx_word' id='word_1_124' title='bbox 444 1848 660 1911; x_wconf 84' lang='lat' dir='ltr'><strong>gladium</strong></span> <span class='ocrx_word' id='word_1_125' title='bbox 694 1852 859 1911; x_wconf 78' lang='lat' dir='ltr'><strong>mittit,</strong></span> <span class='ocrx_word' id='word_1_126' title='bbox 893 1867 990 1915; x_wconf 90' lang='lat' dir='ltr'><strong>quo</strong></span> <span class='ocrx_word' id='word_1_127' title='bbox 1024 1868 1134 1901; x_wconf 90' lang='lat' dir='ltr'><strong>eam</strong></span> <span class='ocrx_word' id='word_1_128' title='bbox 1164 1852 1227 1901; x_wconf 90' lang='lat' dir='ltr'><strong>ad</strong></span> <span class='ocrx_word' id='word_1_129' title='bbox 1261 1857 1473 1900; x_wconf 88' lang='lat' dir='ltr'><strong>mortem</strong></span> <span class='ocrx_word' id='word_1_130' title='bbox 1510 1849 1605 1898; x_wconf 87' lang='lat' dir='ltr'><strong>sibi</strong></span> <span class='ocrx_word' id='word_1_131' title='bbox 1639 1850 1951 1899; x_wconf 84' lang='lat' dir='ltr'><strong>consciscen-</strong></span> 
     </span>
     <span class='ocr_line' id='line_1_21' title="bbox 279 1924 835 1995; baseline 0.013 -22"><span class='ocrx_word' id='word_1_132' title='bbox 279 1924 390 1976; x_wconf 88' lang='lat' dir='ltr'><strong>dam</strong></span> <span class='ocrx_word' id='word_1_133' title='bbox 425 1932 558 1978; x_wconf 84' lang='lat' dir='ltr'><strong>tecte</strong></span> <span class='ocrx_word' id='word_1_134' title='bbox 592 1931 835 1995; x_wconf 87' lang='lat' dir='ltr'><strong>impellit:</strong></span> 
     </span>
    </p>

    <p class='ocr_par' dir='ltr' id='par_1_8' title="bbox 409 2007 1617 2077">
     <span class='ocr_line' id='line_1_22' title="bbox 409 2007 1617 2077; baseline 0.001 -21"><span class='ocrx_word' id='word_1_135' title='bbox 409 2007 659 2069; x_wconf 82' lang='lat' dir='ltr'><strong>„Interea</strong></span> <span class='ocrx_word' id='word_1_136' title='bbox 685 2013 895 2077; x_wconf 71' lang='lat' dir='ltr'><strong>patrius</strong></span> <span class='ocrx_word' id='word_1_137' title='bbox 928 2012 1076 2060; x_wconf 79' lang='lat' dir='ltr'><strong>vultu</strong></span> <span class='ocrx_word' id='word_1_138' title='bbox 1109 2016 1374 2061; x_wconf 78' lang='lat' dir='ltr'><strong>moerente</strong></span> <span class='ocrx_word' id='word_1_139' title='bbox 1405 2010 1617 2060; x_wconf 78' lang='lat' dir='ltr'><strong>satelles</strong></span> 
     </span>
    </p>

    <p class='ocr_par' dir='ltr' id='par_1_9' title="bbox 410 2088 1811 2315">
     <span class='ocr_line' id='line_1_23' title="bbox 549 2088 1592 2157; baseline 0 -20"><span class='ocrx_word' id='word_1_140' title='bbox 549 2088 699 2139; x_wconf 82' lang='lat' dir='ltr'><strong>Venit</strong></span> <span class='ocrx_word' id='word_1_141' title='bbox 735 2097 786 2140; x_wconf 90' lang='lat' dir='ltr'><strong>et</strong></span> <span class='ocrx_word' id='word_1_142' title='bbox 819 2091 1059 2157; x_wconf 79' lang='lat' dir='ltr'><strong>indignos</strong></span> <span class='ocrx_word' id='word_1_143' title='bbox 1094 2090 1259 2140; x_wconf 82' lang='lat' dir='ltr'><strong>edidit</strong></span> <span class='ocrx_word' id='word_1_144' title='bbox 1295 2107 1382 2139; x_wconf 88' lang='lat' dir='ltr'><strong>ore</strong></span> <span class='ocrx_word' id='word_1_145' title='bbox 1413 2105 1592 2138; x_wconf 79' lang='lat' dir='ltr'><strong>sonos.-</strong></span> 
     </span>
     <span class='ocr_line' id='line_1_24' title="bbox 410 2166 1811 2232; baseline -0.001 -16"><span class='ocrx_word' id='word_1_146' title='bbox 410 2167 605 2217; x_wconf 80' lang='lat' dir='ltr'><strong>Aeolus</strong></span> <span class='ocrx_word' id='word_1_147' title='bbox 637 2169 774 2220; x_wconf 76' lang='lat' dir='ltr'><strong>huno</strong></span> <span class='ocrx_word' id='word_1_148' title='bbox 807 2187 977 2221; x_wconf 82' lang='lat' dir='ltr'><strong>ensem</strong></span> <span class='ocrx_word' id='word_1_149' title='bbox 1011 2171 1172 2220; x_wconf 84' lang='lat' dir='ltr'><strong>mittit</strong></span> <span class='ocrx_word' id='word_1_150' title='bbox 1206 2171 1304 2220; x_wconf 79' lang='lat' dir='ltr'><strong>tibi</strong></span> <span class='ocrx_word' id='word_1_151' title='bbox 1337 2168 1580 2232; x_wconf 81' lang='lat' dir='ltr'><strong>(tradidit</strong></span> <span class='ocrx_word' id='word_1_152' title='bbox 1617 2166 1811 2231; x_wconf 78' lang='lat' dir='ltr'><strong>ensem)</strong></span> 
     </span>
     <span class='ocr_line' id='line_1_25' title="bbox 537 2247 1789 2315; baseline 0 -17"><span class='ocrx_word' id='word_1_153' title='bbox 537 2249 616 2298; x_wconf 81' lang='lat' dir='ltr'><strong>Ec</strong></span> <span class='ocrx_word' id='word_1_154' title='bbox 649 2250 791 2300; x_wconf 80' lang='lat' dir='ltr'><strong>iubet</strong></span> <span class='ocrx_word' id='word_1_155' title='bbox 827 2268 892 2300; x_wconf 75' lang='lat' dir='ltr'><strong>ex</strong></span> <span class='ocrx_word' id='word_1_156' title='bbox 925 2252 1110 2301; x_wconf 84' lang='lat' dir='ltr'><strong>merito</strong></span> <span class='ocrx_word' id='word_1_157' title='bbox 1142 2253 1290 2311; x_wconf 73' lang='lat' dir='ltr'><strong>scire,</strong></span> <span class='ocrx_word' id='word_1_158' title='bbox 1324 2249 1448 2315; x_wconf 79' lang='lat' dir='ltr'><strong>quid</strong></span> <span class='ocrx_word' id='word_1_159' title='bbox 1481 2249 1581 2297; x_wconf 86' lang='lat' dir='ltr'><strong>iste</strong></span> <span class='ocrx_word' id='word_1_160' title='bbox 1613 2247 1789 2298; x_wconf 85' lang='lat' dir='ltr'><strong>velit.&#39;’</strong></span> 
     </span>
    </p>

    <p class='ocr_par' dir='ltr' id='par_1_10' title="bbox 278 2324 1954 2551">
     <span class='ocr_line' id='line_1_26' title="bbox 280 2324 1951 2395; baseline 0.002 -21"><span class='ocrx_word' id='word_1_161' title='bbox 280 2324 359 2375; x_wconf 79' lang='lat' dir='ltr'><strong>Cf.</strong></span> <span class='ocrx_word' id='word_1_162' title='bbox 396 2325 906 2393; x_wconf 85' lang='lat' dir='ltr'><strong>Pseudoplutarchum</strong></span> <span class='ocrx_word' id='word_1_163' title='bbox 942 2332 975 2383; x_wconf 87' lang='lat'><strong>1.</strong></span> <span class='ocrx_word' id='word_1_164' title='bbox 1013 2331 1065 2391; x_wconf 74' lang='grc'><strong>1.,</strong></span> <span class='ocrx_word' id='word_1_165' title='bbox 1099 2331 1349 2395; x_wconf 82' lang='lat' dir='ltr'><strong>Hyginum</strong></span> <span class='ocrx_word' id='word_1_166' title='bbox 1372 2329 1469 2378; x_wconf 86' lang='lat' dir='ltr'><strong>sab.</strong></span> <span class='ocrx_word' id='word_1_167' title='bbox 1491 2331 1622 2389; x_wconf 59' lang='lat'><strong>238„</strong></span> <span class='ocrx_word' id='word_1_168' title='bbox 1659 2327 1801 2377; x_wconf 83' lang='lat' dir='ltr'><strong>Ovid.</strong></span> <span class='ocrx_word' id='word_1_169' title='bbox 1828 2327 1951 2378; x_wconf 86' lang='lat' dir='ltr'><strong>[bid.</strong></span> 
     </span>
     <span class='ocr_line' id='line_1_27' title="bbox 278 2407 1954 2475; baseline 0.002 -22"><span class='ocrx_word' id='word_1_170' title='bbox 278 2407 389 2454; x_wconf 86' lang='lat'><strong>564.</strong></span> <span class='ocrx_word' id='word_1_171' title='bbox 470 2407 718 2474; x_wconf 88' lang='lat' dir='ltr'><strong>Repulsus</strong></span> <span class='ocrx_word' id='word_1_172' title='bbox 770 2411 920 2475; x_wconf 84' lang='lat' dir='ltr'><strong>igitur</strong></span> <span class='ocrx_word' id='word_1_173' title='bbox 963 2411 1117 2475; x_wconf 86' lang='lat' dir='ltr'><strong>patris</strong></span> <span class='ocrx_word' id='word_1_174' title='bbox 1167 2411 1470 2460; x_wconf 88' lang='lat' dir='ltr'><strong>contumacia</strong></span> <span class='ocrx_word' id='word_1_175' title='bbox 1513 2409 1774 2458; x_wconf 86' lang='lat' dir='ltr'><strong>Macareus</strong></span> <span class='ocrx_word' id='word_1_176' title='bbox 1830 2407 1954 2457; x_wconf 84' lang='lat' dir='ltr'><strong>haec</strong></span> 
     </span>
     <span class='ocr_line' id='line_1_28' title="bbox 279 2483 884 2551; baseline 0.01 -18"><span class='ocrx_word' id='word_1_177' title='bbox 279 2483 463 2535; x_wconf 86' lang='lat' dir='ltr'><strong>dixisse</strong></span> <span class='ocrx_word' id='word_1_178' title='bbox 499 2491 742 2551; x_wconf 88' lang='lat' dir='ltr'><strong>putandus</strong></span> <span class='ocrx_word' id='word_1_179' title='bbox 779 2496 884 2539; x_wconf 87' lang='lat' dir='ltr'><strong>est:</strong></span> 
     </span>
    </p>

    <p class='ocr_par' dir='ltr' id='par_1_11' title="bbox 409 2566 1571 2635">
     <span class='ocr_line' id='line_1_29' title="bbox 409 2566 1571 2635; baseline 0.003 -20"><span class='ocrx_word' id='word_1_180' title='bbox 409 2570 563 2630; x_wconf 79' lang='grc' dir='ltr'><strong><em>σιγᾶν</em></strong></span> <span class='ocrx_word' id='word_1_181' title='bbox 597 2572 912 2633; x_wconf 81' lang='grc' dir='ltr'><strong><em>φρονοῦντα</em></strong></span> <span class='ocrx_word' id='word_1_182' title='bbox 943 2570 1205 2635; x_wconf 77' lang='grc' dir='ltr'><strong><em>κρεῖσσον,</em></strong></span> <span class='ocrx_word' id='word_1_183' title='bbox 1241 2567 1313 2628; x_wconf 77' lang='grc' dir='ltr'><strong>εἰς</strong></span> <span class='ocrx_word' id='word_1_184' title='bbox 1360 2566 1571 2632; x_wconf 83' lang='grc' dir='ltr'><strong><em>ὁμιλίαν</em></strong></span> 
     </span>
    </p>

    <p class='ocr_par' dir='ltr' id='par_1_12' title="bbox 409 2646 1732 2716">
     <span class='ocr_line' id='line_1_30' title="bbox 409 2646 1732 2716; baseline 0.002 -20"><span class='ocrx_word' id='word_1_185' title='bbox 409 2646 637 2698; x_wconf 85' lang='grc' dir='ltr'><strong><em>πεσόντα</em></strong></span> <span class='ocrx_word' id='word_1_186' title='bbox 655 2650 761 2716; x_wconf 77' lang='lat'><strong>*²²²)·</strong></span> <span class='ocrx_word' id='word_1_187' title='bbox 797 2648 969 2716; x_wconf 82' lang='grc' dir='ltr'><strong><em>τούτῳ</em></strong></span> <span class='ocrx_word' id='word_1_188' title='bbox 1004 2649 1052 2701; x_wconf 82' lang='grc' dir='ltr'><strong>δ’</strong></span> <span class='ocrx_word' id='word_1_189' title='bbox 1087 2647 1244 2714; x_wconf 72' lang='grc' dir='ltr'><strong><em>ἀνδρὶ</em></strong></span> <span class='ocrx_word' id='word_1_190' title='bbox 1276 2648 1393 2715; x_wconf 84' lang='grc' dir='ltr'><strong><em>μήτ’</em></strong></span> <span class='ocrx_word' id='word_1_191' title='bbox 1430 2647 1544 2714; x_wconf 83' lang='grc' dir='ltr'><strong><em>εἴην</em></strong></span> <span class='ocrx_word' id='word_1_192' title='bbox 1577 2647 1732 2712; x_wconf 82' lang='grc' dir='ltr'><strong><em>φίλος</em></strong></span> 
     </span>
    </p>

    <p class='ocr_par' dir='ltr' id='par_1_13' title="bbox 409 2727 1502 2796">
     <span class='ocr_line' id='line_1_31' title="bbox 409 2727 1502 2796; baseline 0.001 -18"><span class='ocrx_word' id='word_1_193' title='bbox 409 2727 535 2794; x_wconf 87' lang='grc' dir='ltr'><strong><em>μήτε</em></strong></span> <span class='ocrx_word' id='word_1_194' title='bbox 569 2728 802 2796; x_wconf 83' lang='grc' dir='ltr'><strong><em>ξυνείην,</em></strong></span> <span class='ocrx_word' id='word_1_195' title='bbox 835 2728 971 2792; x_wconf 82' lang='grc' dir='ltr'><strong><em>ὄςτις</em></strong></span> <span class='ocrx_word' id='word_1_196' title='bbox 1006 2729 1242 2795; x_wconf 81' lang='grc' dir='ltr'><strong><em>αὐτάρκη</em></strong></span> <span class='ocrx_word' id='word_1_197' title='bbox 1277 2731 1502 2796; x_wconf 79' lang='grc' dir='ltr'><strong><em>φρονεῖν</em></strong></span> 
     </span>
    </p>

    <p class='ocr_par' dir='ltr' id='par_1_14' title="bbox 279 2805 1954 3034">
     <span class='ocr_line' id='line_1_32' title="bbox 410 2805 1646 2877; baseline -0.001 -19"><span class='ocrx_word' id='word_1_198' title='bbox 410 2806 650 2870; x_wconf 80' lang='grc' dir='ltr'><strong><em>πέποιθε,</em></strong></span> <span class='ocrx_word' id='word_1_199' title='bbox 688 2811 920 2872; x_wconf 81' lang='grc' dir='ltr'><strong><em>δούλους</em></strong></span> <span class='ocrx_word' id='word_1_200' title='bbox 951 2805 1077 2872; x_wconf 81' lang='grc' dir='ltr'><strong><em>τοὺς</em></strong></span> <span class='ocrx_word' id='word_1_201' title='bbox 1108 2811 1301 2877; x_wconf 81' lang='grc' dir='ltr'><strong><em>φίλους</em></strong></span> <span class='ocrx_word' id='word_1_202' title='bbox 1331 2808 1646 2877; x_wconf 77' lang='grc' dir='ltr'><strong><em>ἡγούμενος.</em></strong></span> 
     </span>
     <span class='ocr_line' id='line_1_33' title="bbox 279 2884 1954 2959; baseline -0.002 -23"><span class='ocrx_word' id='word_1_203' title='bbox 279 2888 445 2951; x_wconf 73' lang='lat' dir='ltr'><strong>Idem,</strong></span> <span class='ocrx_word' id='word_1_204' title='bbox 493 2898 752 2956; x_wconf 88' lang='lat' dir='ltr'><strong>postquam</strong></span> <span class='ocrx_word' id='word_1_205' title='bbox 801 2899 946 2959; x_wconf 86' lang='lat' dir='ltr'><strong>pater</strong></span> <span class='ocrx_word' id='word_1_206' title='bbox 994 2894 1141 2956; x_wconf 78' lang='lat' dir='ltr'><strong>abiit,</strong></span> <span class='ocrx_word' id='word_1_207' title='bbox 1189 2892 1252 2942; x_wconf 89' lang='lat' dir='ltr'><strong>ad</strong></span> <span class='ocrx_word' id='word_1_208' title='bbox 1295 2894 1507 2941; x_wconf 91' lang='lat' dir='ltr'><strong>mortem</strong></span> <span class='ocrx_word' id='word_1_209' title='bbox 1542 2905 1598 2938; x_wconf 90' lang='lat' dir='ltr'><strong>se</strong></span> <span class='ocrx_word' id='word_1_210' title='bbox 1630 2884 1954 2936; x_wconf 87' lang='lat' dir='ltr'><strong>communiter</strong></span> 
     </span>
     <span class='ocr_line' id='line_1_34' title="bbox 280 2969 756 3034; baseline 0.011 -17"><span class='ocrx_word' id='word_1_211' title='bbox 280 2969 553 3018; x_wconf 89' lang='lat' dir='ltr'><strong>obeundam</strong></span> <span class='ocrx_word' id='word_1_212' title='bbox 590 2981 756 3034; x_wconf 86' lang='lat' dir='ltr'><strong>parat:</strong></span> 
     </span>
    </p>
   </div>
   <div class='ocr_carea' id='block_1_3' title="bbox 309 3076 1956 3496">
    <p class='ocr_par' dir='ltr' id='par_1_15' title="bbox 335 3076 1956 3423">
     <span class='ocr_line' id='line_1_35' title="bbox 335 3076 1955 3142; baseline -0.006 -14"><span class='ocrx_word' id='word_1_213' title='bbox 335 3083 385 3138; x_wconf 70' lang='lat'><strong>²⁸²)</strong></span> <span class='ocrx_word' id='word_1_214' title='bbox 417 3084 558 3137; x_wconf 89' lang='lat' dir='ltr'><strong>„Sunt</strong></span> <span class='ocrx_word' id='word_1_215' title='bbox 585 3085 701 3127; x_wconf 89' lang='lat' dir='ltr'><strong>haec</strong></span> <span class='ocrx_word' id='word_1_216' title='bbox 730 3086 1024 3130; x_wconf 86' lang='lat' dir='ltr'><strong>existimanda</strong></span> <span class='ocrx_word' id='word_1_217' title='bbox 1051 3085 1214 3142; x_wconf 84' lang='lat' dir='ltr'><strong>tragici</strong></span> <span class='ocrx_word' id='word_1_218' title='bbox 1243 3080 1429 3128; x_wconf 87' lang='lat' dir='ltr'><strong>alicuius</strong></span> <span class='ocrx_word' id='word_1_219' title='bbox 1456 3081 1619 3133; x_wconf 86' lang='lat' dir='ltr'><strong>verba,</strong></span> <span class='ocrx_word' id='word_1_220' title='bbox 1660 3079 1707 3122; x_wconf 90' lang='lat' dir='ltr'><strong>id</strong></span> <span class='ocrx_word' id='word_1_221' title='bbox 1736 3077 1852 3133; x_wconf 85' lang='lat' dir='ltr'><strong>quod</strong></span> <span class='ocrx_word' id='word_1_222' title='bbox 1879 3076 1955 3119; x_wconf 81' lang='lat' dir='ltr'><strong>vel</strong></span> 
     </span>
     <span class='ocr_line' id='line_1_36' title="bbox 416 3146 1956 3210; baseline -0.005 -14"><span class='ocrx_word' id='word_1_223' title='bbox 416 3154 632 3209; x_wconf 86' lang='lat' dir='ltr'><strong>producta</strong></span> <span class='ocrx_word' id='word_1_224' title='bbox 660 3161 837 3210; x_wconf 86' lang='lat' dir='ltr'><strong>praeter</strong></span> <span class='ocrx_word' id='word_1_225' title='bbox 865 3173 1038 3200; x_wconf 90' lang='lat' dir='ltr'><strong>morem</strong></span> <span class='ocrx_word' id='word_1_226' title='bbox 1067 3156 1338 3198; x_wconf 86' lang='lat' dir='ltr'><strong>comicorum</strong></span> <span class='ocrx_word' id='word_1_227' title='bbox 1366 3153 1513 3209; x_wconf 86' lang='lat' dir='ltr'><strong>prima</strong></span> <span class='ocrx_word' id='word_1_228' title='bbox 1541 3151 1717 3208; x_wconf 80' lang='lat' dir='ltr'><strong>syllaba</strong></span> <span class='ocrx_word' id='word_1_229' title='bbox 1744 3146 1956 3192; x_wconf 79' lang='lat' dir='ltr'><strong>vocabuli</strong></span> 
     </span>
     <span class='ocr_line' id='line_1_37' title="bbox 417 3221 1956 3284; baseline -0.005 -18"><span class='ocrx_word' id='word_1_230' title='bbox 417 3225 630 3282; x_wconf 75' lang='grc' dir='ltr'><strong><em>πατρῷον</em></strong></span> <span class='ocrx_word' id='word_1_231' title='bbox 653 3229 874 3284; x_wconf 86' lang='lat' dir='ltr'><strong>ostendat,</strong></span> <span class='ocrx_word' id='word_1_232' title='bbox 906 3227 1220 3283; x_wconf 83' lang='lat' dir='ltr'><strong>Euripidisque</strong></span> <span class='ocrx_word' id='word_1_233' title='bbox 1244 3240 1340 3268; x_wconf 85' lang='lat' dir='ltr'><strong>esse</strong></span> <span class='ocrx_word' id='word_1_234' title='bbox 1368 3222 1618 3278; x_wconf 84' lang='lat' dir='ltr'><strong>suspicatus</strong></span> <span class='ocrx_word' id='word_1_235' title='bbox 1645 3225 1719 3264; x_wconf 82' lang='lat' dir='ltr'><strong>est</strong></span> <span class='ocrx_word' id='word_1_236' title='bbox 1731 3221 1956 3263; x_wconf 80' lang='lat' dir='ltr'><strong>Porsonus</strong></span> 
     </span>
     <span class='ocr_line' id='line_1_38' title="bbox 425 3288 1955 3341; baseline -0.005 -3"><span class='ocrx_word' id='word_1_237' title='bbox 425 3295 484 3338; x_wconf 84' lang='lat' dir='ltr'><strong>ad</strong></span> <span class='ocrx_word' id='word_1_238' title='bbox 511 3296 633 3338; x_wconf 88' lang='lat' dir='ltr'><strong>Med.</strong></span> <span class='ocrx_word' id='word_1_239' title='bbox 663 3295 818 3340; x_wconf 80' lang='lat'>1314.”</span> <span class='ocrx_word' id='word_1_240' title='bbox 873 3298 1096 3341; x_wconf 87' lang='lat' dir='ltr'><strong>BOTHE.</strong></span> <span class='ocrx_word' id='word_1_241' title='bbox 1155 3298 1383 3341; x_wconf 82' lang='lat' dir='ltr'><strong>Proavum</strong></span> <span class='ocrx_word' id='word_1_242' title='bbox 1410 3293 1538 3336; x_wconf 90' lang='lat' dir='ltr'><strong>Aeoli</strong></span> <span class='ocrx_word' id='word_1_243' title='bbox 1564 3294 1720 3338; x_wconf 80' lang='lat' dir='ltr'><strong>Iovem</strong></span> <span class='ocrx_word' id='word_1_244' title='bbox 1739 3288 1878 3335; x_wconf 78' lang='lat' dir='ltr'><strong>fuisse</strong></span> <span class='ocrx_word' id='word_1_245' title='bbox 1898 3300 1955 3331; x_wconf 77' lang='lat' dir='ltr'><strong>cx</strong></span> 
     </span>
     <span class='ocr_line' id='line_1_39' title="bbox 418 3364 1598 3423; baseline -0.003 -13"><span class='ocrx_word' id='word_1_246' title='bbox 418 3364 490 3419; x_wconf 72' lang='lat' dir='ltr'><strong>iia,</strong></span> <span class='ocrx_word' id='word_1_247' title='bbox 522 3379 640 3421; x_wconf 82' lang='lat' dir='ltr'><strong>quae</strong></span> <span class='ocrx_word' id='word_1_248' title='bbox 668 3381 802 3422; x_wconf 88' lang='lat' dir='ltr'><strong>supra</strong></span> <span class='ocrx_word' id='word_1_249' title='bbox 832 3368 1296 3420; x_wconf 82' lang='lat' dir='ltr'><strong>commemoravimus,</strong></span> <span class='ocrx_word' id='word_1_250' title='bbox 1324 3364 1598 3423; x_wconf 80' lang='lat' dir='ltr'><strong>intelligitur.</strong></span> 
     </span>
    </p>

    <p class='ocr_par' dir='ltr' id='par_1_16' title="bbox 309 3434 1435 3496">
     <span class='ocr_line' id='line_1_40' title="bbox 309 3434 1435 3496; baseline 0 -18"><span class='ocrx_word' id='word_1_251' title='bbox 309 3435 391 3490; x_wconf 54' lang='lat' dir='ltr'><strong>M)</strong></span> <span class='ocrx_word' id='word_1_252' title='bbox 421 3436 594 3494; x_wconf 79' lang='lat' dir='ltr'><strong>Vulgo:</strong></span> <span class='ocrx_word' id='word_1_253' title='bbox 624 3439 831 3496; x_wconf 74' lang='grc' dir='ltr'><strong><em>κρεῖσσον</em></strong></span> <span class='ocrx_word' id='word_1_254' title='bbox 859 3434 890 3494; x_wconf 81' lang='grc' dir='ltr'><em>ἢ</em></span> <span class='ocrx_word' id='word_1_255' title='bbox 920 3440 985 3491; x_wconf 78' lang='grc' dir='ltr'><strong>εἰς</strong></span> <span class='ocrx_word' id='word_1_256' title='bbox 1015 3437 1193 3496; x_wconf 79' lang='grc' dir='ltr'><strong><em>ὁμιλίαν</em></strong></span> <span class='ocrx_word' id='word_1_257' title='bbox 1221 3434 1435 3484; x_wconf 81' lang='grc' dir='ltr'><strong><em>πεσόντα.</em></strong></span> 
     </span>
    </p>
   </div>
  </div>
 </body>
</html>
