2176 3874
1084 285 1209 342 374

310 440 501 488 mutata
545 433 956 497 conspiciebatur.
1033 431 1089 482 Id
1146 431 1277 482 enim
1318 431 1503 482 factum
1546 448 1663 484 esne
1706 438 1762 484 ut
1805 439 1990 488 statua-

311 532 451 576 mus,
496 512 802 563 consuetudo
853 518 904 562 et
949 514 1091 575 quasi
1139 513 1220 562 lex
1262 514 1546 577 tragoediae
1590 515 1836 580 postulat,
1893 533 1994 582 qua

311 596 422 660 lege
457 593 663 642 effectus
699 609 899 655 eorum,
933 609 1060 658 quae
1092 594 1220 642 intus
1256 598 1396 643 erant
1429 599 1555 652 acta,
1589 595 1638 644 in
1672 602 1992 662 conspectum

311 676 481 739 utique
526 674 888 737 proferebatur.
971 672 1178 723 Tantam
1225 675 1488 738 imaginum
1525 675 1812 726 varietatem
1845 683 1995 741 atque

310 754 698 814 multitudinem,
748 759 846 802 tam
892 754 1105 818 amplam
1139 755 1389 820 signorum
1423 755 1843 819 complexionem,
1887 763 1993 807 tan-

309 838 414 883 tum
447 834 709 883 tumultum
747 835 1025 893 hominum,
1068 835 1118 883 in
1151 835 1260 899 ipso
1306 836 1509 883 actionis
1544 836 1723 886 ardore
1756 837 1993 901 obtorpe-

313 913 575 974 scentiam,
616 914 813 963 theatro
847 919 1267 979 repraesentatum
1303 914 1709 966 efficacissimum
1742 917 1900 968 fuisse
1931 916 1993 967 ad

313 993 482 1043 oculos
516 999 806 1059 mentesque
839 995 1138 1054 movendos,
1174 994 1319 1045 facile
1353 999 1430 1044 est
1461 996 1733 1049 intellectu.

771 1343 840 1398 D.
945 1342 1536 1401 Messores,

442 1476 697 1526 Messores
746 1477 850 1527 sive
881 1476 1130 1541 θεριστὰς
1174 1478 1390 1528 fabulam
1434 1478 1639 1529 eandem
1686 1477 1845 1528 fuisse
1879 1495 1991 1529 cum

313 1556 462 1623 Syleo
507 1558 783 1622 suspicatus
830 1565 908 1608 est
954 1560 1243 1609 Welckerus
1289 1559 1339 1608 in
1390 1560 1735 1624 supplemento
1785 1558 1898 1607 libri
1930 1559 1995 1608 de

310 1637 551 1702 Aeschyli
574 1638 768 1703 trilogia
794 1640 963 1703 scripti
996 1657 1043 1704 p.
1060 1643 1172 1690 302.
1225 1639 1317 1688 Cui
1341 1655 1439 1704 quo
1465 1639 1625 1688 minus
1651 1638 1993 1700 assentiamur,

312 1716 501 1766 duabus
533 1720 682 1767 rebus
710 1719 1043 1783 prohibemur,
1077 1721 1287 1784 primum
1314 1720 1443 1784 quod
1484 1719 1787 1768 messoribus
1830 1718 1994 1768 locum

310 1797 363 1846 in
388 1797 523 1862 Sylei
554 1798 716 1847 fabula
750 1800 938 1848 nullum
973 1801 1134 1851 fuisse
1169 1805 1392 1865 apparet,
1431 1799 1610 1849 deinde
1639 1798 1766 1864 quod
1802 1814 1994 1847 messo-

311 1893 424 1927 rum
458 1878 625 1927 fabula
678 1879 773 1927 iam
810 1881 1152 1944 Aristophanis
1186 1881 1486 1944 grammatici
1520 1880 1753 1929 memoria
1786 1878 1997 1928 interie-

310 1961 420 2014 rat,
467 1957 643 2021 Syleus
677 1965 838 2008 autem
885 1960 1033 2008 etiarn
1071 1959 1293 2007 Philonis
1339 1959 1506 2008 ludaei
1555 1965 1719 2009 aetate
1751 1959 1993 2008 exstabat.

310 2036 668 2100 Argumentum
702 2039 850 2100 igitur
882 2038 1076 2087 fabulae
1108 2039 1238 2087 idem
1273 2038 1430 2086 fuisse
1465 2039 1698 2098 coniicio,
1733 2038 1865 2101 quod
1901 2038 1994 2087 So-

312 2115 507 2164 sitheus
540 2118 787 2177 tractavit,
831 2118 895 2167 de
929 2119 1067 2168 cuius
1103 2119 1271 2167 fabula
1306 2118 1453 2166 adeas
1486 2118 1813 2166 Eichstaedtii
1846 2123 1994 2181 atque

310 2194 582 2244 Hermanni
627 2196 836 2261 (Opusc.
885 2198 921 2247 Ι.
967 2214 1019 2263 p.
1063 2196 1165 2259 54.)
1216 2199 1280 2246 de
1326 2197 1543 2246 dramate
1591 2197 1993 2262 comicosatyrico

313 2273 712 2337 dissertationes,
749 2292 954 2339 quorum
990 2277 1103 2337 ille,
1141 2278 1398 2338 Photium,
1435 2277 1758 2336 Athenaeum,
1793 2277 1993 2326 Suidam

314 2358 367 2403 et
400 2354 712 2404 scholiastam
748 2355 1004 2406 Theocriti
1041 2357 1126 2422 (X,
1159 2355 1265 2420 41.)
1303 2360 1532 2415 secutuS,
1579 2357 1764 2405 haecce
1798 2360 1992 2404 narrat=

314 2433 627 2498 „Lityerses,
662 2434 831 2484 Midae
865 2437 1012 2497 filius,
1050 2453 1112 2486 ex
1145 2436 1409 2485 meretrice
1444 2443 1721 2501 susceptus,
1755 2435 1994 2485 habitavit

314 2513 571 2572 Celaenis,
617 2517 738 2564 urbe
784 2516 1043 2580 Phrygiae.
1122 2516 1193 2565 Ibi
1229 2521 1468 2581 quotquot
1511 2516 1573 2564 ad
1620 2532 1731 2565 eum
1767 2516 1993 2581 hospites

313 2594 692 2653 confluxissent,
751 2596 896 2644 lautis
954 2597 1148 2646 solebat
1209 2596 1368 2661 epulis
1427 2596 1676 2660 excipere.
1767 2596 1834 2644 At
1894 2594 1994 2644 fuit

311 2675 409 2724 hoc
442 2674 709 2738 hospitium
744 2692 903 2740 neque
937 2676 998 2724 ad
1032 2677 1384 2725 humanitatem
1418 2676 1564 2724 nimis
1598 2675 1799 2724 liberale
1832 2690 1993 2739 neque

312 2755 376 2803 ad
410 2755 782 2804 diuturnitatem
829 2757 1007 2805 stabile
1051 2773 1108 2805 ac
1143 2757 1356 2806 firmum.
1433 2755 1559 2804 Nam
1608 2756 1832 2821 hospites
1866 2755 1994 2803 bene

311 2840 483 2898 pastos
518 2836 568 2883 in
603 2851 747 2898 agros
795 2837 964 2885 eduxit
997 2837 1239 2901 iussitque
1286 2852 1452 2884 secum
1488 2842 1684 2900 segetes
1720 2835 1990 2884 demetere.

312 2912 626 2962 Inumbrante
663 2922 826 2964 autem
864 2933 1085 2982 vespera,
1130 2921 1278 2980 caput
1310 2915 1439 2963 falce
1471 2915 1681 2963 abscidit
1715 2930 1992 2978 corpusque

313 2995 574 3058 manipulis
611 2995 879 3044 involutum
916 2996 1111 3045 domum
1147 2996 1378 3062 portavit.
1420 2994 1580 3043 Huius
1615 3000 1781 3042 tantae
1815 2994 1992 3041 crude-

313 3072 466 3121 litatis
513 3074 689 3122 vindex
716 3073 718 3075 ’
742 3076 938 3124 tandem
986 3083 1133 3139 atque
1188 3091 1455 3141 oppressor
1503 3074 1742 3122 Hercules
1789 3073 1988 3135 exstitit,

316 3152 399 3217 qui
433 3152 711 3218 Lityersam
746 3156 964 3205 occisum
997 3156 1047 3205 in
1080 3155 1404 3206 Maeandrum
1438 3153 1749 3219 proficeret„
1841 3151 1863 3181 Ψ
