2176 3874
892 237 1017 296 477
1047 254 1053 259 ·

716 475 780 531 C.
907 475 1192 531 Ion.

240 621 433 672 Fabula
462 637 523 671 ex
553 637 736 685 genere
763 637 930 671 earum
954 626 1049 682 est,
1074 636 1196 684 quas
1221 619 1475 669 intricatas
1492 614 1796 684 (πεπλεγμέ-

107 704 229 768 νας)
264 702 531 768 appellavit
564 702 880 752 Aristoteles.
948 701 1147 749 Etenim
1195 717 1292 750 non
1335 701 1576 765 gravitate
1611 715 1797 760 rerum,

107 799 206 833 non
241 783 502 832 atrocitate
536 782 805 842 malorum,
852 797 947 829 non
995 782 1394 845 magnanimitate
1428 782 1506 829 vel
1538 781 1800 829 insolentia

105 863 394 923 hominum,
446 879 543 912 non
578 863 794 911 novitate
829 859 1133 921 facinorum,
1185 877 1279 909 non
1315 877 1504 909 morum
1542 862 1799 925 exemplis,

108 944 200 992 sed
235 945 488 993 erroribus
523 943 820 992 turbulentis
856 945 908 988 et
942 941 1190 1004 agnitione
1225 942 1478 1005 inopinata
1505 947 1642 989 tenet
1681 958 1799 1006 spe-

107 1028 341 1073 ctatores.
410 1025 464 1072 In
498 1039 595 1087 quo
641 1038 824 1087 genere
871 1037 1021 1085 quum
1057 1021 1215 1070 nostri
1265 1028 1446 1087 poetae
1478 1020 1588 1069 fere
1625 1037 1798 1070 omnes

107 1120 256 1168 quam
294 1104 671 1170 diligentissime
706 1118 882 1151 cavere
908 1103 1113 1163 soleant,
1149 1119 1212 1151 ne
1246 1102 1365 1167 quid
1390 1101 1453 1150 de
1480 1107 1659 1150 eventu
1686 1106 1800 1150 ante

107 1185 266 1249 ipsam
300 1185 647 1234 difficultatum
684 1184 978 1232 solutionem
1014 1183 1291 1241 indicetur,
1328 1198 1625 1246 omnemque
1662 1182 1801 1230 dele-

106 1266 366 1314 ctationem
391 1266 440 1313 in
466 1279 526 1313 eo
546 1264 761 1328 positam
797 1279 911 1312 esse
928 1263 1164 1321 iudicent,
1199 1267 1255 1312 ut
1289 1279 1379 1328 par
1406 1265 1468 1311 sit
1491 1279 1678 1324 eorum,
1716 1262 1800 1327 qui

107 1351 369 1411 spectant,
417 1349 568 1408 atque
616 1361 820 1406 eorum,
869 1360 1074 1409 quorum
1112 1359 1220 1391 sors
1256 1350 1454 1407 agatur,
1503 1344 1797 1407 ignorantia,

105 1425 376 1490 Euripides
410 1433 582 1473 contra
628 1425 724 1473 deo
760 1426 1000 1473 arcessito
1036 1425 1289 1472 erroribus
1336 1424 1563 1472 omnibus
1599 1430 1799 1488 specta-

103 1511 270 1555 torum
306 1521 570 1554 occurrere
605 1511 657 1553 et
707 1506 772 1554 de
818 1510 995 1555 eventu
1042 1521 1210 1554 rerum
1260 1506 1464 1553 eosdem
1511 1505 1801 1569 planissime

104 1586 287 1635 docere
327 1585 515 1633 maluit.
582 1583 827 1634 Nimirum
875 1602 972 1635 non
1019 1585 1445 1650 praestigiatoris,
1496 1585 1586 1634 sed
1621 1591 1802 1651 poetae

106 1681 372 1732 personam
408 1666 502 1715 sibi
536 1665 776 1731 agendam
813 1683 927 1716 esse
963 1668 1129 1726 duxit,
1178 1672 1228 1714 et
1275 1671 1573 1715 consecutus
1625 1672 1701 1714 est
1734 1665 1802 1726 id,

106 1752 163 1795 ut
197 1745 258 1795 ad
296 1746 542 1794 actionum
595 1747 960 1796 contentionem
1008 1753 1061 1796 et
1107 1762 1390 1795 sermonum
1426 1747 1801 1811 ambiguitatem

106 1827 322 1875 animum
357 1826 641 1875 liberiorem
678 1828 1063 1887 attenderemus,
1099 1843 1260 1890 neque
1281 1828 1610 1890 cognoscendi
1633 1843 1800 1876 rerum

106 1907 376 1956 decursum
412 1907 630 1955 studium
667 1907 875 1966 minuit,
925 1909 1016 1956 sed
1049 1909 1214 1968 auxit,
1263 1912 1321 1955 ut
1354 1906 1504 1955 falsas
1541 1907 1800 1972 opiniones

109 2004 223 2037 cum
258 1987 468 2037 veritate
501 1993 843 2052 comparantes
867 1988 1209 2036 vehementius
1235 2003 1676 2038 commoveremur.
1711 1990 1800 2038 At-

108 2068 195 2133 qui
229 2084 391 2132 neque
425 2068 722 2132 imperitiam
750 2085 912 2133 neque
933 2055 1174 2134 ignaviam
1194 2074 1374 2134 poetae
1399 2084 1621 2117 caussam
1644 2068 1800 2117 fuisse

103 2149 350 2215 prooemii
387 2148 736 2212 praemittendi
771 2148 822 2196 in
856 2149 950 2196 hac
979 2149 1180 2212 quidem
1215 2148 1382 2198 fabula
1419 2149 1631 2212 quilibet
1654 2149 1800 2198 intel-

106 2228 230 2295 ligit.
298 2227 425 2278 Nam
461 2230 608 2277 etiam
644 2230 814 2279 demto
848 2229 933 2278 illo
968 2230 1091 2278 nihil
1137 2230 1349 2278 dramati
1395 2228 1574 2278 deesse
1608 2229 1800 2279 videbi-

105 2313 214 2359 tur:
262 2324 426 2371 neque
460 2309 590 2357 enim
636 2325 750 2372 pars
799 2310 1046 2359 actionum
1094 2315 1197 2369 est,
1247 2310 1338 2359 sed
1384 2311 1539 2358 oratio
1585 2310 1635 2358 in
1682 2326 1801 2359 con-

108 2389 249 2437 cione
284 2388 464 2436 theatri
498 2387 663 2436 habita
700 2395 814 2437 ante
844 2391 1030 2438 initium
1057 2392 1321 2441 actionum.
1390 2389 1459 2437 Et
1491 2395 1686 2454 poterat
1719 2407 1801 2440 ea-

108 2467 224 2516 dem
258 2468 409 2516 verba
433 2467 629 2527 histrio,
665 2484 762 2516 non
788 2469 998 2518 alienam
1025 2486 1308 2534 personam,
1343 2471 1433 2519 sed
1473 2486 1612 2519 suam
1649 2487 1800 2537 agens

106 2547 293 2608 facere,
330 2549 371 2596 si
406 2547 622 2613 dignitas
658 2550 946 2615 tragoediae
980 2551 1076 2599 hoc
1113 2556 1383 2614 pateretur.

241 2627 449 2692 Delphis
475 2628 524 2677 in
551 2628 719 2678 limine
741 2631 916 2694 templi
936 2631 1177 2695 Apollinis
1205 2647 1285 2679 res
1304 2635 1532 2696 aguntur,
1559 2635 1610 2680 et
1630 2632 1801 2697 prodit

106 2709 411 2768 Mercurius,
442 2709 523 2772 qui
544 2709 789 2774 quondam
809 2712 1014 2760 Athenis
1040 2711 1207 2760 Ionem
1224 2727 1284 2759 ex
1303 2711 1507 2772 Creusa,
1522 2711 1801 2761 Erechthei

110 2790 242 2849 filia,
290 2795 458 2838 natum
506 2796 555 2838 et
588 2790 638 2838 in
673 2795 817 2840 antro
852 2794 1074 2857 rupium,
1121 2807 1246 2855 quae
1280 2791 1534 2854 Longae
1578 2792 1797 2856 appella-

109 2870 290 2920 bantur
336 2868 408 2933 (in
444 2872 819 2935 septentrionali
854 2873 1148 2938 Acropolios
1193 2873 1396 2937 regione
1442 2888 1592 2936 supra
1634 2874 1798 2938 ipsum

105 2951 357 3000 theatrum
394 2950 520 3009 sito,
559 2968 656 3016 quo
694 2953 870 3001 eodem
923 2953 1034 3001 loco
1071 2953 1259 3002 Creusa
1294 2953 1354 3001 ab
1389 2954 1620 3016 Apolline
1655 2969 1800 3001 com-

107 3047 283 3097 pressa
318 3030 444 3094 erat)
481 3033 760 3097 expositum
795 3033 994 3081 sustulit
1016 3033 1259 3099 Apollinis
1294 3039 1472 3097 rogatu
1503 3049 1560 3081 ac
1579 3032 1799 3097 Delphos

109 3111 335 3176 pertulit,
371 3112 458 3162 ubi
491 3113 543 3162 in
578 3114 812 3179 gradibus
835 3113 1007 3178 templi
1036 3129 1146 3162 cum
1172 3113 1339 3163 arcula
1366 3119 1418 3163 et
1438 3113 1605 3162 fasciis
1630 3114 1799 3162 iacens

106 3193 332 3242 inventus
367 3210 397 3241 a
431 3194 692 3243 sacerdote
737 3197 1100 3258 susceptusque
1149 3200 1241 3243 est.
1309 3193 1403 3243 His
1440 3194 1676 3259 expositis
1711 3195 1799 3243 ad-

107 3271 181 3320 dit
227 3289 466 3336 puerum,
522 3275 662 3323 cuius
697 3278 929 3339 parentes
962 3274 1335 3338 ignorarentur,
1383 3274 1514 3340 apud
1561 3290 1671 3324 aras
1717 3275 1799 3323 dei

105 3351 291 3402 victum
323 3353 588 3415 invenisse,
626 3355 857 3414 eundem,
893 3371 1005 3403 cum
1039 3355 1236 3405 adultus
1269 3362 1419 3415 esset,
1453 3355 1797 3404 thesaurorum

106 3431 365 3483 custodem
418 3450 448 3483 a
481 3434 690 3502 Delphis
744 3435 1062 3486 constitutum
1109 3452 1223 3487 esse
1268 3442 1319 3488 et
1362 3437 1411 3486 in
1460 3435 1668 3484 delubro
1713 3434 1797 3484 dei
