2176 3874
1153 303 1280 360 500

374 455 529 505 tentia
552 466 647 502 non
677 450 981 499 Graecorum
1015 454 1222 510 tantum,
1260 449 1351 498 sed
1386 449 1601 499 omnium
1622 449 1859 512 gentium,
1895 455 2054 502 omni-

375 549 459 582 um
494 537 779 597 poetarum,
828 531 1043 578 omnium
1091 530 1535 595 philosophorum,
1570 529 1977 594 quicunque‘non
2007 533 2059 581 in

376 612 540 676 quiete
574 627 632 658 ac
669 608 894 658 socordia
931 626 1176 658 summum
1222 611 1403 658 bonum
1438 609 1655 674 positum
1690 625 1804 658 esse
1836 611 2060 660 arbitrati

375 696 520 741 sunt:
554 691 652 739 hoc
686 694 874 738 tantum
908 690 1035 738 inter
1068 706 1238 739 eorum
1275 689 1585 748 sententiam,
1620 689 1701 753 qui
1734 689 1902 754 plures
1936 691 2059 739 deos

376 770 574 828 colunt,
622 774 672 817 et
706 784 907 826 eorum,
959 771 1043 834 qui
1078 771 1136 818 ab
1172 786 1268 818 uno
1303 769 1502 817 numine
1536 768 1698 816 omnia
1732 769 2061 819 administrari

377 853 727 915 cognoverunt,
763 849 988 909 interest,
1024 849 1154 912 quod
1182 850 1255 896 illi
1290 848 1603 897 aemulationi
1626 849 1873 898 interdum
1908 855 2058 914 atque

375 931 587 978 invidiae
622 929 826 977 deorum
861 929 1085 978 tribuunt
1132 945 1258 992 quae
1306 929 1489 976 rectius
1535 929 1585 976 hi
1637 929 1942 993 benignitate
1975 928 2058 977 dei

377 1010 551 1075 optimi
584 1008 782 1057 maximi
816 1007 985 1071 dirigi,
1041 1025 1135 1072 quo
1178 1009 1331 1069 magis
1377 1009 1598 1056 homiues
1644 1007 2061 1073 praestantissimi

378 1089 562 1153 quique
595 1106 622 1137 a
657 1088 787 1135 vitiis
824 1096 969 1148 atque
1004 1088 1256 1135 erroribus
1289 1094 1574 1152 purgentur,
1610 1088 1704 1136 sibi
1739 1075 2059 1152 persuadent.

377 1168 461 1217 Nil
497 1170 623 1216 enim
658 1183 823 1215 rerum
860 1166 1182 1214 humanarum
1219 1168 1467 1215 erroribus
1502 1168 1735 1231 vitiisque
1768 1173 1922 1218 vacat.
1967 1167 2060 1215 Er-

377 1263 569 1307 ramuS,
620 1263 767 1309 quum
824 1245 1123 1294 addiscimus
1173 1246 1250 1294 vel
1294 1247 1477 1309 aliquid
1521 1246 1634 1295 novi
1682 1246 2059 1310 investigamus3

379 1341 659 1392 peccamus,
698 1324 994 1387 simulatque
1021 1326 1203 1388 aliquid
1229 1326 1623 1389 concupiscimus
1641 1324 1721 1388 ἓ3);
1755 1327 1861 1374 iura
1895 1325 2061 1393 leges-

378 1421 475 1469 que
509 1404 745 1452 violamus
780 1405 926 1452 etiam
962 1411 1095 1465 tum,
1133 1421 1283 1469 quum
1316 1405 1618 1468 reipublicae
1650 1405 1836 1454 morbis
1872 1406 2060 1453 mederi

376 1485 455 1534 vel
488 1485 818 1548 cuiuscunque
843 1485 1095 1533 hominum
1123 1484 1479 1534 coniunctionis
1506 1484 1632 1532 mala
1662 1484 1933 1534 inveterata
1962 1484 2060 1533 tol-

377 1569 485 1613 lere
531 1580 779 1612 conamur.
852 1564 917 1613 Et
963 1566 1071 1629 quis
1118 1571 1221 1613 tam
1268 1565 1550 1624 abstinen8‚
1597 1563 1706 1628 quis
1754 1569 1856 1612 tam
1899 1563 2058 1611 firmis

377 1643 642 1709 probitatis
677 1645 825 1693 armis
860 1646 1077 1694 munitus
1113 1651 1205 1704 est,
1243 1651 1297 1693 ut
1330 1645 1380 1693 iu
1413 1644 1577 1692 media
1599 1658 1802 1692 versans
1835 1643 2063 1691 vitiorum

378 1724 725 1786 scelerumque
782 1725 1071 1788 contagione
1127 1741 1225 1774 non
1283 1725 1393 1789 ipse
1444 1725 1694 1772 interdum
1752 1721 2063 1772 contamine-

380 1809 464 1853 tur
499 1800 622 1866 **)‘}
690 1805 899 1853 Accedit
923 1806 1071 1868 quod,
1109 1821 1259 1869 quum
1286 1804 1482 1853 inventa
1517 1804 1678 1852 omnia
1711 1819 1870 1866 paene
1904 1817 2064 1866 aeque

379 1883 657 1948 perniciosa
691 1890 840 1948 atque
875 1885 1102 1933 salutaria
1138 1886 1253 1942 sint,
1287 1885 1566 1933 inventores
1610 1883 1705 1948 ipsi
1740 1870 2064 1932 statim'utri-

379 1980 539 2027 usque
602 1965 894 2012 conditionis
953 1964 1171 2013 fructum
1233 1965 1375 2028 quasi
1421 1964 1689 2028 anticipare
1735 1963 1912 2011 solent.
1980 1960 2064 2009 Sic

379 2043 685 2104 Palamedes,
721 2045 804 2106 qui
837 2044 1029 2091 litteras
1054 2045 1255 2104 invenit,
1291 2044 1569 2091 litterarum
1595 2058 1691 2106 ope
1716 2042 1935 2104 ipsarum
1969 2039 2067 2088 cir-

381 2128 671 2172 cumventus
706 2129 812 2182 est3
862 2123 933 2169 sic
968 2122 1214 2170 Daedalus
1251 2121 1559 2185 labyrintho,
1597 2120 1729 2184 quod
1763 2119 2061 2178 aedificavit,

380 2202 491 2266 ipse
519 2201 756 2260 inclusus,
792 2203 985 2265 pennis,
1022 2217 1141 2264 quas
1169 2201 1476 2264 excogitavit,
1510 2200 1666 2248 filium
1687 2201 1796 2263 ipse
1830 2197 2064 2263 perdidit.

382 2280 484 2329 Sed
516 2284 574 2328 ut
609 2297 637 2327 a
671 2280 854 2328 fabulis
890 2282 1138 2341 recedam,
1176 2280 1463 2342 Columbus,
1499 2281 1581 2342 qui
1615 2281 1813 2344 primus*
1837 2279 1888 2327 in
1920 2293 2063 2326 ocea-

382 2375 499 2408 num
537 2364 739 2408 evectus
775 2376 954 2408 novum
989 2367 1231 2408 terrarum
1266 2360 1438 2408 orbem
1473 2359 1690 2420 detexit,
1725 2372 1822 2406 non
1855 2357 1956 2413 fuit
1987 2355 2065 2405 fe-

381 2439 525 2487 licior
559 2438 890 2498 Prometheo,
937 2441 1020 2503 qui
1055 2439 1219 2502 ignem
1255 2439 1347 2487 diis
1383 2443 1666 2504 surreptum
1701 2428 1812 2487 cum
1846 2436 2066 2485 mortali-

381 2518 475 2567 bus
510 2517 901 2566 communicavit.
968 2518 1194 2580 Uterque
1239 2519 1508 2578 malorum‚
1555 2534 1682 2582 quae
1716 2508 1957 2568 terrarum
1987 2515 2064 2565 in-

383 2597 503 2645 colis
539 2596 721 2655 intulit,
755 2610 939 2660 poenas
976 2597 1206 2647 divinitus
1241 2597 1536 2646 sustinuisse
1568 2597 1781 2649 videtur.

439 2724 490 2777 *)
521 2723 613 2775 „Es
641 2722 723 2763 irrt
752 2723 832 2763 der
859 2722 1068 2774 Mausoli,
1096 2734 1145 2763 so
1174 2721 1298 2778 lang-⁷
1327 2736 1377 2763 er
1406 2721 1588 2763 strebt.’‘

410 2792 489 2847 *ἢ
518 2793 666 2846 „Dem
693 2792 831 2833 bosen
863 2791 988 2834 Geist
1017 2792 1178 2848 gehiirt
1207 2792 1278 2833 die
1307 2792 1452 2843 Erde‚
1491 2791 1614 2834 nicht

523 2863 640 2904 Dem
669 2866 818 2917 guten.
876 2862 986 2903 Was
1017 2861 1088 2903 die
1120 2861 1374 2903 Gottlichen
1402 2875 1484 2902 uns
1513 2861 1676 2904 sendeu

522 2932 619 2974 Von
649 2931 779 2982 oben,
804 2931 906 2974 siml
933 2946 1016 2973 nur
1045 2931 1318 2988 allgcmeine
1349 2931 1514 2973 Giiter:

519 3002 599 3045 Ibr
626 3001 761 3046 Licht
790 3002 973 3052 erfreut,
1003 3003 1120 3043 doch
1148 3002 1303 3043 macht
1331 3015 1379 3043 es
1406 3001 1564 3043 keinen
1594 3000 1751 3053 reieh3

523 3071 576 3115 In
602 3070 750 3115 ihrem
779 3071 908 3113 Staat
935 3071 1118 3114 erwirbt
1146 3072 1244 3114 sich
1277 3071 1376 3113 lxein
1406 3070 1570 3113 Besitz.

523 3141 622 3183 Den
651 3141 894 3195 Edelstein‚
923 3142 1003 3183 das
1032 3140 1354 3197 allgeschiitzte
1384 3140 1501 3184 Golcl

522 3210 648 3254 Mure
676 3224 781 3254 man
809 3211 893 3252 den
923 3212 1121 3254 falschen
1149 3211 1360 3253 Miichten
1389 3209 1695 3266 abgewinnen,

522 3280 608 3324 Die
636 3284 810 3326 unterm
837 3281 967 3337 Tage
994 3280 1379 3337 schlimmgeartet
1405 3281 1590 3322 hausen.

523 3349 660 3394 Nicht
688 3351 806 3393 ohne
835 3351 977 3405 Opfer
1004 3352 1159 3395 macht
1186 3364 1291 3392 man
1322 3349 1386 3392 sie
1413 3349 1610 3405 geneigt,

526 3420 628 3462 Und
654 3421 809 3465 keiner
836 3421 970 3475 lebet,
1000 3422 1080 3463 der
1114 3434 1194 3463 aus
1222 3421 1370 3462 ihrem
1396 3419 1575 3462 Dienste

519 3490 605 3534 Die
633 3491 765 3538 Seele
793 3491 918 3561 hatte
943 3491 1041 3535 rein
1069 3488 1484 3548 zuriickgezogeu.”
