2176 3874
1024 257 1148 317 375

1001 487 1136 557 lx.

234 613 479 686 Duce
540 607 1078 681 Aristotele
1143 614 1407 701 atque
1466 608 1920 706 Dionysio

418 716 936 813 Euripides
1012 738 1200 784 cum
1265 715 1738 809 Sophocle

789 826 1391 915 comparatur.

367 1047 660 1098 Aristoteles
695 1045 832 1094 Poet.
867 1046 946 1094 25.
995 1050 1098 1093 tres
1145 1044 1296 1093 docet
1348 1059 1461 1094 esse
1495 1045 1721 1095 imitandi
1765 1045 1918 1095 ratio-

229 1144 348 1179 nes:
382 1134 468 1178 aut
501 1128 630 1178 enim
666 1127 806 1184 tales,
859 1125 1028 1190 quales
1062 1139 1235 1172 revera
1270 1123 1370 1174 sint
1403 1125 1482 1175 vel
1518 1126 1718 1188 fuerint,
1753 1142 1919 1175 mores

226 1214 379 1274 atque
411 1209 600 1272 ingenia
633 1222 956 1271 personarum
992 1204 1228 1269 exprimi,
1277 1210 1361 1253 aut
1395 1206 1566 1270 quales
1602 1223 1716 1255 esse
1751 1206 1918 1255 dican-

226 1294 311 1339 tur
357 1294 719 1353 putemurque,
781 1292 867 1336 aut
913 1285 1082 1350 quales
1126 1300 1239 1332 esse
1285 1285 1502 1335 debeant
1557 1283 1614 1352 (ἢ
1650 1279 1737 1337 οἶα
1781 1279 1850 1353 ἦν
1883 1285 1918 1353 ἢ

224 1363 398 1429 ἔστιν,
448 1367 482 1435 ἢ
519 1363 607 1421 οἷα
642 1365 773 1431 φασὶ
806 1364 895 1417 καὶ
930 1364 1099 1425 δοκεῖ,
1145 1362 1179 1430 ἢ
1216 1355 1304 1414 οἷα
1339 1359 1477 1416 εἶναι
1512 1365 1631 1431 δεῖ).
1697 1368 1916 1418 Primum

224 1451 506 1500 imitationis
561 1465 719 1515 genus
767 1449 1119 1497 veritatem
1168 1443 1419 1514 (τάληθῆ)
1470 1449 1640 1513 sequi,
1707 1449 1916 1498 alterum

226 1530 643 1596 opinionem,
694 1530 896 1578 tertium
944 1527 1234 1592 speciem
1272 1529 1515 1594 quandam
1554 1527 1723 1593 (quam
1756 1530 1916 1578 animo

223 1609 490 1674 fingamus)
522 1610 847 1659 meliorem
884 1606 972 1670 (τὰ
999 1605 1285 1672 βελτίονα).
1336 1609 1403 1658 Et
1429 1609 1706 1673 opinionem
1736 1607 1916 1669 (Glau-

223 1691 320 1740 beu
354 1690 454 1739 und
489 1689 773 1750 Tradition)
823 1691 1023 1754 quidem
1058 1695 1195 1739 recte
1230 1705 1399 1738 omnes
1442 1689 1585 1752 sequi
1618 1689 1833 1737 ostendit
1865 1688 1918 1738 in

224 1770 476 1820 imitandis
510 1770 717 1819 deorum
754 1771 1013 1837 personis,
1064 1786 1213 1834 quum
1249 1771 1309 1818 ad
1345 1769 1595 1818 hominum
1631 1768 1916 1818 similitudi-

222 1867 336 1900 nem
371 1850 568 1916 ingenia
597 1867 767 1900 eorum
795 1867 1059 1915 moresque
1083 1848 1412 1914 effingant*);
1449 1851 1532 1914 qui
1559 1865 1721 1898 mores
1744 1865 1915 1912 quam-

221 1930 296 1980 vis
330 1946 493 1994 neque
527 1931 850 1981 meliores
886 1932 1242 1995 exprimantur,
1295 1946 1438 1993 quam
1474 1930 1718 1995 vulgareS‚
1753 1944 1915 1992 neque

220 2011 358 2061 veri
393 2013 519 2071 sint,
564 2014 732 2059 tamen
777 2027 871 2060 usu
915 2011 1085 2060 venire
1128 2010 1252 2059 illud
1286 2009 1634 2075 Xenophanis:
1693 2008 1916 2070 „atenim

221 2091 347 2141 certi
382 2092 640 2156 quicquam
677 2107 824 2140 nemo
866 2092 1140 2157 comperit''
1178 2090 1330 2154 (ἴσως
1357 2087 1460 2153 γὰρ
1490 2091 1613 2140 οὔτε
1648 2087 1915 2153 βέλτιον

221 2168 363 2223 οὕτω
409 2169 579 2237 λέγειν
613 2172 724 2222 οὔτ’
761 2169 1018 2239 ἀληθῆ,
1066 2169 1176 2221 ἀλλ’
1226 2168 1408 2236 ἔτυχεν
1452 2168 1524 2230 ὥς
1569 2167 1713 2234 παρὰ
1750 2166 1914 2226 Ξενο-

220 2250 405 2317 φάνει·
441 2250 592 2313 ,,οέλλ’
621 2245 722 2303 οὖν
754 2249 814 2303 τὸ
849 2250 1014 2318 σαφὲς
1048 2254 1192 2312 οὔτις
1224 2249 1399 2315 ἰ’δευ”)
1415 2250 1513 2316 **).
1562 2251 1716 2301 Primi
1750 2257 1913 2300 autem

219 2334 419 2398 generis
467 2334 651 2398 duplex
685 2339 762 2382 est
797 2335 989 2383 modus».
1069 2335 1170 2382 Aut
1204 2333 1334 2382 enim
1369 2348 1534 2381 mores
1573 2347 1688 2393 eos,
1737 2331 1914 2395 quibus

221 2413 452 2476 aequales
486 2420 538 2462 et
572 2413 836 2477 populares
873 2419 1102 2471 utuntur..
1148 2413 1402 2461 imitantur
1446 2416 1622 2476 poetae
1669 2411 1916 2475 simulque

222 2493 479 2541 vetustatis
525 2493 812 2540 memoriam
861 2494 921 2541 ad
971 2492 1343 2541 similitudinem
1389 2507 1587 2552 eorum,
1637 2507 1763 2555 quae
1806 2491 1914 2555 geri

222 2572 319 2638 ipsi
352 2572 603 2634 viderunt,
655 2572 965 2632 immutant,·
994 2579 1078 2621 aut
1110 2572 1268 2636 ipsam
1315 2571 1474 2619 victus
1510 2571 1914 2619 consuetudinem

223 2652 502 2716 priscorum
546 2652 795 2701 hominum
844 2654 1162 2715 institutaque
1205 2651 1474 2698 alienorum
1527 2651 1819 2715 populorum
1855 2666 1914 2698 ac

222 2731 528 2795 disciplinam
564 2738 959 2797 repraesentant,
997 2732 1130 2781 velut
1165 2730 1344 2795 (inquit
1376 2729 1691 2794 Aristoteles)
1727 2731 1769 2778 si
1803 2731 1911 2794 quis

225 2818 372 2877 poeta
406 2812 577 2860 hastas
629 2811 778 2861 faciat
824 2818 957 2862 terra
1004 2813 1154 2878 defigi
1198 2806 1370 2875 (ἔγχεα
1413 2806 1469 2859 δέ
1505 2820 1634 2873 σφιν
1669 2809 1791 2874 ὄρθ’
1827 2806 1912 2861 ἐπὶ

225 2892 627 2958 σαυρωτῆρος),
675 2895 806 2956 quod
853 2894 1014 2941 minus
1060 2894 1260 2956 quidem
1307 2890 1617 2940 commodum
1671 2897 1776 2953 est,
1821 2893 1911 2941 sed

224 2974 461 3023 usitatum
495 2973 592 3022 fuit
625 2974 802 3035 priscis
840 2973 1046 3022 Graecis
1082 2981 1230 3037 atque
1263 2971 1542 3021 etiamnunc
1577 2972 1766 3038 illyriis.
1811 2972 1909 3023 Po-

290 3116 340 3170 *)
371 3115 495 3157 Adae
528 3128 564 3155 c.
594 3111 666 3164 25,
696 3111 737 3154 6.

263 3186 342 3241 *ἢ
372 3185 517 3242 Vulgo
547 3179 641 3227 ἀλλ’
672 3181 727 3226 οὔ
757 3197 870 3239 φασι
900 3180 1021 3227 τάδε.
1075 3181 1364 3238 Xenophanis
1390 3181 1533 3224 verba
1561 3183 1675 3224 haec
1703 3182 1907 3225 fuerunt:

478 3254 555 3298 καὶ
587 3252 638 3297 τὸ
668 3252 751 3310 μὲν
782 3248 868 3298 ov'v
899 3253 1041 3308 σαφὲς
1071 3249 1198 3303 οὔτις
1227 3251 1345 3310 ἀνὴρ
1377 3253 1490 3304 ἴδεν,
1519 3249 1631 3296 ου’δέ
1658 3269 1727 3303 τις
1757 3252 1882 3297 ἔσται

474 3323 608 3375 εἰδὼς
639 3323 759 3381 ἀμφὶ
788 3326 914 3369 θεῶν
943 3340 991 3368 τε
1021 3323 1097 3368 καὶ
1129 3322 1248 3368 ἅσσα
1277 3323 1387 3381 λέγω
1416 3323 1519 3382 περὶ
1549 3320 1739 3367 πάντων
1758 3337 1769 3348 ·

472 3395 517 3441 εἰ
543 3396 628 3454 γὰρ
659 3396 738 3440 καὶ
767 3394 824 3441 τὰ
852 3396 1049 3451 μάλιστα
1076 3393 1207 3451 τύχοι
1235 3395 1548 3452 τετελεσμένον
1577 3392 1735 3446 εἰπών,

474 3463 617 3518 αὐτὸς
646 3463 770 3524 ὅμως
798 3464 882 3512 οὐκ
913 3464 1034 3523 οἶδε,
1064 3466 1202 3519 δοκὸς
1231 3465 1273 3512 δ’
1303 3464 1378 3512 ἐπὶ
1407 3467 1520 3512 πᾶσι
1549 3464 1775 3510 τέτυκται.
