2176 3874
1111 262 1236 317 424

1048 407 1305 459 ΧΟΡΟΣ.

605 489 682 540 ἴθ’
717 487 847 540 ἀλλὰ
886 487 1113 554 Βρόμιος
1146 485 1236 538 ἵνα
1268 502 1322 536 τε
1357 496 1448 551 ση-

604 567 698 630 κὸς
729 569 927 635 ἄβατος
961 570 1106 632 ὄρεσι
1140 565 1458 618 Μαινάδων.

981 649 1096 700 AN
1099 647 1394 700 ΤΙΓΟΝΗ.

605 808 876 875 Καδμείαν
909 799 952 876 ᾧ

603 889 822 954 νεβρίδα
856 886 1284 956 στολιδωσαμένα
1315 887 1430 938 ποτ’
1468 883 1569 950 ἐγὼ

601 969 797 1022 θίασον
830 969 1065 1036 Σεμέλας

607 1046 752 1116 ἱερὸν
785 1053 963 1116 ὄρεσιν
995 1047 1332 1115 ἀνεχόρευσα,

605 1130 759 1196 χάριν
793 1130 1043 1198 ἀχάριτον
1078 1128 1150 1190 εἰς
1181 1121 1346 1188 θεοὺς
1381 1125 1622 1178 διδοῦσα.

476 1210 650 1260 Prodit
682 1213 731 1260 in
765 1228 962 1261 scenam
1000 1212 1190 1271 Creon;
1235 1213 1497 1273 conspecta
1532 1208 1790 1273 Antigona,
1826 1223 2025 1258 moero«

344 1306 450 1340 rem
495 1291 601 1340 eius
647 1292 904 1355 vituperat.
974 1293 1050 1342 Ab
1098 1292 1195 1339 hoc
1231 1289 1409 1338 deinde
1452 1288 1688 1351 virginem
1735 1290 2020 1353 gravissima

343 1372 561 1420 oratione
606 1372 929 1435 omnibusque
973 1371 1203 1436 precibus
1258 1368 1600 1430 contendisse,
1646 1373 1702 1416 ut
1749 1369 2020 1434 sepeliendi

343 1449 509 1499 fratris
545 1450 733 1498 veniam
769 1451 1074 1515 impetraret,
1108 1451 1234 1498 haec
1266 1448 1544 1513 fragmenta
1576 1447 1863 1497 ostendunt:

471 1527 571 1579 οὐκ
603 1524 711 1579 ἔστι
747 1530 985 1590 Πειθοῦς
1019 1528 1163 1593 ἱερὸν
1195 1529 1323 1578 ἀλλο
1358 1524 1497 1591 πλὴν
1529 1525 1702 1592 λόγος,

471 1607 560 1660 καὶ
594 1609 771 1674 βωμὸς
807 1609 968 1678 αὐτῆς
1003 1606 1103 1660 ἔστ’
1141 1606 1198 1660 έν
1232 1606 1527 1672 ἀνθρώπου
1563 1606 1734 1672 φύσει.

342 1686 544 1755 Indigne
576 1689 779 1739 fratrem
814 1691 979 1755 puniri
1013 1693 1094 1751 ait,
1131 1696 1185 1738 ut
1221 1690 1305 1752 qui
1339 1704 1499 1751 neque
1523 1688 1657 1738 solus
1678 1703 1840 1752 neque
1873 1702 2018 1752 prae-

342 1767 488 1833 cipue
522 1769 824 1819 domesticae
859 1771 1135 1819 discordiae
1169 1775 1341 1817 auctor
1372 1767 1556 1824 fuerit:
2000 1767 2001 1771 ’

473 1845 664 1908 οἰκεῖος
698 1847 1031 1913 ἀνθρώποισι
1064 1849 1344 1914 γίγνεσθαι
1377 1847 1522 1911 φιλεῖ

472 1927 701 1993 πόλεμος
735 1925 792 1980 ἐν
825 1929 1020 1990 ἀστοῖς,
1057 1927 1124 1979 ἂν
1159 1927 1440 1993 διχοστατῇ
1474 1924 1637 1984 πόλις.

341 2004 441 2054 Sed
476 2008 519 2055 si
552 2010 630 2057 vel
662 2011 876 2059 maxime
910 2010 1085 2073 digne,
1131 2010 1260 2058 ultra
1306 2015 1517 2055 mortem
1551 2005 1826 2056 ulciscendi
1853 2004 2019 2056 saevi-

338 2084 456 2134 tiam
492 2089 692 2136 extendi
723 2094 914 2138 rectum
950 2084 1062 2138 esse
1095 2092 1270 2152 negat:

469 2165 703 2226 θάνατος
735 2166 838 2232 γὰρ
872 2166 1206 2232 ἀνθρώποισι
1237 2163 1454 2216 νεικέων
1486 2163 1632 2224 τέλος

471 2244 598 2310 ἔχει·
635 2245 686 2295 τί
718 2244 820 2312 γὰρ
856 2247 1006 2298 τοῦδ’
1043 2244 1150 2297 ἐστὶ
1182 2247 1361 2311 μεῖζον
1395 2241 1453 2295 ἐν
1488 2245 1726 2310 βροτοῖςς

469 2324 549 2385 τίς
582 2323 683 2390 γὰρ
718 2331 970 2392 πετραῖον
1005 2327 1262 2378 σκόπελον
1297 2325 1536 2387 οὐτάζων
1570 2323 1690 2390 δορὶ

470 2403 712 2457 ὀδύναισι
746 2407 927 2472 δώσει,
962 2407 1039 2468 τίς
1075 2407 1123 2458 δ’
1160 2406 1425 2473 ἀτιμάζων
1458 2405 1631 2478 νέκυς,

468 2484 514 2535 εἰ
545 2485 710 2552 μηδὲν
745 2487 1091 2540 αἰσθάνοιντο
1124 2488 1232 2538 τῶν
1264 2487 1628 2552 παθημάτωνς

337 2566 432 2615 His
466 2568 587 2616 nihil
620 2574 786 2619 motus
833 2587 923 2620 rex
968 2572 1154 2620 luctum
1204 2587 1312 2619 eam
1345 2571 1598 2633 deponere
1643 2575 1696 2617 et
1727 2568 1789 2618 ad
1822 2571 2016 2634 nuptias

335 2646 573 2696 ineundas
601 2664 674 2712 ‘se
715 2665 891 2713 parare
936 2650 1106 2699 iubet:
1154 2665 1361 2699 necesse
1406 2649 1536 2697 enim
1573 2662 1686 2696 esse
1720 2663 1856 2709 eam,
1904 2666 2017 2700 cum

336 2725 402 2774 sit
436 2726 541 2775 sola
577 2744 640 2776 ex
672 2728 856 2777 familia
891 2733 1165 2794 supersteS‚
1198 2745 1262 2778 ne
1297 2728 1507 2793 amplius
1542 2728 1762 2777 desolata
1795 2736 2015 2794 vagetur,

335 2807 635 2856 matrimonii
667 2808 858 2856 vinculo
909 2810 1113 2873 alligari.
1182 2809 1342 2872 Negat
1379 2809 1514 2872 virgo
1561 2822 1617 2855 se
1663 2811 1747 2856 aut
1791 2808 2015 2872 lugubria

334 2884 668 2950 deposituram
705 2893 791 2936 aut
819 2888 967 2937 ullius
992 2889 1202 2938 laetitiae
1226 2888 1515 2953 participem
1538 2886 1647 2934 fore
1671 2891 1828 2947 antea,
1864 2902 2012 2951 quam

333 2963 465 3012 iusta
498 2965 643 3014 fratri
677 2968 932 3031 persoluta
967 2972 1166 3030 essent3
1204 2971 1414 3033 urgente
1447 2981 1564 3030 rege
1608 2967 1751 3014 etiam
1803 2970 2012 3016 mortem

334 3043 549 3092 minatur
582 3045 645 3105 ei,
681 3047 763 3109 qui
798 3062 976 3110 cogere
1009 3048 1088 3095 vel
1122 3049 1219 3097 vim
1254 3048 1422 3097 facere
1441 3042 1658 3096 conetur.
1729 3045 2011 3107 Creontem,

334 3129 388 3170 ut
419 3123 793 3173 infestissimum
829 3124 1044 3175 familiae
1078 3142 1198 3175 suae
1223 3128 1436 3187 hostem,
1471 3125 1758 3174 detestatur.
1828 3124 2013 3174 Contra

332 3217 421 3250 rex
466 3205 767 3267 exprobrare
809 3205 984 3270 virgini
1034 3207 1223 3270 potuit,
1270 3207 1400 3271 quod
1445 3206 1577 3254 laesa
1623 3203 1862 3268 pudicitia
1907 3205 2011 3254 sola

333 3297 449 3330 cum
482 3299 600 3332 sene
635 3299 785 3332 coeco
818 3286 1131 3348 peregrinata
1178 3292 1340 3346 esset3
1389 3285 1554 3349 potuit
1598 3284 1730 3332 idem
1779 3284 2011 3348 gratulari

333 3361 446 3422 sibi,
483 3364 615 3427 quod
651 3363 943 3413 connubium
987 3365 1076 3413 filii
1121 3366 1261 3430 virgo
1294 3365 1424 3415 ultro
1457 3363 1754 3428 repudiaret.
1822 3362 2011 3413 Deinde

333 3442 611 3492 declarasse
663 3442 858 3492 videtur
905 3458 960 3492 se
1006 3450 1286 3495 curaturum
1330 3461 1467 3507 esse,
1512 3459 1576 3493 ne
1609 3444 1818 3508 amplius
1852 3443 2010 3494 lib‘cra
2071 3469 2074 3473 ·
