2176 3874
878 269 1001 325 443

99 422 204 469 arte
238 421 562 482 quaerentes,
611 423 829 466 veterem
861 414 1014 478 magis
1032 449 1047 472 ,
1095 429 1237 479 quam
1270 413 1627 475 recentiorem,
1659 412 1769 463 ido-

98 515 239 548 neam
273 498 560 561 disciplinae
594 495 750 546 fuisse
782 494 1137 554 iudicaverunt,
1170 510 1292 543 neve
1327 494 1628 543 comicorum
1651 510 1768 559 poe-

98 586 255 628 tarum
290 577 660 628 criminationes
694 576 865 641 pluriS‚
899 589 1042 637 quam
1075 574 1169 638 ipsi
1202 574 1475 637 voluerunt,
1511 573 1772 625 faciamus:

99 664 151 708 et
196 673 371 708 revera
416 665 572 707 artem
605 673 632 704 a
668 655 933 704 Timotheo
966 659 1266 714 correctam,
1308 654 1579 718 perfectam
1626 656 1771 704 abso-

99 739 349 802 lutamque
393 752 506 785 esse
545 736 903 799 intelligamus3
976 733 1328 796 amplectamur
1376 750 1487 782 cum
1530 734 1773 799 Euripide

98 833 252 882 genus
286 817 544 868 modorum
570 816 836 875 venustius,
872 813 1002 878 quod
1026 813 1324 860 morosiores
1349 813 1551 875 quidem
1574 831 1771 878 enerve,

96 897 308 946 fractum
355 896 701 961 garrulumque
745 892 1140 958 appellaverunt,
1190 892 1279 939 sed
1323 892 1404 955 qui
1447 892 1605 943 libero
1639 895 1773 945 iudi-

99 977 178 1026 cio
211 977 549 1037 aestimarunt,
580 977 676 1024 vim
698 975 803 1024 eius
829 973 1042 1038 experti,
1077 970 1348 1021 contrariae
1379 977 1581 1021 naturae
1613 974 1774 1026 fuisse

99 1062 362 1106 testantur.
430 1056 509 1106 Cf.
544 1054 742 1104 Suidam
791 1069 829 1102 s,
859 1069 921 1102 Ἷν.
955 1052 1278 1101 Timotheus:
1345 1050 1606 1112 „Tradunt
1653 1055 1772 1103 Ale-

98 1136 342 1187 xandrum
385 1135 587 1185 musicis
633 1133 887 1182 audiendis
945 1133 1242 1182 delectatum
1289 1147 1434 1180 esse:
1501 1132 1772 1185 Timotheo

99 1215 230 1265 enim
292 1216 498 1267 tibicine
554 1213 818 1279 aliquando
883 1213 1136 1262 Minervae
1202 1209 1297 1261 τὸν
1354 1213 1547 1277 ὄρθιον
1600 1213 1773 1280 νόμον

98 1300 326 1346 cantante
374 1296 498 1345 adeo
532 1295 671 1344 illum
703 1299 984 1358 permotum
1028 1308 1168 1352 esse,
1212 1297 1278 1341 ut
1309 1294 1439 1342 inter
1471 1295 1771 1346 audiendum

98 1377 161 1424 ad
221 1391 356 1425 arma
412 1376 745 1426 concitaretur
790 1374 1103 1437 diceretque„
1138 1373 1332 1438 regium
1382 1388 1494 1422 esse
1538 1380 1772 1440 oportere

97 1454 248 1504 talem
292 1456 523 1505 tibiarum
571 1461 783 1503 cantum.
860 1454 958 1502 Hic
999 1453 1151 1518 igitur
1183 1452 1506 1515 Timotheus,
1551 1456 1773 1505 studiose

97 1536 311 1594 accitus,
344 1536 396 1586 in
429 1536 648 1584 Persiam
685 1534 746 1584 ad
781 1534 917 1582 illum
950 1531 1207 1598 profectus
1244 1531 1367 1582 est.'’

229 1615 330 1664 lam
364 1616 700 1679 quaerendum
734 1620 839 1674 est,
884 1613 945 1661 ad
982 1614 1227 1678 quodnam
1261 1614 1472 1663 maxime
1505 1615 1774 1665 carminum

98 1711 284 1762 genua,
342 1695 520 1759 quibus
553 1696 788 1744 utebatur
836 1693 1120 1759 tragoedia,
1178 1694 1294 1744 illae
1336 1694 1621 1744 novationes
1657 1712 1773 1760 per-

97 1776 347 1825 tinuerint.
414 1774 525 1824 Non
557 1775 621 1823 ad
655 1774 865 1835 choros,
914 1773 1002 1822 sed
1050 1774 1112 1822 ad
1148 1774 1336 1824 cantica
1381 1774 1485 1823 sive
1518 1775 1774 1825 monodias

99 1871 186 1904 eas
245 1854 546 1920 pertinuisse
593 1870 655 1903 ex
709 1854 1102 1919 problematum,
1161 1871 1289 1918 quae
1332 1854 1613 1905 Aristotelis
1661 1872 1775 1907 esse

101 1935 355 1997 feruntur,
391 1940 510 1984 sect.
545 1933 680 1986 XIX.
715 1932 764 1998 §-
800 1936 878 1982 15.
916 1934 1236 1998 intelligitur:
1296 1935 1434 1997 „Cur
1467 1952 1624 1998 genus
1658 1953 1774 1987 can-

99 2015 297 2076 tilenae,
322 2014 454 2080 quod
474 2012 642 2078 νόμος
658 2018 881 2071 vocatur,
905 2029 1002 2063 non
1036 2016 1267 2064 utebatur
1301 2015 1475 2065 antis
1492 2017 1774 2082 trophiS,

98 2111 210 2144 cum
243 2100 407 2144 tamen
441 2095 628 2158 reliqua
670 2094 911 2155 carmina,
957 2109 1083 2157 quae
1127 2093 1327 2143 chorica
1369 2100 1511 2156 sunt,
1558 2097 1620 2146 iis
1664 2102 1775 2147 ute-

96 2176 309 2225 rentur?
387 2176 463 2225 An
521 2174 653 2239 quod
709 2172 869 2238 νόμοι
929 2178 1228 2222 certatorum
1282 2174 1388 2222 sive
1439 2176 1775 2239 agonistarum

98 2259 254 2315 erant,
290 2254 374 2319 qui
408 2270 556 2318 quum
590 2255 685 2302 iam
719 2254 978 2301 imitari
1011 2258 1071 2302 et
1104 2254 1515 2304 contendere
1548 2262 1774 2321 possent,

98 2349 297 2382 carmen
330 2334 482 2382 fiebat
512 2332 759 2396 prolixum
794 2337 845 2380 et
878 2333 1096 2393 varium,
1156 2333 1377 2396 itemque
1421 2340 1476 2383 ut
1524 2336 1674 2384 verba
1707 2338 1775 2386 ita

97 2414 253 2470 etiam
285 2411 471 2461 moduli
494 2407 762 2459 imitationi
795 2411 1207 2472 obsecundabant,
1235 2412 1319 2459 alii
1340 2418 1488 2476 atque
1508 2414 1590 2462 alii
1619 2415 1775 2465 facti?

80 2491 223 2542 ·Nam
258 2492 415 2558 magis
448 2491 594 2539 etiam
625 2490 839 2539 modulis
873 2506 1079 2540 necesse
1112 2496 1218 2553 est,
1255 2508 1399 2555 quam
1432 2493 1629 2555 verbis,
1662 2495 1774 2544 imi-

97 2573 207 2622 tari.
301 2571 635 2635 Quamobrem
687 2570 833 2619 etiam
880 2570 1211 2635 dithyrambi‚
1267 2586 1330 2620 ex
1389 2587 1486 2635 quo
1547 2578 1775 2638 tempore

97 2652 358 2702 imitationi
405 2650 608 2700 studere
650 2654 953 2715 coeperunt,
1009 2666 1105 2700 non
1153 2655 1357 2700 utuntur
1404 2651 1614 2715 amplius
1648 2654 1775 2703 auti-

99 2733 350 2798 strophiS,
395 2746 507 2779 cum
541 2730 619 2778 usi
653 2730 753 2778 sint
785 2735 942 2780 antea.
1009 2730 1197 2780 Caussa
1230 2736 1335 2791 est,
1383 2732 1515 2796 quod
1550 2733 1663 2782 olim
1697 2734 1773 2783 in-

14 2846 21 2854 .
98 2811 246 2877 genui
278 2810 505 2858 homines
538 2809 635 2873 ipsi
670 2810 848 2858 choros
894 2810 1117 2874 agebant.
1186 2811 1339 2874 Atqui
1388 2815 1636 2861 catervam
1680 2812 1774 2862 ho-

98 2890 282 2940 minum
316 2888 583 2938 certatorie
617 2904 795 2937 canere
839 2888 1044 2939 difficile
1077 2894 1211 2939 erat:
1261 2890 1394 2940 unde
1441 2890 1628 2940 factum
1678 2897 1776 2952 est,

98 2976 155 3019 ut
185 2968 411 3019 modulos
443 2969 754 3018 enarmonios
790 2973 1054 3021 cantarent.
1121 2969 1482 3020 Mutationibus
1515 2973 1645 3020 enim
1668 2987 1775 3020 cre-

99 3051 190 3100 bro
233 3048 309 3098 uti
354 3046 717 3114 (μεταβάλλειν
750 3045 945 3107 πολλὰς
976 3046 1288 3115 μεταβολὰς)
1337 3051 1541 3116 singulis
1579 3051 1773 3100 facilius

101 3133 205 3189 est,
250 3143 396 3191 quam
442 3129 642 3191 multis,
691 3130 911 3192 itemque
954 3130 1205 3193 agonistae
1247 3130 1471 3192 facilius,
1518 3145 1663 3193 quam
1708 3130 1773 3192 ei,

102 3209 186 3271 qui
219 3224 382 3258 mores
418 3213 690 3260 conservat.
760 3209 1088 3271 Quamobrem
1123 3211 1450 3276 simpliciores
1486 3209 1583 3259 illis
1620 3210 1774 3259 conii·

105 3287 359 3337 ciebantur
392 3288 558 3350 modi,
605 3290 943 3354 antistrophus
991 3296 1156 3340 autem
1189 3291 1401 3355 simplex
1434 3295 1539 3350 est,
1592 3290 1774 3354 quippe

105 3366 190 3430 qui
233 3382 466 3418 numerus
511 3369 578 3418 sit
622 3373 773 3433 atque
817 3370 1005 3420 unitate
1037 3376 1362 3421 mensuretur.
1428 3370 1567 3420 Haec
1601 3368 1773 3419 eadem

107 3460 283 3496 caussa
315 3451 422 3509 est,
467 3463 555 3498 cur
602 3450 869 3500 scenica
913 3451 1165 3502 cantica
1214 3466 1333 3502 uon
1366 3452 1639 3501 utuntur
1672 3464 1775 3499 an-
