2176 3874
1097 295 1219 352 390

329 449 559 499 Proetum
594 458 759 507 regem
792 441 906 491 exul
938 441 988 490 in
1022 441 1292 506 hospitium
1327 438 1574 500 venisset,
1618 438 1871 488 adamatus
1917 445 1995 490 est

329 531 389 578 ab
423 541 576 575 uxore
603 525 726 582 eiuS,
762 521 1087 571 Stheneboea.
1154 520 1252 583 Qui
1286 535 1397 570 cum
1431 518 1759 569 concumbere
1790 533 1997 568 cumea

326 605 580 664 noluisset,
613 602 695 650 illa
728 601 834 649 viro
868 616 956 649 suo
989 600 1193 650 mentita
1227 605 1305 649 est
1339 615 1394 648 se
1427 599 1487 647 ab
1523 613 1583 648 eo
1631 598 1996 662 compellatam.

327 685 394 734 At
427 683 657 742 Proetus,
705 697 759 730 re
795 681 990 740 audita,
1028 680 1323 745 conscripsit
1362 679 1567 728 tabellas
1615 679 1680 727 de
1725 693 1783 727 ea
1814 694 1901 740 re,
1945 683 1998 728 et

328 761 482 811 mittit
502 778 612 810 eum
647 762 706 809 ad
742 762 944 810 lobaten
978 775 1163 824 regem,
1198 763 1389 825 patrem
1411 758 1784 808 Stheneboeae:
1820 758 1996 822 quibus

326 841 470 891 lectis
503 840 652 890 talem
697 842 852 890 virum
901 839 1181 889 interficere
1215 839 1395 898 noluit,
1448 838 1535 887 sed
1584 839 1647 887 ad
1683 837 1997 887 Chimaeram

328 936 442 970 eum
486 920 874 969 interficiendam
917 919 1079 978 misit,
1137 934 1263 982 quae
1318 919 1565 983 tripartito
1615 933 1703 966 ore
1749 917 1996 966 flammam

328 1000 515 1064 spirare
535 999 792 1049 dicebatur
807 999 936 1048 idem
959 998 1079 1062 (scr.
1098 996 1408 1061 identidem),
1431 998 1590 1063 prima
1614 998 1711 1059 leo,
1746 1002 1998 1062 postrema

327 1078 502 1136 draco,
548 1079 710 1127 media
753 1079 857 1142 ipsa
904 1078 1167 1125 chimaera.
1248 1077 1389 1126 Hanc
1431 1093 1584 1143 super
1625 1077 1871 1142 Pegasum
1914 1090 1997 1125 se-

331 1156 455 1206 dens
487 1157 739 1206 interfecit
770 1153 838 1219 *).
907 1157 973 1205 At
1005 1171 1092 1205 rex
1125 1155 1336 1205 virtutes
1383 1157 1487 1206 eius
1536 1157 1737 1206 laudans
1792 1156 1997 1205 alteram

329 1235 478 1284 filiam
523 1235 662 1284 dedit
707 1236 754 1285 ei
786 1236 835 1284 in
879 1234 1256 1284 matrimonium.
1325 1236 1670 1297 Stheneboea,
1715 1251 1771 1284 re
1816 1235 1998 1295 audita,

327 1314 434 1379 ipsa
468 1330 523 1363 se
556 1315 841 1364 interfecit”
876 1313 973 1378 **).
1039 1313 1214 1363 Paullo
1246 1315 1449 1365 uberius
1485 1316 1658 1365 eadem
1692 1332 1720 1364 a
1744 1314 1924 1363 Malaia
1947 1314 1999 1364 in

327 1394 589 1460 chronogr.
625 1393 708 1445 lV.
746 1411 796 1459 p.
833 1397 946 1443 102.
983 1392 1112 1457 (83.)
1161 1400 1499 1460 exponuntur,
1535 1395 1616 1458 qui
1649 1395 1711 1443 ad
1744 1393 1997 1458 Euripidis

324 1474 660 1522 auctoritatem
707 1475 986 1524 nominatim
1034 1480 1287 1537 provocat.
1355 1473 1719 1523 Stheneboeam
1753 1472 1998 1536 suspicor,

324 1565 437 1602 cum
456 1551 634 1602 lobatis
667 1555 846 1603 litteris
871 1555 1018 1604 simul
1043 1554 1177 1603 fraus
1213 1555 1320 1603 eius
1347 1553 1544 1602 detecta
1576 1557 1627 1600 et
1644 1551 1998 1616 Bellerophon-

323 1630 392 1679 tis
423 1632 697 1683 innocentia
731 1635 925 1699 cognita
958 1638 1119 1693 esset,
1160 1638 1367 1682 mortem
1415 1632 1507 1680 sibi
1542 1631 1851 1680 consciscere
1884 1646 1999 1679 coa-

323 1713 451 1757 ctam
486 1725 615 1767 esse‚
651 1713 739 1759 sed
773 1710 1084 1759 iureiurando
1121 1718 1265 1759 antea
1298 1712 1453 1759 filium
1473 1746 1487 1770 ,
1524 1711 1783 1759 etiamtum
1815 1725 1998 1775 pueru-

327 1786 446 1847 lum,
481 1788 805 1838 obstrinxisse
860 1805 973 1839 sese
1006 1791 1177 1838 matris
1211 1795 1422 1838 mortem
1457 1789 1609 1838 caede
1642 1789 1998 1854 Bellerophon-

323 1866 387 1915 tis
421 1867 652 1920 ulturum.
721 1869 895 1932 Itaque
913 1869 1290 1934 Megapenthes,
1326 1886 1475 1933 quum
1498 1869 1558 1917 ad
1586 1869 1847 1918 iuvenilem
1863 1874 1998 1918 aeta-

323 1952 427 1995 tem
459 1949 794 2010 pervenisset,
831 1949 882 1997 in
915 1948 1116 2012 Lyciam
1151 1949 1406 2013 profectus
1442 1955 1494 1998 et
1527 1951 1587 1997 ab
1621 1963 1712 1997 avo
1747 1954 1997 2012 receptus,

324 2025 457 2074 hunc
491 2033 663 2075 nactus
698 2032 776 2075 est
809 2027 1082 2075 adiutorem
1131 2028 1323 2076 consilii
1357 2033 1505 2090 atque
1538 2027 1744 2078 socium.
1813 2026 1999 2076 Fertur

324 2105 452 2152 enim
489 2105 712 2165 Iobates,
763 2106 983 2168 quamvis
1017 2106 1386 2171 Bellerophonti
1431 2106 1700 2155 Philonoen
1747 2104 1897 2154 filiam
1945 2105 1998 2155 in

326 2184 687 2232 matrimonium
733 2185 984 2243 dedisset,
1033 2201 1095 2234 ex
1142 2202 1234 2250 qua
1278 2192 1418 2235 natus
1466 2185 1570 2234 erat
1606 2185 1822 2233 Glaucus
1869 2183 1995 2248 wi),

323 2267 489 2311 tamen
536 2278 632 2311 non
678 2263 886 2312 desiisse
933 2280 1046 2313 eum
1095 2265 1322 2329 periculis
1379 2265 1594 2314 obiicere
1651 2269 1800 2326 atque
1847 2263 1996 2313 etiam

323 2341 523 2390 insidias
558 2343 605 2391 ei
653 2342 947 2402 collocasse,
999 2343 1297 2392 invidentem
1344 2345 1435 2392 viri
1482 2344 1647 2393 virtuti
1682 2343 1759 2407 †).
1828 2342 1998 2392 Potuit

326 2420 473 2484 igitur
516 2422 772 2486 prooemio
822 2421 1118 2485 colloquium
1152 2422 1332 2472 lobatis
1379 2423 1850 2488 Megapenthisque‚
1899 2437 1997 2484 quo

322 2500 576 2564 utriusque
614 2501 908 2565 conspiratio
943 2501 1293 2563 declararetur,
1329 2503 1569 2567 subiungi.

454 2578 748 2643 Fragmenta
768 2581 962 2646 prologi
984 2581 1081 2630 duo
1102 2586 1312 2642 exstant,
1341 2582 1401 2631 ad
1421 2583 1629 2632 maiores
1647 2579 1996 2645 Megapenthis

323 2658 630 2723 patriamque
664 2659 769 2707 eius
802 2660 1126 2725 pertinentia:

385 2905 431 2960 ⁹⁵)
460 2905 568 2947 Post
603 2905 719 2947 haec
749 2905 894 2949 alieno
923 2909 1023 2950 loco
1051 2908 1215 2950 inserta
1243 2910 1342 2950 sunt
1369 2905 1534 2950 verbaz
1564 2907 1653 2960 „Et
1680 2906 1898 2949 decidisse
1924 2905 1994 2948 di-

458 2974 571 3015 citur
597 2974 644 3016 in
674 2988 855 3029 campos
882 2976 1056 3031 Aleios,
1084 2978 1200 3020 unde
1228 2977 1363 3019 etiam
1391 2989 1522 3018 coxas
1552 2975 1735 3018 eiecisse
1764 2975 1969 3018 dicitur.'’

357 3043 432 3098 ἢ(ὦ)
462 3044 706 3086 Confirmat
745 3046 886 3089 schol.
924 3047 1055 3090 Arist.
1107 3049 1223 3090 Ran.
1269 3045 1405 3088 1050:
1457 3043 1676 3096 ἐλθόντος
1723 3038 1808 3089 οὖν
1852 3043 1995 3089 ἐκεῖσε

457 3111 821 3170 Βελλεροφόντου
860 3115 953 3159 καὶ
997 3116 1269 3173 καθαροῦ
1312 3113 1633 3170 φανέντος,
1683 3113 1747 3171 μὴ
1788 3112 1995 3171 φέρουσα

457 3182 543 3238 τὴν
583 3183 800 3239 αἰσχύνην
840 3184 1100 3243 Σθενέβοια
1137 3186 1354 3242 κωνείῳ
1397 3183 1700 3241 ἐχρήσατο.
1755 3185 1994 3229 Testantur

459 3253 594 3296 etiam
622 3253 928 3308 Aristophanis
956 3256 1122 3307 verba3
1152 3255 1210 3298 cf.
1240 3255 1410 3298 welck.
1439 3270 1493 3310 p.
1515 3252 1613 3297 784.

324 3323 428 3378 Αυὸἧς)
459 3323 528 3366 Cf.
557 3324 745 3366 Tzetzes
775 3324 833 3366 ad
861 3324 1085 3380 Lycophr.
1114 3341 1159 3368 v.
1190 3325 1259 3367 17.
1288 3325 1498 3380 Apollod.
1527 3325 1586 3378 Π,
1613 3323 1656 3378 3,
1685 3323 1727 3367 2.

372 3393 426 3448 †)
456 3393 524 3438 Cf.
566 3394 793 3436 Plutarch.
834 3409 878 3448 p.
919 3393 1017 3436 147.
1057 3395 1123 3437 B:
1166 3391 1354 3445 οὐδενὸς
1393 3391 1608 3451 ἐτύγχανε
1654 3394 1745 3438 τῶν
1789 3393 1992 3447 δικαίων,

454 3460 548 3506 ἀλλ’
575 3456 635 3517 ἦν
665 3459 947 3514 ἀδικώτατος
976 3465 1079 3520 περὶ
1108 3461 1254 3509 αὐτὸν
1278 3459 1493 3522 Ἰοβάτης.
