2176 3874
1131 258 1255 313 41⁰

371 409 636 474 sapientem
690 419 894 453 uxorem
953 402 1087 451 alere
1143 418 1350 467 eamque
1394 417 1422 449 a
1471 402 1724 451 consortio
1783 403 2032 454 hominum

368 503 511 551 quam
547 483 918 548 diligentissime
951 498 1124 531 arcere
1158 483 1399 546 optimum
1441 497 1555 530 esse
1583 481 1837 543 ducerent,
1870 496 2035 533 mores

369 567 462 631 ipsi
496 564 798 612 Graecorum
846 567 1104 611 testantur.
1183 562 1303 610 Inde
1353 577 1447 610 non
1497 566 1676 626 poetae
1725 563 2036 624 sententiam,

368 645 456 693 sed
491 643 787 707 opinionem,
823 659 949 706 quae
981 643 1112 707 apud
1143 643 1342 704 vulgum
1372 642 1730 704 increbuisset,
1773 642 1870 692 hac
1903 642 2037 708 Hip-

363 722 522 791 polyti
554 723 770 771 oratione
802 721 1044 770 redditam
1097 738 1209 771 esse
1255 721 1559 787 intelligitur.
1628 720 1839 771 Omnino
1871 728 2037 772 autem

364 803 629 853 tenendum
680 809 758 850 est
803 802 855 850 id
903 803 1261 852 studiosissime
1305 809 1529 851 secutum
1582 816 1695 851 esse
1729 801 2039 867 Euripidem,

363 888 422 933 ut
452 882 585 948 vulgi
618 881 874 947 opiniones
922 887 1212 931 recenseret
1256 887 1308 931 et
1339 881 1684 947 philosophiae
1729 896 2038 947 poeseosque

361 963 547 1013 lumine
576 961 864 1011 illustrando
899 962 1188 1026 corrigeret.

493 1043 573 1093 Ad
596 1040 874 1090 Phaedram
906 1041 1180 1091 redeamus.
1245 1040 1436 1091 Fructu
1460 1041 1686 1091 laborum
1716 1057 1774 1091 se
1794 1041 2036 1107 priv-um

365 1121 499 1172 videt
530 1121 810 1186 importuno
842 1120 1045 1170 nutricis
1079 1120 1266 1182 officio,
1302 1125 1355 1171 et
1387 1137 1500 1171 cum
1523 1121 1828 1172 moriendum
1861 1122 2037 1187 utique

364 1202 433 1252 sit
466 1201 862 1262 infelicissimae,
913 1201 1010 1249 iam
1044 1215 1109 1253 ne
1139 1201 1348 1250 honeste
1380 1201 1581 1264 quidem
1615 1209 1665 1251 et
1698 1203 1807 1252 sine
1835 1201 2037 1252 infamia

362 1282 491 1331 mori
523 1282 657 1330 licet.
722 1280 856 1330 Huic
890 1280 1041 1346 igitur
1072 1280 1204 1329 malo
1236 1280 1357 1338 forti
1390 1297 1448 1329 ac
1472 1283 1719 1345 praesenti
1744 1283 1906 1331 animo
1929 1297 2036 1331 me-

362 1361 570 1410 dicinam
606 1365 761 1424 parat.
826 1361 894 1410 Et
925 1360 1137 1424 primum
1171 1360 1368 1424 quidem
1402 1361 1658 1420 nutricem,
1691 1362 1911 1426 quamvis
1925 1361 2036 1427 pol-

361 1441 569 1489 liceatur
609 1455 665 1488 se
698 1440 876 1489 iisdem
909 1441 1131 1500 artibus,
1187 1440 1363 1504 quibus
1397 1441 1674 1504 depravarit
1705 1457 1838 1502 rem,
1885 1441 2035 1490 etiam

361 1527 668 1582 sanaturam,
701 1520 956 1570 facessere
988 1520 1143 1570 iubet.
1209 1519 1400 1569 Deinde
1432 1535 1677 1585 occupare
1708 1519 2036 1584 Hippolytum

363 1600 615 1649 constituit
660 1604 712 1648 et
755 1602 894 1663 quasi
936 1601 1000 1650 de
1045 1607 1217 1665 stupro
1266 1600 1375 1665 ipsa
1424 1600 1484 1648 ab
1530 1616 1591 1649 eo
1625 1599 1920 1665 compellata
1953 1599 2037 1659 sit,

360 1680 498 1745 prius
521 1695 771 1729 accusare.
817 1680 1042 1745 Denique
1073 1684 1282 1729 mortem
1313 1680 1420 1728 sine
1439 1695 1578 1728 mora
1603 1679 1697 1728 sibi
1725 1680 2035 1729 consciscen-

361 1760 476 1809 dam
511 1774 625 1809 esse
656 1760 903 1827 intelligit.
969 1759 1253 1810 Videndum
1288 1760 1413 1820 iam,
1448 1759 1696 1824 quomodo
1729 1759 1928 1824 probari
1958 1759 2038 1809 vel

363 1845 498 1889 certe
532 1841 756 1890 excusari
790 1842 964 1905 possit,
997 1842 1129 1904 quod
1162 1840 1567 1889 innocentissimo
1587 1839 1890 1889 adolescenti
1911 1839 2039 1888 falsa

361 1920 696 1969 criminatione
729 1922 986 1981 interitum
1019 1926 1176 1984 parat.
1241 1919 1436 1969 Amoris
1469 1919 1672 1982 iraeque
1703 1918 1902 1968 furores
1915 1919 2036 1968 vici-

360 2015 452 2048 nos
487 2015 600 2049 esse
632 2001 751 2049 satis
785 2007 956 2050 notum
991 2005 1070 2048 est
1101 1997 1183 2062 *),
1231 2014 1392 2061 neque
1426 2003 1592 2047 tamen
1624 1999 1749 2046 haec
1782 1998 2036 2048 excusatio

362 2079 567 2128 sufficit.
652 2072 986 2153 Mulcanddiff
1016 2078 1423 2143 superbissimum
1467 2077 1835 2131 adolescentem
1879 2086 1931 2126 et
1973 2078 2035 2126 ad

361 2158 655 2208 modestiam
679 2160 1008 2208 revocandum
1032 2174 1144 2207 esse
1165 2157 1491 2223 (σωφρονεῖν
1505 2155 1814 2222 μαθήσεται,
1837 2173 1880 2207 v.
1899 2157 2035 2220 ⁵126.)

361 2253 459 2288 non
507 2239 613 2286 sine
657 2238 898 2303 probabili
947 2254 1120 2287 caussa
1161 2238 1389 2287 Phaedra
1436 2238 1528 2288 sibi
1579 2239 1878 2305 persuadet:
1928 2238 2037 2299 iure

363 2319 492 2367 enim
523 2318 641 2366 huic
674 2319 901 2367 accidere
947 2319 1141 2367 videtur
1186 2318 1424 2382 quidquid
1470 2317 1721 2368 acciderit.
1789 2316 1890 2366 Sed
1922 2317 2036 2381 quis

362 2413 487 2455 non,
538 2397 806 2448 ulciscendi
840 2398 1076 2462 cupidus,
1129 2399 1247 2447 talia
1280 2399 1376 2446 sibi
1410 2397 1724 2463 persuadet?
1789 2397 2035 2446 Bonorum

366 2494 613 2528 summum
645 2478 826 2526 iudicio
862 2477 1119 2527 Phaedrae
1154 2484 1233 2528 est
1263 2479 1527 2527 honestum
1590 2505 1652 2515 —-

494 2556 667 2622 μόνον
699 2553 756 2607 δὲ
787 2556 948 2608 τοῦτό
983 2558 1110 2623 ψαῦ’
1145 2556 1464 2623 ἁμιλλᾶσθαι
1498 2555 1615 2623 βίῳ,

489 2637 710 2705 γνώμην
746 2636 958 2690 δικαίαν
991 2638 1255 2705 κάγαθήν,
1292 2637 1395 2705 ὅτῳ
1427 2643 1573 2704 παρῇ
1603 2665 1667 2674 —-

360 2715 430 2785 (v.
462 2720 623 2781 426.),
659 2721 797 2769 cuius
817 2720 1013 2785 quidem
1033 2721 1250 2771 studium
1275 2720 1492 2786 separari
1517 2734 1614 2768 non
1637 2720 1807 2781 potest
1823 2731 1852 2764 a
1875 2714 2037 2765 studio

362 2800 523 2848 laudis
559 2800 627 2863 (v.
660 2799 820 2863 489.).
888 2800 1049 2849 Huius
1096 2801 1268 2850 tuendi
1315 2815 1487 2849 caussa
1517 2813 1615 2847 non
1650 2797 1809 2846 solum
1838 2795 2037 2844 labores

363 2894 582 2928 summos
618 2879 875 2938 sustinuit,
924 2880 1014 2928 sed
1058 2882 1204 2930 etiam
1250 2881 1395 2929 vitam
1427 2877 1733 2944 profundere
1765 2874 2032 2923 constituit.

364 2958 554 3007 Privati
599 2964 761 3007 autem
810 2959 904 3008 sibi
949 2961 1141 3011 videtur
1186 2961 1281 3010 hoc
1314 2961 1533 3020 laborum
1568 2957 1837 3020 mortisque
1867 2953 2036 3002 fructu

363 3039 648 3088 temeritate
681 3038 1009 3088 adolescentis
1043 3041 1383 3090 crudelissimi.
1449 3037 1584 3086 Fieri
1615 3035 1762 3099 igitur
1793 3049 1889 3082 non
1921 3037 2034 3098 pot·

368 3125 463 3179 est,
499 3124 556 3168 ut
589 3119 777 3167 alienae
809 3120 937 3168 vitae
969 3125 1156 3184 parcat,
1193 3136 1317 3185 quae
1345 3133 1462 3168 suae
1480 3132 1576 3165 non
1609 3114 1854 3183 pepercit,
1885 3113 2035 3176 siqui-

360 3322 366 3329 ·
424 3301 475 3356 ²²)
504 3299 740 3344 Heliodori
767 3301 907 3343 verba
936 3301 1073 3356 (VIII.
1104 3316 1148 3357 p.
1177 3299 1301 3355 374.)
1338 3296 1656 3341 Valckenarius
1671 3294 1716 3337 in
1736 3293 2036 3339 testimonium

506 3371 708 3415 vocavit:
739 3365 1039 3424 οἷπελπισθεὶς
1068 3369 1094 3415 ὁ
1124 3369 1234 3429 ἔρως
1262 3365 1482 3425 οὐδεμίαν
1510 3364 1600 3423 ἔχει
1630 3364 1775 3422 φειδώ
1807 3367 1891 3411 τοῦ
1921 3363 2035 3422 ἐρω-

507 3456 664 3496 μενον.
