2144 3854
1097 243 1215 302 112

317 411 442 462 quae
485 391 780 444 Plutarchus
825 385 974 455 ἐρωτ.
1019 406 1072 457 p.
1105 393 1219 444 ⁸150.
1253 391 1309 441 Β.
1364 396 1417 442 et
1449 389 1631 458 garrul.
1662 407 1714 458 p.
1745 393 1859 445 50¹1.
1893 408 1999 444 ser-

314 475 474 526 vavit:
1845 475 1847 478 ’

445 580 510 591 —-
542 547 776 617 λαιψηρὰ
808 549 1085 610 κυκλώσας
1117 550 1294 615 πτερά.

445 633 498 682 In
543 634 643 682 fine
687 633 920 682 dramatis
969 632 1134 681 Solem
1178 633 1434 696 prodisse,
1486 632 1568 698 qui
1615 632 1780 682 etde
1812 632 2001 683 caussis

312 714 555 763 factorum
589 714 824 770 doceret,
871 717 923 762 et
955 713 1170 762 honores
1206 712 1444 776 quosdam
1478 713 1826 762 defunctorum
1860 713 2001 762 insti-

311 794 386 845 tui
417 794 640 852 iuberet,
686 798 736 842 et
777 794 842 842 de
888 793 1165 841 Minotauro
1201 792 1374 841 alendo
1408 798 1523 842 nota
1557 793 1640 842 illa
1673 793 2001 859 praeciperet,

313 891 382 925 ex*
410 873 598 924 scholio
633 873 695 922 ad
728 873 982 923 Hecubam
1018 873 1230 939 scripto,
1283 873 1414 938 quod
1459 889 1606 939 supra
1648 873 1827 939 posui,
1882 889 2000 923 con-

309 955 443 1005 iicio.

443 1033 555 1084 Non
611 1032 938 1097 inelegantem
991 1033 1119 1082 hanc
1175 1033 1429 1099 Euripidis
1494 1034 1796 1098 tragoediam
1843 1032 2003 1083 fuisse

310 1115 392 1166 vel
422 1114 538 1165 inde
572 1113 853 1163 existimare
885 1113 1031 1175 licet,
1067 1115 1197 1179 quod
1231 1114 1590 1178 Aristophanes
1624 1129 1732 1163 eam
1765 1129 1864 1164 non
1892 1118 2000 1163 tan-

310 1203 415 1246 tum
448 1194 671 1260 respexit
703 1193 1041 1257 frequentius,
1089 1195 1179 1244 sed
1227 1195 1372 1243 etiam
1407 1193 1624 1243 imitatus
1661 1201 1754 1246 est.
1823 1193 2002 1258 Neque

310 1277 438 1326 enim
472 1274 795 1324 dubitandum
831 1279 936 1334 est,
985 1275 1101 1338 quin
1134 1275 1185 1323 in
1218 1274 1464 1335 Daedalo,
1510 1290 1659 1339 quum
1693 1279 2001 1324 monstrosos

308 1355 438 1405 Iovis
475 1371 585 1405 cum
620 1353 758 1403 Leda
793 1354 1105 1414 concubitus,
1150 1354 1278 1404 illius
1314 1354 1521 1403 artificis
1555 1355 1734 1403 auxilio
1769 1355 1999 1415 effectoS,

307 1435 595 1500 Ledamque
626 1450 716 1484 ova
749 1450 840 1499 pro
893 1433 1161 1483 infantibus
1215 1434 1491 1499 parientem
1538 1434 1822 1495 exhiberet,
1873 1434 2002 1484 hano

307 1516 611 1580 tragoediam
660 1513 712 1563 in
756 1514 908 1562 risum
943 1514 1230 1564 detorserit.
1299 1513 1383 1564 Cf.
1415 1514 1594 1577 Bergk.
1629 1514 1806 1578 fragm.
1839 1514 1999 1564 Arist.

306 1612 355 1662 p.
392 1597 488 1644 12⁷
533 1609 670 1658 seqq.
754 1592 933 1642 Rarius
970 1592 1167 1642 codices
1204 1592 1479 1658 descriptos
1516 1609 1630 1643 esse
1664 1599 1867 1659 propter
1919 1594 1998 1643 fa-

309 1675 506 1725 stidium
541 1673 825 1734 hominum,
876 1673 1188 1738 turpitudine
1219 1671 1341 1721 facti
1375 1672 1644 1739 Pasiphaes
1680 1673 2000 1734 offensorum,

308 1759 689 1806 consentaneum
737 1757 844 1803 est:
890 1754 958 1801 ita
1002 1753 1181 1813 fiebat,
1228 1758 1284 1802 ut
1330 1758 1524 1814 mature
1567 1753 1736 1803 multis
1780 1754 1830 1803 in
1876 1753 2000 1802 obli-

307 1837 502 1885 vionem
546 1836 719 1887 abiret.
806 1833 1131 1883 Eruditorum
1177 1832 1395 1882 favorem
1442 1834 1490 1882 ei
1539 1834 1801 1885 conciliare
1835 1834 2001 1900 potuit

308 1917 628 1980 Anaxagorae
662 1914 902 1985 doctrina,
936 1914 985 1964 in
1020 1930 1115 1979 qua
1138 1913 1346 1962 multum
1370 1913 1527 1963 fuisse
1551 1910 1852 1979 explananda
1874 1913 1998 1963 cho-

308 2012 416 2046 rum
465 2001 738 2060 mystarum
800 1995 987 2061 optimo
1046 1995 1153 2043 iure
1202 1994 1480 2058 suspicatus
1540 1999 1621 2043 est
1676 1994 1999 2044 MatthiaeuS.

307 2076 467 2127 Multa
517 2076 647 2124 enim
692 2076 909 2133 inerant,
962 2091 1087 2139 quae
1130 2074 1193 2123 ad
1239 2074 1572 2123 reconditiora
1619 2075 1837 2142 cogitata
1885 2092 1998 2126 cum

306 2156 453 2222 vulgo
489 2155 888 2205 communicanda
921 2150 1234 2204 invitarent?
1258 2154 1394 2203 cuius
1428 2155 1625 2217 generis
1677 2161 1818 2206 erant
1867 2154 1997 2205 Dae-

307 2236 406 2286 dali
439 2252 518 2285 ars
552 2241 774 2286 naturam
811 2250 1078 2300 superanS,
1134 2233 1256 2283 Icari
1290 2234 1516 2297 audacia,
1561 2234 1833 2301 Pasiphaes
1876 2251 1997 2285 con-

308 2316 500 2366 cubitus
533 2321 806 2380 partusque
849 2320 1184 2371 monstrosus,
1232 2314 1415 2364 Minois
1457 2315 1712 2380 ingenium
1756 2314 1995 2375 insolenS,

306 2396 521 2460 denique
555 2400 830 2459 mystarum
863 2396 1083 2461 ipsorum
1118 2395 1336 2443 studium
1372 2395 1422 2443 in
1446 2394 1657 2444 numinis
1681 2394 1830 2444 divini
1855 2410 1995 2444 men-

306 2481 407 2526 tem
467 2476 777 2539 animumque
828 2476 1011 2525 intrare
1058 2474 1376 2540 cupientium.
1452 2474 1592 2523 Haec
1637 2481 1805 2525 autem
1850 2476 1995 2535 ratio,

307 2556 500 2606 etiamsi
546 2571 644 2604 non
688 2555 785 2603 iam
832 2554 883 2604 in
926 2554 1057 2604 Pace
1103 2555 1442 2620 Aristophanis
1484 2555 1547 2604 ad
1580 2556 1677 2605 hoc
1709 2557 1879 2606 drama
1912 2571 1995 2604 re·-

307 2636 431 2702 spici
462 2635 710 2695 viderem,
757 2634 862 2683 sola
896 2635 1017 2684 mihi
1051 2634 1340 2696 sufficeret,
1378 2640 1433 2686 ut
1465 2635 1588 2685 illud
1622 2636 1796 2700 primis
1830 2636 1994 2702 statim

305 2717 641 2788 temporibuS,
686 2719 947 2781 postquam
996 2715 1186 2766 fabulas
1233 2715 1415 2765 docere
1449 2716 1673 2781 coeperit
1705 2714 1992 2778 EuripideS,

304 2797 355 2846 in
389 2813 585 2846 scenam
621 2794 838 2845 delatum
873 2811 986 2846 esse
1019 2801 1307 2847 statuerem.
1375 2795 1502 2844 Nam
1523 2795 1770 2860 prioribus
1795 2800 1992 2860 tempo-

303 2878 441 2927 ribus
475 2878 628 2941 magis
663 2893 747 2926 eas
781 2877 1024 2938 rationeS,
1081 2892 1203 2941 quae
1246 2875 1519 2925 adrerum
1553 2880 1778 2925 naturam
1813 2889 1992 2941 cogno-

306 2957 536 3006 scendam
569 2958 906 3022 pertinerent,
941 2962 1167 3007 secutum
1201 2972 1313 3006 esse
1348 2955 1664 3021 Euripidem,
1698 2955 1991 3021 posteriori-

304 3037 414 3098 buS‚
447 3037 685 3101 flagrante
718 3037 848 3087 bello
878 3037 1291 3103 Peloponnesiaco
1316 3036 1672 3100 hominumque
1700 3036 1863 3086 studia
1888 3040 1990 3085 tra-

302 3117 471 3178 hente,
496 3117 653 3182 magis
675 3133 842 3167 rerum
869 3118 1177 3183 publicarum
1207 3117 1675 3167 administrationem
1711 3117 1991 3183 respexisse

207 3221 214 3230 ·
301 3197 425 3247 mihi
454 3198 747 3262 persuadeo.

435 3278 562 3328 Sunt
594 3282 756 3328 autem
776 3315 789 3340 ,
823 3293 885 3328 ex
919 3279 1096 3343 quibus
1131 3279 1193 3340 ii,
1243 3279 1324 3343 qui
1358 3278 1578 3345 speciem
1616 3248 1869 3328 dumtaxat
1899 3293 1988 3327 re-

304 3374 444 3420 rum,
492 3374 619 3422 quae
647 3362 884 3422 aguntur,
918 3354 1173 3411 intuentur
1204 3358 1446 3424 simulque
1476 3358 1791 3424 Euripidem,
1827 3361 1990 3407 aetate

302 3438 679 3501 provectiorem,
714 3437 1061 3491 deficientibus
1092 3441 1306 3500 viribus,
1351 3438 1654 3489 dedidicisse
1687 3453 1813 3503 quae
1847 3441 1990 3488 antea
