2144 3854
1125 313 1250 371 29⁰

359 469 505 519 tribui
537 480 685 532 posse
717 462 960 512 videntur.
1027 460 1094 509 Et
1135 459 1271 508 Pelei
1316 459 1515 523 quidem
1557 458 1773 509 fabulam
1818 460 1873 510 in
1912 463 2028 513 dra-

359 555 518 606 mate,
570 544 699 609 quod
734 543 865 600 dixi,
899 541 1178 591 nominatim
1214 540 1344 587 ridet
1377 539 1754 602 Aristophanes.
1819 539 1898 589 Ex
1931 543 2028 591 Ae-

357 644 450 692 geo
498 631 661 676 autem
707 621 982 688 depromsit
1023 620 1141 668 illud
1194 610 1235 668 ὦ
1279 616 1657 683 θερμόβουλον
1713 619 2031 686 σπλάγχνον,

357 707 491 770 quod
535 706 584 754 in
633 695 675 753 ὦ
717 699 1092 766 θερμόβουλον
1125 699 1371 763 πρωκτόν
1403 699 1625 750 mutavit.
1693 700 1867 765 Neque
1899 701 2030 750 enim

356 788 482 835 haec
516 785 579 834 de
612 784 793 832 Medea
827 782 959 830 dicta
992 782 1041 830 in
1075 781 1326 845 Euripidis
1363 779 1541 829 fabulis
1576 787 1774 844 praeter
1807 781 2029 847 Aegeum

358 873 411 916 et
444 865 673 914 Medeam
710 863 869 911 locum
904 862 1088 911 habere
1121 867 1415 925 potuerunt3
1448 860 1585 924 atqui
1605 862 1666 910 ab
1690 860 1787 909 hoc
1812 861 2031 909 dramate

357 946 441 995 illa
475 945 649 994 abesse
685 949 921 1008 apparet:
956 941 1242 1004 relinquitur
1275 942 1446 1005 igitur,
1495 947 1548 988 ut
1581 941 1630 989 in
1663 941 1832 1007 Aegeo
1866 940 2030 1005 posita

357 1025 557 1074 fuerint.
626 1023 754 1085 Quin
790 1023 935 1071 etiam
970 1021 1234 1084 Euripides
1267 1022 1375 1085 ipse
1409 1020 1469 1069 ad
1505 1022 1727 1086 Aegeum
1761 1021 1812 1069 in
1849 1018 2029 1068 Medea

357 1105 641 1169 respexisse
674 1103 895 1151 videtur:
930 1107 1066 1150 certe
1100 1101 1225 1148 enim
1262 1101 1383 1149 nihil
1415 1101 1465 1149 in
1497 1102 1594 1150 hoc
1631 1101 1855 1150 dramate
1904 1099 2030 1148 scri-

358 1186 472 1250 psit,
508 1183 635 1248 quod
672 1198 766 1231 non
803 1198 912 1231 cum
948 1181 1076 1229 illius
1101 1187 1386 1243 argumento
1413 1186 1737 1246 congrueret:
1771 1179 1903 1229 unde
1931 1179 2029 1228 Ae·

356 1280 504 1329 geum
553 1263 731 1312 Medea
774 1262 986 1326 priorem
1036 1259 1196 1309 fuisse
1241 1261 1370 1309 haud
1415 1261 1592 1309 iniuria
1628 1260 1845 1323 colligas.
1933 1258 2028 1308 His

357 1344 549 1393 accedit
592 1343 786 1391 tertium
831 1346 1194 1405 argumentum,
1244 1346 1453 1406 propter
1500 1341 1631 1404 quod
1670 1341 1891 1406 Aegeum
1939 1355 2029 1388 nu-

357 1437 495 1471 mero
528 1422 977 1485 antiquissimorum
1013 1419 1262 1484 Euripidis
1297 1420 1572 1469 dramatum
1607 1419 1762 1469 fuisse
1785 1420 2028 1484 suspicor.

356 1502 593 1551 Finxerat
626 1502 753 1550 enim
788 1506 966 1567 poeta,
1002 1501 1044 1548 si
1079 1499 1334 1549 Plutarchi
1366 1499 1529 1548 verbis
1564 1500 1886 1549 imitationem
1922 1500 2030 1548 Eu-

356 1582 528 1645 ripidis
562 1582 725 1631 inesse
758 1587 898 1630 recte
932 1580 1168 1640 coniicio,
1215 1578 1467 1628 Theseum
1514 1579 1668 1642 gloria
1702 1579 1933 1628 Herculis
1966 1578 2029 1627 ad

357 1661 572 1709 studium
617 1661 811 1710 virtutis
857 1666 1108 1710 erectum:
1163 1660 1294 1708 unde
1348 1658 1702 1708 Themistoclis
1747 1657 2028 1724 exemplum

355 1741 472 1789 talia
506 1741 707 1803 fingenti
742 1747 854 1789 ante
888 1741 1056 1789 oculos
1090 1745 1335 1789 versatum
1371 1755 1500 1799 esse,
1535 1739 1620 1804 qui
1652 1738 1890 1788 Miltiadis
1923 1742 2029 1787 tro-

356 1836 481 1886 paeo
515 1837 544 1868 e
578 1836 751 1869 somno
785 1821 1099 1880 excitaretur,
1131 1835 1291 1882 neque
1323 1819 1476 1868 multo
1508 1823 1624 1884 post
1658 1820 1748 1868 viri
1773 1818 2028 1884 gloriosis-

356 1901 464 1950 simi
498 1901 682 1949 obitum
717 1901 812 1949 hoc
847 1900 1017 1949 drama
1051 1899 1291 1964 scriptum
1327 1914 1440 1947 esse
1475 1900 1726 1948 coniicias.

486 1979 726 2043 Quartum
740 1981 953 2043 denique
966 1979 1132 2027 drama
1161 1979 1425 2041 satyricum
1441 1979 1773 2043 Eurystheum
1798 1977 2025 2041 adiungo.

893 2303 958 2359 A.
1060 2302 1485 2358 Peleus.

484 2446 539 2496 ln
572 2446 744 2511 primis
779 2446 1027 2497 celebrem
1062 2446 1190 2494 hanc
1223 2446 1526 2509 tragoediam
1561 2444 1716 2495 fuisse
1767 2460 1830 2495 ex
1863 2445 2024 2496 Hora-

353 2526 407 2574 tii
457 2527 922 2575 commemoratione
954 2526 1400 2590 Aristophanisque
1435 2526 1783 2591 depravatione
1816 2526 2024 2589 quadam

350 2605 681 2670 intelligimus.
749 2606 1044 2669 Fragmenta
1078 2613 1239 2654 tamen
1274 2606 1564 2670 paucissima
1599 2609 1856 2653 servantur
1887 2610 1940 2654 et
1963 2620 2025 2654 ex

350 2685 526 2748 quibus
572 2685 696 2749 ipsis
743 2685 862 2733 nihil
904 2685 968 2733 de
1002 2691 1246 2734 structura
1281 2686 1386 2734 eius
1422 2686 1654 2750 cognosci
1686 2684 1858 2749 possit.
1924 2684 2022 2734 Fe-

348 2764 434 2813 lici
466 2770 630 2813 autem
667 2780 784 2813 casu
817 2764 1024 2823 accidit,
1071 2770 1127 2812 ut
1167 2765 1299 2813 illam
1346 2764 1517 2828 Dictys
1554 2764 1808 2813 Cretensis
1843 2762 1955 2826 (Vl,
1990 2768 2021 2813 7

348 2847 515 2908 seqq.)
541 2843 760 2893 imitatus
784 2845 865 2906 sit,
895 2846 1033 2893 cuius
1060 2845 1338 2903 narrationi,
1364 2845 1582 2908 exceptis
1607 2844 1792 2892 levibus
1818 2844 2020 2908 quihus-
2085 2833 2087 2835 ’

349 2922 461 2970 dam
487 2922 856 2982 additamentis,
880 2925 994 2989 quin
1024 2925 1186 2988 ipsum
1212 2923 1444 2973 dramatis
1469 2923 1723 2987 Euripidei
1761 2938 2021 2987 argumen-

348 3007 451 3050 tum
475 3002 609 3062 insit,
644 3019 738 3051 non
768 3005 879 3052 sinit
905 3005 1129 3053 dubitare
1160 3010 1330 3053 natura
1365 3004 1485 3052 eius.
1554 3001 1883 3064 Quamobrem
1919 3009 2019 3052 sta-

346 3079 434 3129 tim
467 3081 657 3129 initium
686 3083 816 3130 illius
845 3100 955 3132 cum
983 3084 1251 3132 lectoribus
1278 3082 1672 3132 communicabo:
1707 3082 1870 3142 „Dum
1894 3084 2020 3133 haec

345 3160 476 3225 apud
511 3160 726 3209 Ithacam
762 3169 998 3225 aguntur,
1035 3163 1392 3228 Neoptolemus
1427 3163 1556 3227 apud
1590 3161 1838 3217 Molossos
1871 3178 2018 3212 naves

344 3245 600 3302 quassatas
635 3244 1011 3305 tempestatibus
1046 3243 1235 3302 reficit,
1270 3247 1417 3305 atque
1449 3241 1594 3303 inde,
1637 3247 1898 3307 postquam
1933 3259 2018 3291 co-

342 3319 544 3382 gnitum,
579 3321 638 3368 ab
675 3321 854 3370 Acasto
890 3321 1147 3386 expulsum
1182 3337 1336 3387 regno
1371 3322 1543 3381 Pelea,
1591 3323 1746 3371 ultum
1781 3323 1853 3370 ire
1887 3322 2017 3371 iniu-

342 3397 441 3446 rias
487 3400 562 3446 avi
610 3400 830 3463 cupienS‚
866 3403 1024 3466 primo
1060 3402 1368 3466 exploratum
1403 3402 1528 3450 duos
1565 3419 1710 3467 quam
1744 3401 2015 3450 fidissimos

342 3483 393 3525 et
425 3476 699 3544 incognitos
733 3479 830 3528 illis
867 3481 1019 3539 lucia,
1071 3480 1401 3546 Chrysippum
1437 3487 1489 3531 et
1522 3483 1723 3532 Aratum
1744 3517 1758 3539 ‚
1794 3480 2012 3531 Thessa-
