<?xml version="1.0" encoding="UTF-8"?>
<!DOCTYPE html PUBLIC "-//W3C//DTD XHTML 1.0 Transitional//EN"
    "http://www.w3.org/TR/xhtml1/DTD/xhtml1-transitional.dtd">
<html xmlns="http://www.w3.org/1999/xhtml" xml:lang="en" lang="en">
 <head>
  <title>
</title>
<meta http-equiv="Content-Type" content="text/html;charset=utf-8" />
  <meta name='ocr-system' content='tesseract 3.04.00' />
  <meta name='ocr-capabilities' content='ocr_page ocr_carea ocr_par ocr_line ocrx_word'/>
</head>
<body>
  <div class='ocr_page' id='page_1' title='image "./euripidesrestitu01hartuoft_0286.png"; bbox 0 0 2144 3854; ppageno 0'>
   <div class='ocr_carea' id='block_1_1' title="bbox 1111 270 1234 329">
    <p class='ocr_par' dir='ltr' id='par_1_1' title="bbox 1111 270 1234 329">
     <span class='ocr_line' id='line_1_1' title="bbox 1111 270 1234 329; baseline 0.016 -2"><span class='ocrx_word' id='word_1_1' title='bbox 1111 270 1234 329; x_wconf 78' lang='lat'><strong>268</strong></span> 
     </span>
    </p>
   </div>
   <div class='ocr_carea' id='block_1_2' title="bbox 349 416 2014 722">
    <p class='ocr_par' dir='ltr' id='par_1_2' title="bbox 349 416 2014 722">
     <span class='ocr_line' id='line_1_2' title="bbox 351 416 2011 483; baseline 0.002 -15"><span class='ocrx_word' id='word_1_2' title='bbox 351 421 426 468; x_wconf 88' lang='lat' dir='ltr'><strong>ius</strong></span> <span class='ocrx_word' id='word_1_3' title='bbox 459 416 699 483; x_wconf 87' lang='lat' dir='ltr'><strong>quandam</strong></span> <span class='ocrx_word' id='word_1_4' title='bbox 730 416 1044 466; x_wconf 90' lang='lat' dir='ltr'><strong>imitationem</strong></span> <span class='ocrx_word' id='word_1_5' title='bbox 1078 434 1199 483; x_wconf 89' lang='lat' dir='ltr'><strong>prae</strong></span> <span class='ocrx_word' id='word_1_6' title='bbox 1233 434 1290 466; x_wconf 89' lang='lat' dir='ltr'><strong>se</strong></span> <span class='ocrx_word' id='word_1_7' title='bbox 1322 417 1425 466; x_wconf 83' lang='lat' dir='ltr'><strong>fert</strong></span> <span class='ocrx_word' id='word_1_8' title='bbox 1457 433 1580 482; x_wconf 89' lang='lat' dir='ltr'><strong>opus</strong></span> <span class='ocrx_word' id='word_1_9' title='bbox 1614 418 1878 483; x_wconf 75' lang='lat' dir='ltr'><strong>Euripidis.</strong></span> <span class='ocrx_word' id='word_1_10' title='bbox 1924 424 2011 472; x_wconf 88' lang='lat' dir='ltr'><strong>Al-</strong></span> 
     </span>
     <span class='ocr_line' id='line_1_3' title="bbox 349 497 2014 565; baseline 0.003 -18"><span class='ocrx_word' id='word_1_11' title='bbox 349 503 429 547; x_wconf 89' lang='lat' dir='ltr'><strong>ter</strong></span> <span class='ocrx_word' id='word_1_12' title='bbox 481 503 646 546; x_wconf 91' lang='lat' dir='ltr'><strong>autem</strong></span> <span class='ocrx_word' id='word_1_13' title='bbox 702 497 944 546; x_wconf 88' lang='lat' dir='ltr'><strong>terminus</strong></span> <span class='ocrx_word' id='word_1_14' title='bbox 1000 498 1261 562; x_wconf 88' lang='lat' dir='ltr'><strong>Equitibus</strong></span> <span class='ocrx_word' id='word_1_15' title='bbox 1304 498 1644 562; x_wconf 88' lang='lat' dir='ltr'><strong>Aristophanis</strong></span> <span class='ocrx_word' id='word_1_16' title='bbox 1691 499 2014 565; x_wconf 84' lang='lat' dir='ltr'><strong>eiusdemque</strong></span> 
     </span>
     <span class='ocr_line' id='line_1_4' title="bbox 350 577 2012 648; baseline 0.002 -21"><span class='ocrx_word' id='word_1_17' title='bbox 350 577 573 627; x_wconf 84' lang='lat' dir='ltr'><strong>Nubibus</strong></span> <span class='ocrx_word' id='word_1_18' title='bbox 631 577 958 640; x_wconf 88' lang='lat' dir='ltr'><strong>describitur,</strong></span> <span class='ocrx_word' id='word_1_19' title='bbox 1019 579 1196 643; x_wconf 87' lang='lat' dir='ltr'><strong>quibus</strong></span> <span class='ocrx_word' id='word_1_20' title='bbox 1242 578 1426 628; x_wconf 77' lang='lat' dir='ltr'><strong>fabulis</strong></span> <span class='ocrx_word' id='word_1_21' title='bbox 1472 578 1536 628; x_wconf 87' lang='lat' dir='ltr'><strong>ad</strong></span> <span class='ocrx_word' id='word_1_22' title='bbox 1581 579 1788 630; x_wconf 85' lang='lat' dir='ltr'><strong>Aeolum</strong></span> <span class='ocrx_word' id='word_1_23' title='bbox 1829 581 2012 648; x_wconf 77' lang='lat' dir='ltr'>respici</span> 
     </span>
     <span class='ocr_line' id='line_1_5' title="bbox 349 656 797 722; baseline -0.002 -16"><span class='ocrx_word' id='word_1_24' title='bbox 349 672 497 722; x_wconf 86' lang='lat' dir='ltr'><strong>supra</strong></span> <span class='ocrx_word' id='word_1_25' title='bbox 530 656 797 707; x_wconf 82' lang='lat' dir='ltr'><strong>docuimus.</strong></span> 
     </span>
    </p>
   </div>
   <div class='ocr_carea' id='block_1_3' title="bbox 1003 729 1332 737">
    <p class='ocr_par' dir='ltr' id='par_1_3' title="bbox 1003 729 1332 737">
     <span class='ocr_line' id='line_1_6' title="bbox 1003 729 1332 737; baseline 0 3117"><span class='ocrx_word' id='word_1_26' title='bbox 1003 729 1332 737; x_wconf 95' lang='lat' dir='ltr'><strong> </strong></span> 
     </span>
    </p>
   </div>
   <div class='ocr_carea' id='block_1_4' title="bbox 717 840 1636 899">
    <p class='ocr_par' dir='ltr' id='par_1_4' title="bbox 717 840 1636 899">
     <span class='ocr_line' id='line_1_7' title="bbox 717 840 1636 899; baseline 0.001 -4"><span class='ocrx_word' id='word_1_27' title='bbox 717 840 782 896; x_wconf 89' lang='lat' dir='ltr'><strong>C.</strong></span> <span class='ocrx_word' id='word_1_28' title='bbox 879 842 1636 899; x_wconf 80' lang='lat' dir='ltr'><strong>Protesilaus.</strong></span> 
     </span>
    </p>
   </div>
   <div class='ocr_carea' id='block_1_5' title="bbox 325 961 2011 2941">
    <p class='ocr_par' dir='ltr' id='par_1_5' title="bbox 325 961 2011 2941">
     <span class='ocr_line' id='line_1_8' title="bbox 477 961 2008 1028; baseline 0 -18"><span class='ocrx_word' id='word_1_29' title='bbox 477 961 801 1012; x_wconf 80' lang='lat' dir='ltr'><strong>Protesilaum</strong></span> <span class='ocrx_word' id='word_1_30' title='bbox 836 961 937 1010; x_wconf 90' lang='lat' dir='ltr'><strong>sive</strong></span> <span class='ocrx_word' id='word_1_31' title='bbox 963 961 1293 1024; x_wconf 81' lang='lat' dir='ltr'><strong>Laodamiam,</strong></span> <span class='ocrx_word' id='word_1_32' title='bbox 1327 963 1457 1026; x_wconf 90' lang='lat' dir='ltr'><strong>quod</strong></span> <span class='ocrx_word' id='word_1_33' title='bbox 1491 961 1690 1026; x_wconf 84' lang='lat' dir='ltr'><strong>quidem</strong></span> <span class='ocrx_word' id='word_1_34' title='bbox 1715 976 1776 1010; x_wconf 85' lang='lat' dir='ltr'><strong>ex</strong></span> <span class='ocrx_word' id='word_1_35' title='bbox 1799 962 2008 1028; x_wconf 89' lang='lat' dir='ltr'><strong>scripto-</strong></span> 
     </span>
     <span class='ocr_line' id='line_1_9' title="bbox 345 1041 2009 1107; baseline -0.001 -16"><span class='ocrx_word' id='word_1_36' title='bbox 345 1057 453 1091; x_wconf 87' lang='lat' dir='ltr'><strong>rum</strong></span> <span class='ocrx_word' id='word_1_37' title='bbox 485 1041 778 1091; x_wconf 79' lang='lat' dir='ltr'><strong>testimoniis</strong></span> <span class='ocrx_word' id='word_1_38' title='bbox 812 1042 1042 1106; x_wconf 83' lang='lat' dir='ltr'><strong>cognosci</strong></span> <span class='ocrx_word' id='word_1_39' title='bbox 1089 1042 1272 1106; x_wconf 80' lang='lat' dir='ltr'><strong>possit,</strong></span> <span class='ocrx_word' id='word_1_40' title='bbox 1319 1058 1479 1106; x_wconf 90' lang='lat' dir='ltr'><strong>neque</strong></span> <span class='ocrx_word' id='word_1_41' title='bbox 1523 1041 1798 1106; x_wconf 86' lang='lat' dir='ltr'><strong>Sophocles</strong></span> <span class='ocrx_word' id='word_1_42' title='bbox 1849 1057 2009 1107; x_wconf 87' lang='lat' dir='ltr'><strong>neque</strong></span> 
     </span>
     <span class='ocr_line' id='line_1_10' title="bbox 342 1121 2011 1188; baseline -0.001 -17"><span class='ocrx_word' id='word_1_43' title='bbox 342 1121 618 1186; x_wconf 80' lang='lat' dir='ltr'><strong>Aeschylus</strong></span> <span class='ocrx_word' id='word_1_44' title='bbox 663 1136 822 1185; x_wconf 86' lang='lat' dir='ltr'><strong>neque</strong></span> <span class='ocrx_word' id='word_1_45' title='bbox 865 1121 1166 1185; x_wconf 86' lang='lat' dir='ltr'><strong>reliquorum</strong></span> <span class='ocrx_word' id='word_1_46' title='bbox 1198 1122 1494 1186; x_wconf 82' lang='lat' dir='ltr'><strong>tragicorum</strong></span> <span class='ocrx_word' id='word_1_47' title='bbox 1529 1123 1780 1187; x_wconf 88' lang='lat' dir='ltr'><strong>quisquam</strong></span> <span class='ocrx_word' id='word_1_48' title='bbox 1813 1127 2011 1188; x_wconf 84' lang='lat' dir='ltr'><strong>praeter</strong></span> 
     </span>
     <span class='ocr_line' id='line_1_11' title="bbox 342 1201 2009 1266; baseline 0 -16"><span class='ocrx_word' id='word_1_49' title='bbox 342 1201 635 1266; x_wconf 82' lang='lat' dir='ltr'><strong>Euripidem</strong></span> <span class='ocrx_word' id='word_1_50' title='bbox 669 1207 1027 1265; x_wconf 84' lang='lat' dir='ltr'><strong>composuerat.</strong></span> <span class='ocrx_word' id='word_1_51' title='bbox 1094 1201 1423 1264; x_wconf 76' lang='lat' dir='ltr'><strong>Quamobrem</strong></span> <span class='ocrx_word' id='word_1_52' title='bbox 1455 1219 1551 1251; x_wconf 91' lang='lat' dir='ltr'><strong>non</strong></span> <span class='ocrx_word' id='word_1_53' title='bbox 1577 1202 1773 1251; x_wconf 88' lang='lat' dir='ltr'><strong>videtur</strong></span> <span class='ocrx_word' id='word_1_54' title='bbox 1794 1202 2009 1251; x_wconf 88' lang='lat' dir='ltr'><strong>narratio</strong></span> 
     </span>
     <span class='ocr_line' id='line_1_12' title="bbox 340 1279 2007 1350; baseline -0.001 -19"><span class='ocrx_word' id='word_1_55' title='bbox 340 1280 526 1346; x_wconf 79' lang='lat' dir='ltr'><strong>Hygini</strong></span> <span class='ocrx_word' id='word_1_56' title='bbox 568 1281 690 1343; x_wconf 83' lang='lat' dir='ltr'><strong>(fab.</strong></span> <span class='ocrx_word' id='word_1_57' title='bbox 713 1283 824 1330; x_wconf 83' lang='lat'><strong>103.</strong></span> <span class='ocrx_word' id='word_1_58' title='bbox 849 1286 901 1330; x_wconf 90' lang='lat' dir='ltr'><strong>et</strong></span> <span class='ocrx_word' id='word_1_59' title='bbox 924 1279 1089 1346; x_wconf 85' lang='lat'><strong>104.)‚</strong></span> <span class='ocrx_word' id='word_1_60' title='bbox 1138 1298 1263 1346; x_wconf 88' lang='lat' dir='ltr'><strong>quae</strong></span> <span class='ocrx_word' id='word_1_61' title='bbox 1306 1281 1615 1331; x_wconf 74' lang='lat' dir='ltr'><strong>manifestam</strong></span> <span class='ocrx_word' id='word_1_62' title='bbox 1662 1281 1862 1350; x_wconf 60' lang='lat' dir='ltr'><strong>exhibet</strong></span> <span class='ocrx_word' id='word_1_63' title='bbox 1906 1287 2007 1331; x_wconf 86' lang='lat' dir='ltr'><strong>tra-</strong></span> 
     </span>
     <span class='ocr_line' id='line_1_13' title="bbox 338 1360 2007 1428; baseline -0.001 -18"><span class='ocrx_word' id='word_1_64' title='bbox 338 1362 548 1428; x_wconf 87' lang='lat' dir='ltr'><strong>goediae</strong></span> <span class='ocrx_word' id='word_1_65' title='bbox 595 1362 888 1426; x_wconf 81' lang='lat' dir='ltr'><strong>imaginem,</strong></span> <span class='ocrx_word' id='word_1_66' title='bbox 939 1360 1135 1410; x_wconf 84' lang='lat' dir='ltr'><strong>aliunde</strong></span> <span class='ocrx_word' id='word_1_67' title='bbox 1182 1362 1430 1426; x_wconf 87' lang='lat' dir='ltr'><strong>potuisse,</strong></span> <span class='ocrx_word' id='word_1_68' title='bbox 1483 1377 1626 1426; x_wconf 88' lang='lat' dir='ltr'><strong>quam</strong></span> <span class='ocrx_word' id='word_1_69' title='bbox 1659 1377 1722 1410; x_wconf 85' lang='lat' dir='ltr'><strong>ex</strong></span> <span class='ocrx_word' id='word_1_70' title='bbox 1754 1360 2007 1426; x_wconf 80' lang='lat' dir='ltr'><strong>Euripidis</strong></span> 
     </span>
     <span class='ocr_line' id='line_1_14' title="bbox 340 1440 2004 1507; baseline 0.001 -18"><span class='ocrx_word' id='word_1_71' title='bbox 340 1456 510 1505; x_wconf 89' lang='lat' dir='ltr'><strong>opere,</strong></span> <span class='ocrx_word' id='word_1_72' title='bbox 543 1441 744 1491; x_wconf 88' lang='lat' dir='ltr'><strong>hauriri.</strong></span> <span class='ocrx_word' id='word_1_73' title='bbox 811 1440 888 1490; x_wconf 88' lang='lat' dir='ltr'><strong>Ne</strong></span> <span class='ocrx_word' id='word_1_74' title='bbox 922 1447 1084 1490; x_wconf 86' lang='lat' dir='ltr'><strong>tamen</strong></span> <span class='ocrx_word' id='word_1_75' title='bbox 1120 1441 1351 1490; x_wconf 90' lang='lat' dir='ltr'><strong>continuo</strong></span> <span class='ocrx_word' id='word_1_76' title='bbox 1383 1440 1687 1506; x_wconf 83' lang='lat' dir='ltr'><strong>fragmenta,</strong></span> <span class='ocrx_word' id='word_1_77' title='bbox 1738 1457 1864 1507; x_wconf 79' lang='lat' dir='ltr'><strong>quae</strong></span> <span class='ocrx_word' id='word_1_78' title='bbox 1897 1457 2004 1490; x_wconf 88' lang='lat' dir='ltr'><strong>ser-</strong></span> 
     </span>
     <span class='ocr_line' id='line_1_15' title="bbox 337 1520 2006 1587; baseline 0 -18"><span class='ocrx_word' id='word_1_79' title='bbox 337 1526 546 1582; x_wconf 84' lang='lat' dir='ltr'><strong>vantur,</strong></span> <span class='ocrx_word' id='word_1_80' title='bbox 589 1522 651 1570; x_wconf 89' lang='lat' dir='ltr'><strong>ad</strong></span> <span class='ocrx_word' id='word_1_81' title='bbox 695 1521 828 1569; x_wconf 90' lang='lat' dir='ltr'><strong>illam</strong></span> <span class='ocrx_word' id='word_1_82' title='bbox 873 1535 1190 1580; x_wconf 83' lang='lat' dir='ltr'><strong>revocemus,</strong></span> <span class='ocrx_word' id='word_1_83' title='bbox 1241 1521 1368 1570; x_wconf 90' lang='lat' dir='ltr'><strong>duae</strong></span> <span class='ocrx_word' id='word_1_84' title='bbox 1413 1536 1495 1569; x_wconf 90' lang='lat' dir='ltr'><strong>res</strong></span> <span class='ocrx_word' id='word_1_85' title='bbox 1528 1535 1730 1570; x_wconf 89' lang='lat' dir='ltr'><strong>monere</strong></span> <span class='ocrx_word' id='word_1_86' title='bbox 1761 1520 2006 1587; x_wconf 81' lang='lat' dir='ltr'><strong>videntur,</strong></span> 
     </span>
     <span class='ocr_line' id='line_1_16' title="bbox 337 1599 2006 1666; baseline 0.001 -18"><span class='ocrx_word' id='word_1_87' title='bbox 337 1600 548 1666; x_wconf 91' lang='lat' dir='ltr'><strong>primum</strong></span> <span class='ocrx_word' id='word_1_88' title='bbox 585 1600 748 1664; x_wconf 85' lang='lat' dir='ltr'><strong>quod,</strong></span> <span class='ocrx_word' id='word_1_89' title='bbox 785 1617 933 1663; x_wconf 90' lang='lat' dir='ltr'><strong>quum</strong></span> <span class='ocrx_word' id='word_1_90' title='bbox 969 1606 1110 1665; x_wconf 88' lang='lat' dir='ltr'><strong>pater</strong></span> <span class='ocrx_word' id='word_1_91' title='bbox 1140 1600 1437 1649; x_wconf 87' lang='lat' dir='ltr'><strong>Laodamiae</strong></span> <span class='ocrx_word' id='word_1_92' title='bbox 1471 1600 1679 1648; x_wconf 89' lang='lat' dir='ltr'><strong>Acastus</strong></span> <span class='ocrx_word' id='word_1_93' title='bbox 1713 1599 1773 1650; x_wconf 86' lang='lat' dir='ltr'><strong>ab</strong></span> <span class='ocrx_word' id='word_1_94' title='bbox 1808 1599 2006 1665; x_wconf 81' lang='lat' dir='ltr'><strong>Hygino</strong></span> 
     </span>
     <span class='ocr_line' id='line_1_17' title="bbox 336 1679 2006 1747; baseline 0.001 -19"><span class='ocrx_word' id='word_1_95' title='bbox 336 1680 629 1745; x_wconf 82' lang='lat' dir='ltr'><strong>appelletur,</strong></span> <span class='ocrx_word' id='word_1_96' title='bbox 662 1681 865 1730; x_wconf 85' lang='lat' dir='ltr'><strong>Photius</strong></span> <span class='ocrx_word' id='word_1_97' title='bbox 901 1679 1101 1743; x_wconf 81' lang='lat' dir='ltr'><strong>(fragm.</strong></span> <span class='ocrx_word' id='word_1_98' title='bbox 1129 1679 1199 1744; x_wconf 70' lang='grc' dir='ltr'><strong>Ἰ.)</strong></span> <span class='ocrx_word' id='word_1_99' title='bbox 1235 1682 1280 1729; x_wconf 91' lang='lat' dir='ltr'><strong>ei</strong></span> <span class='ocrx_word' id='word_1_100' title='bbox 1315 1679 1539 1728; x_wconf 85' lang='lat' dir='ltr'><strong>Alcathoi</strong></span> <span class='ocrx_word' id='word_1_101' title='bbox 1564 1695 1742 1729; x_wconf 90' lang='lat' dir='ltr'><strong>nomen</strong></span> <span class='ocrx_word' id='word_1_102' title='bbox 1774 1680 1834 1747; x_wconf 79' lang='lat' dir='ltr'><strong>ab</strong></span> <span class='ocrx_word' id='word_1_103' title='bbox 1861 1679 2006 1746; x_wconf 79' lang='lat' dir='ltr'><strong>Euri-</strong></span> 
     </span>
     <span class='ocr_line' id='line_1_18' title="bbox 335 1759 2008 1825; baseline 0.002 -18"><span class='ocrx_word' id='word_1_104' title='bbox 335 1760 453 1825; x_wconf 82' lang='lat' dir='ltr'><strong>pide</strong></span> <span class='ocrx_word' id='word_1_105' title='bbox 485 1761 719 1809; x_wconf 89' lang='lat' dir='ltr'><strong>tributum</strong></span> <span class='ocrx_word' id='word_1_106' title='bbox 755 1776 867 1809; x_wconf 90' lang='lat' dir='ltr'><strong>esse</strong></span> <span class='ocrx_word' id='word_1_107' title='bbox 901 1760 1157 1824; x_wconf 77' lang='lat' dir='ltr'><strong>significat,</strong></span> <span class='ocrx_word' id='word_1_108' title='bbox 1193 1760 1372 1810; x_wconf 89' lang='lat' dir='ltr'><strong>deinde</strong></span> <span class='ocrx_word' id='word_1_109' title='bbox 1405 1759 1536 1825; x_wconf 86' lang='lat' dir='ltr'><strong>quod</strong></span> <span class='ocrx_word' id='word_1_110' title='bbox 1570 1760 1654 1809; x_wconf 91' lang='lat' dir='ltr'><strong>ille</strong></span> <span class='ocrx_word' id='word_1_111' title='bbox 1687 1765 1790 1808; x_wconf 89' lang='lat' dir='ltr'><strong>tres</strong></span> <span class='ocrx_word' id='word_1_112' title='bbox 1814 1763 2008 1817; x_wconf 79' lang='lat' dir='ltr'><strong>tantum</strong></span> 
     </span>
     <span class='ocr_line' id='line_1_19' title="bbox 334 1839 2004 1905; baseline -0.001 -16"><span class='ocrx_word' id='word_1_113' title='bbox 334 1840 483 1890; x_wconf 88' lang='lat' dir='ltr'><strong>horas</strong></span> <span class='ocrx_word' id='word_1_114' title='bbox 518 1839 841 1889; x_wconf 83' lang='lat' dir='ltr'><strong>Protesilaum</strong></span> <span class='ocrx_word' id='word_1_115' title='bbox 875 1841 934 1888; x_wconf 91' lang='lat' dir='ltr'><strong>ab</strong></span> <span class='ocrx_word' id='word_1_116' title='bbox 968 1841 1143 1890; x_wconf 88' lang='lat' dir='ltr'><strong>inferis</strong></span> <span class='ocrx_word' id='word_1_117' title='bbox 1177 1840 1270 1888; x_wconf 88' lang='lat' dir='ltr'><strong>diis</strong></span> <span class='ocrx_word' id='word_1_118' title='bbox 1304 1841 1598 1904; x_wconf 88' lang='lat' dir='ltr'><strong>impetrasse</strong></span> <span class='ocrx_word' id='word_1_119' title='bbox 1632 1839 1769 1899; x_wconf 85' lang='lat' dir='ltr'><strong>dicit,</strong></span> <span class='ocrx_word' id='word_1_120' title='bbox 1803 1839 2004 1905; x_wconf 77' lang='lat' dir='ltr'><strong>reliquis</strong></span> 
     </span>
     <span class='ocr_line' id='line_1_20' title="bbox 334 1918 2004 1986; baseline -0.002 -16"><span class='ocrx_word' id='word_1_121' title='bbox 334 1920 639 1980; x_wconf 82' lang='lat' dir='ltr'><strong>auctoribus,</strong></span> <span class='ocrx_word' id='word_1_122' title='bbox 674 1919 1012 1984; x_wconf 88' lang='lat' dir='ltr'><strong>imprimisque</strong></span> <span class='ocrx_word' id='word_1_123' title='bbox 1046 1920 1314 1968; x_wconf 84' lang='lat' dir='ltr'><strong>scholiasta</strong></span> <span class='ocrx_word' id='word_1_124' title='bbox 1346 1920 1579 1968; x_wconf 88' lang='lat' dir='ltr'><strong>Aristidis</strong></span> <span class='ocrx_word' id='word_1_125' title='bbox 1617 1918 1699 1983; x_wconf 79' lang='lat' dir='ltr'><strong>(T.</strong></span> <span class='ocrx_word' id='word_1_126' title='bbox 1725 1918 1783 1969; x_wconf 89' lang='lat'><strong>11.</strong></span> <span class='ocrx_word' id='word_1_127' title='bbox 1814 1936 1863 1984; x_wconf 92' lang='lat' dir='ltr'><strong>p.</strong></span> <span class='ocrx_word' id='word_1_128' title='bbox 1890 1921 2004 1986; x_wconf 82' lang='lat'><strong>228.</strong></span> 
     </span>
     <span class='ocr_line' id='line_1_21' title="bbox 333 1997 2002 2063; baseline -0.001 -14"><span class='ocrx_word' id='word_1_129' title='bbox 333 2000 409 2049; x_wconf 79' lang='lat' dir='ltr'><strong>vel</strong></span> <span class='ocrx_word' id='word_1_130' title='bbox 444 1998 609 2061; x_wconf 82' lang='lat'><strong>256.),</strong></span> <span class='ocrx_word' id='word_1_131' title='bbox 661 2000 744 2063; x_wconf 86' lang='lat' dir='ltr'><strong>qui</strong></span> <span class='ocrx_word' id='word_1_132' title='bbox 780 1999 1018 2063; x_wconf 84' lang='lat' dir='ltr'><strong>Euripide</strong></span> <span class='ocrx_word' id='word_1_133' title='bbox 1051 2000 1336 2047; x_wconf 89' lang='lat' dir='ltr'><strong>nominatim</strong></span> <span class='ocrx_word' id='word_1_134' title='bbox 1373 2015 1462 2062; x_wconf 89' lang='lat' dir='ltr'><strong>pro</strong></span> <span class='ocrx_word' id='word_1_135' title='bbox 1496 2004 1626 2047; x_wconf 88' lang='lat' dir='ltr'><strong>teste</strong></span> <span class='ocrx_word' id='word_1_136' title='bbox 1658 1999 1839 2056; x_wconf 87' lang='lat' dir='ltr'><strong>utitur,</strong></span> <span class='ocrx_word' id='word_1_137' title='bbox 1874 1997 2002 2047; x_wconf 85' lang='lat' dir='ltr'><strong>inte-</strong></span> 
     </span>
     <span class='ocr_line' id='line_1_22' title="bbox 333 2071 2001 2143; baseline -0.002 -16"><span class='ocrx_word' id='word_1_138' title='bbox 333 2071 470 2143; x_wconf 78' lang='lat' dir='ltr'><strong>gram</strong></span> <span class='ocrx_word' id='word_1_139' title='bbox 506 2080 635 2128; x_wconf 89' lang='lat' dir='ltr'><strong>diem</strong></span> <span class='ocrx_word' id='word_1_140' title='bbox 673 2094 956 2127; x_wconf 87' lang='lat' dir='ltr'><strong>concessam</strong></span> <span class='ocrx_word' id='word_1_141' title='bbox 1005 2093 1117 2127; x_wconf 88' lang='lat' dir='ltr'><strong>esse</strong></span> <span class='ocrx_word' id='word_1_142' title='bbox 1162 2079 1524 2127; x_wconf 86' lang='lat' dir='ltr'><strong>affirmantibus</strong></span> <span class='ocrx_word' id='word_1_143' title='bbox 1553 2077 1621 2141; x_wconf 86' lang='lat'><strong>*).</strong></span> <span class='ocrx_word' id='word_1_144' title='bbox 1690 2077 1790 2126; x_wconf 90' lang='lat' dir='ltr'><strong>Iam</strong></span> <span class='ocrx_word' id='word_1_145' title='bbox 1844 2079 2001 2125; x_wconf 90' lang='lat' dir='ltr'><strong>nomi-</strong></span> 
     </span>
     <span class='ocr_line' id='line_1_23' title="bbox 332 2157 2002 2223; baseline -0.001 -15"><span class='ocrx_word' id='word_1_146' title='bbox 332 2175 447 2208; x_wconf 90' lang='lat' dir='ltr'><strong>num</strong></span> <span class='ocrx_word' id='word_1_147' title='bbox 482 2158 861 2222; x_wconf 89' lang='lat' dir='ltr'><strong>discrepantiam</strong></span> <span class='ocrx_word' id='word_1_148' title='bbox 897 2159 1026 2221; x_wconf 86' lang='lat' dir='ltr'><strong>quod</strong></span> <span class='ocrx_word' id='word_1_149' title='bbox 1062 2159 1252 2217; x_wconf 90' lang='lat' dir='ltr'><strong>attinet,</strong></span> <span class='ocrx_word' id='word_1_150' title='bbox 1288 2174 1399 2206; x_wconf 91' lang='lat' dir='ltr'><strong>cum</strong></span> <span class='ocrx_word' id='word_1_151' title='bbox 1420 2157 1644 2206; x_wconf 90' lang='lat' dir='ltr'><strong>Ovidium</strong></span> <span class='ocrx_word' id='word_1_152' title='bbox 1670 2173 1779 2206; x_wconf 91' lang='lat' dir='ltr'><strong>cum</strong></span> <span class='ocrx_word' id='word_1_153' title='bbox 1807 2157 2002 2223; x_wconf 78' lang='lat' dir='ltr'><strong>Hygino</strong></span> 
     </span>
     <span class='ocr_line' id='line_1_24' title="bbox 332 2235 2004 2303; baseline -0.001 -15"><span class='ocrx_word' id='word_1_154' title='bbox 332 2239 612 2303; x_wconf 88' lang='lat' dir='ltr'><strong>conspirare</strong></span> <span class='ocrx_word' id='word_1_155' title='bbox 645 2238 835 2286; x_wconf 88' lang='lat' dir='ltr'><strong>videam</strong></span> <span class='ocrx_word' id='word_1_156' title='bbox 870 2237 1098 2297; x_wconf 86' lang='lat' dir='ltr'><strong>(Heroid.</strong></span> <span class='ocrx_word' id='word_1_157' title='bbox 1127 2237 1258 2297; x_wconf 85' lang='lat' dir='ltr'><strong>XIII,</strong></span> <span class='ocrx_word' id='word_1_158' title='bbox 1282 2235 1408 2303; x_wconf 79' lang='lat'><strong>25.)‚</strong></span> <span class='ocrx_word' id='word_1_159' title='bbox 1445 2236 1633 2285; x_wconf 86' lang='lat' dir='ltr'><strong>facilius</strong></span> <span class='ocrx_word' id='word_1_160' title='bbox 1667 2238 1913 2298; x_wconf 87' lang='lat' dir='ltr'><strong>adducor,</strong></span> <span class='ocrx_word' id='word_1_161' title='bbox 1949 2242 2004 2286; x_wconf 89' lang='lat' dir='ltr'><strong>ut</strong></span> 
     </span>
     <span class='ocr_line' id='line_1_25' title="bbox 329 2317 2001 2380; baseline -0.001 -13"><span class='ocrx_word' id='word_1_162' title='bbox 329 2317 494 2367; x_wconf 85' lang='lat' dir='ltr'><strong>Photii</strong></span> <span class='ocrx_word' id='word_1_163' title='bbox 529 2319 662 2368; x_wconf 88' lang='lat' dir='ltr'><strong>libris</strong></span> <span class='ocrx_word' id='word_1_164' title='bbox 697 2319 865 2366; x_wconf 86' lang='lat' dir='ltr'><strong>vitium</strong></span> <span class='ocrx_word' id='word_1_165' title='bbox 900 2318 1087 2379; x_wconf 85' lang='lat' dir='ltr'><strong>inesse,</strong></span> <span class='ocrx_word' id='word_1_166' title='bbox 1142 2333 1285 2380; x_wconf 89' lang='lat' dir='ltr'><strong>quam</strong></span> <span class='ocrx_word' id='word_1_167' title='bbox 1335 2323 1392 2365; x_wconf 89' lang='lat' dir='ltr'><strong>ut</strong></span> <span class='ocrx_word' id='word_1_168' title='bbox 1434 2332 1610 2365; x_wconf 91' lang='lat' dir='ltr'><strong>nomen</strong></span> <span class='ocrx_word' id='word_1_169' title='bbox 1644 2317 1872 2366; x_wconf 89' lang='lat' dir='ltr'><strong>usitatius</strong></span> <span class='ocrx_word' id='word_1_170' title='bbox 1904 2332 2001 2366; x_wconf 91' lang='lat' dir='ltr'><strong>nou</strong></span> 
     </span>
     <span class='ocr_line' id='line_1_26' title="bbox 330 2395 2001 2463; baseline -0.002 -15"><span class='ocrx_word' id='word_1_171' title='bbox 330 2399 579 2463; x_wconf 87' lang='lat' dir='ltr'><strong>Euripidis</strong></span> <span class='ocrx_word' id='word_1_172' title='bbox 626 2398 914 2446; x_wconf 89' lang='lat' dir='ltr'><strong>auctoritate</strong></span> <span class='ocrx_word' id='word_1_173' title='bbox 961 2398 1053 2446; x_wconf 88' lang='lat' dir='ltr'><strong>niti</strong></span> <span class='ocrx_word' id='word_1_174' title='bbox 1111 2397 1309 2445; x_wconf 88' lang='lat' dir='ltr'><strong>credam</strong></span> <span class='ocrx_word' id='word_1_175' title='bbox 1337 2395 1440 2462; x_wconf 69' lang='lat'><strong>*&#39;‘).</strong></span> <span class='ocrx_word' id='word_1_176' title='bbox 1525 2397 1791 2446; x_wconf 87' lang='lat' dir='ltr'><strong>Praeterea</strong></span> <span class='ocrx_word' id='word_1_177' title='bbox 1833 2397 2001 2446; x_wconf 88' lang='lat' dir='ltr'><strong>Acasti</strong></span> 
     </span>
     <span class='ocr_line' id='line_1_27' title="bbox 328 2475 1998 2537; baseline -0.002 -8"><span class='ocrx_word' id='word_1_178' title='bbox 328 2494 507 2529; x_wconf 89' lang='lat' dir='ltr'><strong>nomen</strong></span> <span class='ocrx_word' id='word_1_179' title='bbox 538 2478 588 2526; x_wconf 92' lang='lat' dir='ltr'><strong>in</strong></span> <span class='ocrx_word' id='word_1_180' title='bbox 622 2477 959 2526; x_wconf 88' lang='lat' dir='ltr'><strong>Phthiotarum</strong></span> <span class='ocrx_word' id='word_1_181' title='bbox 995 2476 1171 2525; x_wconf 77' lang='lat' dir='ltr'><strong>fabulis</strong></span> <span class='ocrx_word' id='word_1_182' title='bbox 1207 2477 1642 2526; x_wconf 86' lang='lat' dir='ltr'><strong>celebratissimum</strong></span> <span class='ocrx_word' id='word_1_183' title='bbox 1690 2476 1808 2537; x_wconf 80' lang='lat' dir='ltr'><strong>fuit3</strong></span> <span class='ocrx_word' id='word_1_184' title='bbox 1857 2475 1998 2525; x_wconf 86' lang='lat' dir='ltr'><strong>Alca—</strong></span> 
     </span>
     <span class='ocr_line' id='line_1_28' title="bbox 328 2555 1998 2620; baseline -0.004 -11"><span class='ocrx_word' id='word_1_185' title='bbox 328 2559 435 2609; x_wconf 89' lang='lat' dir='ltr'><strong>thoi</strong></span> <span class='ocrx_word' id='word_1_186' title='bbox 469 2559 518 2606; x_wconf 91' lang='lat' dir='ltr'><strong>in</strong></span> <span class='ocrx_word' id='word_1_187' title='bbox 554 2559 661 2607; x_wconf 90' lang='lat' dir='ltr'><strong>eius</strong></span> <span class='ocrx_word' id='word_1_188' title='bbox 708 2558 917 2606; x_wconf 87' lang='lat' dir='ltr'><strong>civitatis</strong></span> <span class='ocrx_word' id='word_1_189' title='bbox 965 2557 1330 2620; x_wconf 89' lang='lat' dir='ltr'><strong>antiquitatibus</strong></span> <span class='ocrx_word' id='word_1_190' title='bbox 1381 2559 1593 2618; x_wconf 85' lang='lat' dir='ltr'><strong>mentio,</strong></span> <span class='ocrx_word' id='word_1_191' title='bbox 1643 2555 1775 2620; x_wconf 88' lang='lat' dir='ltr'><strong>quod</strong></span> <span class='ocrx_word' id='word_1_192' title='bbox 1827 2555 1998 2617; x_wconf 90' lang='lat' dir='ltr'><strong>sciam,</strong></span> 
     </span>
     <span class='ocr_line' id='line_1_29' title="bbox 328 2635 1996 2703; baseline -0.004 -14"><span class='ocrx_word' id='word_1_193' title='bbox 328 2639 458 2689; x_wconf 88' lang='lat' dir='ltr'><strong>nulla</strong></span> <span class='ocrx_word' id='word_1_194' title='bbox 482 2638 554 2687; x_wconf 84' lang='lat' dir='ltr'><strong>fit.</strong></span> <span class='ocrx_word' id='word_1_195' title='bbox 591 2636 852 2703; x_wconf 89' lang='lat' dir='ltr'><strong>Temporis</strong></span> <span class='ocrx_word' id='word_1_196' title='bbox 877 2643 1038 2685; x_wconf 90' lang='lat' dir='ltr'><strong>autem</strong></span> <span class='ocrx_word' id='word_1_197' title='bbox 1067 2637 1279 2700; x_wconf 88' lang='lat' dir='ltr'><strong>spatium</strong></span> <span class='ocrx_word' id='word_1_198' title='bbox 1311 2637 1379 2696; x_wconf 88' lang='lat' dir='ltr'><strong>id,</strong></span> <span class='ocrx_word' id='word_1_199' title='bbox 1413 2638 1542 2701; x_wconf 90' lang='lat' dir='ltr'><strong>quod</strong></span> <span class='ocrx_word' id='word_1_200' title='bbox 1566 2638 1732 2702; x_wconf 89' lang='lat' dir='ltr'><strong>posuit</strong></span> <span class='ocrx_word' id='word_1_201' title='bbox 1757 2635 1996 2703; x_wconf 84' lang='lat' dir='ltr'><strong>Hyginus,</strong></span> 
     </span>
     <span class='ocr_line' id='line_1_30' title="bbox 326 2715 1995 2781; baseline -0.004 -12"><span class='ocrx_word' id='word_1_202' title='bbox 326 2719 521 2778; x_wconf 87' lang='lat' dir='ltr'><strong>melius,</strong></span> <span class='ocrx_word' id='word_1_203' title='bbox 555 2735 699 2781; x_wconf 85' lang='lat' dir='ltr'><strong>quam</strong></span> <span class='ocrx_word' id='word_1_204' title='bbox 734 2718 974 2777; x_wconf 89' lang='lat' dir='ltr'><strong>alterum,</strong></span> <span class='ocrx_word' id='word_1_205' title='bbox 1028 2717 1234 2765; x_wconf 87' lang='lat' dir='ltr'><strong>dramati</strong></span> <span class='ocrx_word' id='word_1_206' title='bbox 1269 2718 1530 2766; x_wconf 83' lang='lat' dir='ltr'><strong>convenire</strong></span> <span class='ocrx_word' id='word_1_207' title='bbox 1563 2716 1711 2765; x_wconf 86' lang='lat' dir='ltr'><strong>facile</strong></span> <span class='ocrx_word' id='word_1_208' title='bbox 1745 2723 1820 2763; x_wconf 92' lang='lat' dir='ltr'><strong>est</strong></span> <span class='ocrx_word' id='word_1_209' title='bbox 1851 2715 1995 2766; x_wconf 89' lang='lat' dir='ltr'><strong>intel-</strong></span> 
     </span>
     <span class='ocr_line' id='line_1_31' title="bbox 326 2794 1994 2861; baseline -0.004 -13"><span class='ocrx_word' id='word_1_210' title='bbox 326 2800 480 2848; x_wconf 91' lang='lat' dir='ltr'><strong>lectu.</strong></span> <span class='ocrx_word' id='word_1_211' title='bbox 546 2798 776 2857; x_wconf 85' lang='lat' dir='ltr'><strong>Accedit,</strong></span> <span class='ocrx_word' id='word_1_212' title='bbox 827 2797 957 2861; x_wconf 85' lang='lat' dir='ltr'><strong>quod</strong></span> <span class='ocrx_word' id='word_1_213' title='bbox 1001 2796 1140 2860; x_wconf 86' lang='lat' dir='ltr'><strong>origo</strong></span> <span class='ocrx_word' id='word_1_214' title='bbox 1187 2797 1367 2845; x_wconf 87' lang='lat' dir='ltr'><strong>erroris</strong></span> <span class='ocrx_word' id='word_1_215' title='bbox 1413 2813 1473 2844; x_wconf 86' lang='lat' dir='ltr'><strong>ex</strong></span> <span class='ocrx_word' id='word_1_216' title='bbox 1518 2796 1639 2860; x_wconf 90' lang='lat' dir='ltr'><strong>ipsis</strong></span> <span class='ocrx_word' id='word_1_217' title='bbox 1685 2795 1813 2842; x_wconf 90' lang='lat' dir='ltr'><strong>illius</strong></span> <span class='ocrx_word' id='word_1_218' title='bbox 1849 2794 1994 2842; x_wconf 88' lang='lat' dir='ltr'><strong>scho-</strong></span> 
     </span>
     <span class='ocr_line' id='line_1_32' title="bbox 325 2864 1995 2941; baseline -0.003 -14"><span class='ocrx_word' id='word_1_219' title='bbox 325 2879 518 2938; x_wconf 88' lang='lat' dir='ltr'><strong>liastae,</strong></span> <span class='ocrx_word' id='word_1_220' title='bbox 552 2893 697 2941; x_wconf 91' lang='lat' dir='ltr'><strong>quem</strong></span> <span class='ocrx_word' id='word_1_221' title='bbox 734 2878 962 2938; x_wconf 87' lang='lat' dir='ltr'><strong>diximus,</strong></span> <span class='ocrx_word' id='word_1_222' title='bbox 995 2876 1160 2925; x_wconf 80' lang='lat' dir='ltr'><strong>verbis</strong></span> <span class='ocrx_word' id='word_1_223' title='bbox 1203 2875 1391 2934; x_wconf 87' lang='lat' dir='ltr'><strong>elucet,</strong></span> <span class='ocrx_word' id='word_1_224' title='bbox 1443 2890 1571 2937; x_wconf 88' lang='lat' dir='ltr'><strong>quae</strong></span> <span class='ocrx_word' id='word_1_225' title='bbox 1603 2874 1727 2925; x_wconf 81' lang='lat' dir='ltr'><strong>haec</strong></span> <span class='ocrx_word' id='word_1_226' title='bbox 1762 2878 1903 2922; x_wconf 89' lang='lat' dir='ltr'><strong>sunt:</strong></span> <span class='ocrx_word' id='word_1_227' title='bbox 1930 2864 1995 2922; x_wconf 87' lang='lat'><strong>‘0</strong></span> 
     </span>
    </p>
   </div>
   <div class='ocr_carea' id='block_1_6' title="bbox 327 2949 1994 3036">
    <p class='ocr_par' dir='ltr' id='par_1_6' title="bbox 327 2949 1994 3036">
     <span class='ocr_line' id='line_1_33' title="bbox 327 2949 1994 3036; baseline -0.003 -28"><span class='ocrx_word' id='word_1_228' title='bbox 327 2955 907 3036; x_wconf 46' lang='lat' dir='ltr'><strong>I-Igojfeqifflocoq—dpoma</strong></span> <span class='ocrx_word' id='word_1_229' title='bbox 940 2952 1228 3021; x_wconf 77' lang='grc' dir='ltr'><em>γέγραπται</em></span> <span class='ocrx_word' id='word_1_230' title='bbox 1249 2958 1322 3020; x_wconf 81' lang='grc' dir='ltr'><strong>τῷ</strong></span> <span class='ocrx_word' id='word_1_231' title='bbox 1347 2951 1628 3020; x_wconf 82' lang='grc' dir='ltr'><em>Εὐριπίδῃ.</em></span> <span class='ocrx_word' id='word_1_232' title='bbox 1674 2951 1894 3019; x_wconf 80' lang='grc' dir='ltr'><em>Λέγεται</em></span> <span class='ocrx_word' id='word_1_233' title='bbox 1920 2949 1994 3016; x_wconf 79' lang='grc' dir='ltr'><strong>δὲ,</strong></span> 
     </span>
    </p>
   </div>
   <div class='ocr_carea' id='block_1_7' title="bbox 370 3055 1990 3465">
    <p class='ocr_par' dir='ltr' id='par_1_7' title="bbox 370 3055 1990 3465">
     <span class='ocr_line' id='line_1_34' title="bbox 391 3055 1019 3111; baseline -0.01 -8"><span class='ocrx_word' id='word_1_234' title='bbox 391 3058 437 3111; x_wconf 72' lang='lat'><strong>⁴¹)</strong></span> <span class='ocrx_word' id='word_1_235' title='bbox 468 3059 580 3102; x_wconf 84' lang='lat' dir='ltr'><strong>Stat.</strong></span> <span class='ocrx_word' id='word_1_236' title='bbox 610 3057 720 3100; x_wconf 82' lang='lat' dir='ltr'><strong>Silv.</strong></span> <span class='ocrx_word' id='word_1_237' title='bbox 751 3058 811 3108; x_wconf 80' lang='grc' dir='ltr'><strong>ΙΙ,</strong></span> <span class='ocrx_word' id='word_1_238' title='bbox 838 3056 881 3109; x_wconf 77' lang='grc'><strong>7,</strong></span> <span class='ocrx_word' id='word_1_239' title='bbox 908 3055 1019 3098; x_wconf 83' lang='lat'>120:</span> 
     </span>
     <span class='ocr_line' id='line_1_35' title="bbox 578 3125 1414 3182; baseline -0.001 -15"><span class='ocrx_word' id='word_1_240' title='bbox 578 3129 728 3182; x_wconf 79' lang='lat' dir='ltr'><strong>Unum,</strong></span> <span class='ocrx_word' id='word_1_241' title='bbox 759 3141 926 3182; x_wconf 79' lang='lat' dir='ltr'><strong>quaeso,</strong></span> <span class='ocrx_word' id='word_1_242' title='bbox 957 3126 1067 3168; x_wconf 85' lang='lat' dir='ltr'><strong>diem</strong></span> <span class='ocrx_word' id='word_1_243' title='bbox 1096 3126 1196 3168; x_wconf 86' lang='lat' dir='ltr'><strong>deos</strong></span> <span class='ocrx_word' id='word_1_244' title='bbox 1221 3125 1414 3168; x_wconf 85' lang='lat' dir='ltr'><strong>silentum</strong></span> 
     </span>
     <span class='ocr_line' id='line_1_36' title="bbox 574 3196 1329 3251; baseline -0.003 -13"><span class='ocrx_word' id='word_1_245' title='bbox 574 3197 755 3238; x_wconf 77' lang='lat' dir='ltr'><strong>Exores.-</strong></span> <span class='ocrx_word' id='word_1_246' title='bbox 785 3198 892 3239; x_wconf 87' lang='lat' dir='ltr'><strong>solet</strong></span> <span class='ocrx_word' id='word_1_247' title='bbox 919 3197 998 3238; x_wconf 85' lang='lat' dir='ltr'><strong>hoc</strong></span> <span class='ocrx_word' id='word_1_248' title='bbox 1021 3202 1174 3251; x_wconf 82' lang='lat' dir='ltr'><strong>patere</strong></span> <span class='ocrx_word' id='word_1_249' title='bbox 1203 3196 1329 3237; x_wconf 84' lang='lat' dir='ltr'><strong>limen</strong></span> 
     </span>
     <span class='ocr_line' id='line_1_37' title="bbox 570 3265 1325 3321; baseline -0.003 -13"><span class='ocrx_word' id='word_1_250' title='bbox 570 3267 636 3308; x_wconf 82' lang='lat' dir='ltr'><strong>Ad</strong></span> <span class='ocrx_word' id='word_1_251' title='bbox 664 3272 822 3321; x_wconf 78' lang='lat' dir='ltr'><strong>nuptas</strong></span> <span class='ocrx_word' id='word_1_252' title='bbox 845 3267 1116 3308; x_wconf 83' lang='lat' dir='ltr'><strong>redeuntibus</strong></span> <span class='ocrx_word' id='word_1_253' title='bbox 1143 3265 1325 3307; x_wconf 78' lang='lat' dir='ltr'><strong>maritis.</strong></span> 
     </span>
     <span class='ocr_line' id='line_1_38' title="bbox 460 3331 1484 3385; baseline -0.007 -5"><span class='ocrx_word' id='word_1_254' title='bbox 460 3337 646 3380; x_wconf 80' lang='lat' dir='ltr'><strong>Lucian.</strong></span> <span class='ocrx_word' id='word_1_255' title='bbox 674 3337 728 3377; x_wconf 87' lang='lat' dir='ltr'><strong>D.</strong></span> <span class='ocrx_word' id='word_1_256' title='bbox 759 3336 823 3378; x_wconf 89' lang='lat' dir='ltr'><strong>M.</strong></span> <span class='ocrx_word' id='word_1_257' title='bbox 853 3335 924 3378; x_wconf 85' lang='lat'><strong>23.</strong></span> <span class='ocrx_word' id='word_1_258' title='bbox 981 3336 1159 3379; x_wconf 81' lang='lat' dir='ltr'><strong>Tzetzis</strong></span> <span class='ocrx_word' id='word_1_259' title='bbox 1185 3334 1300 3378; x_wconf 83' lang='lat' dir='ltr'><strong>chil.</strong></span> <span class='ocrx_word' id='word_1_260' title='bbox 1329 3333 1386 3385; x_wconf 87' lang='lat'><strong>11,</strong></span> <span class='ocrx_word' id='word_1_261' title='bbox 1415 3331 1484 3374; x_wconf 74' lang='lat'><strong>52.</strong></span> 
     </span>
     <span class='ocr_line' id='line_1_39' title="bbox 370 3400 1990 3465; baseline -0.004 -14"><span class='ocrx_word' id='word_1_262' title='bbox 370 3409 435 3465; x_wconf 85' lang='lat'><strong>**)</strong></span> <span class='ocrx_word' id='word_1_263' title='bbox 463 3407 625 3451; x_wconf 83' lang='lat' dir='ltr'><strong>Matris</strong></span> <span class='ocrx_word' id='word_1_264' title='bbox 653 3419 813 3448; x_wconf 87' lang='lat' dir='ltr'><strong>nomen</strong></span> <span class='ocrx_word' id='word_1_265' title='bbox 841 3420 972 3451; x_wconf 85' lang='lat' dir='ltr'><strong>nemo</strong></span> <span class='ocrx_word' id='word_1_266' title='bbox 1000 3406 1208 3464; x_wconf 84' lang='lat' dir='ltr'><strong>protulit,</strong></span> <span class='ocrx_word' id='word_1_267' title='bbox 1238 3403 1410 3449; x_wconf 83' lang='lat' dir='ltr'><strong>scilicet</strong></span> <span class='ocrx_word' id='word_1_268' title='bbox 1436 3415 1523 3447; x_wconf 87' lang='lat' dir='ltr'><strong>non</strong></span> <span class='ocrx_word' id='word_1_269' title='bbox 1553 3402 1792 3458; x_wconf 85' lang='lat' dir='ltr'><strong>productae</strong></span> <span class='ocrx_word' id='word_1_270' title='bbox 1817 3400 1863 3445; x_wconf 87' lang='lat' dir='ltr'><strong>in</strong></span> <span class='ocrx_word' id='word_1_271' title='bbox 1894 3414 1990 3445; x_wconf 82' lang='lat' dir='ltr'><strong>sce—</strong></span> 
     </span>
    </p>
   </div>
   <div class='ocr_carea' id='block_1_8' title="bbox 467 3476 843 3534">
    <p class='ocr_par' dir='ltr' id='par_1_8' title="bbox 467 3476 843 3534">
     <span class='ocr_line' id='line_1_40' title="bbox 467 3476 843 3534; baseline -0.005 -13"><span class='ocrx_word' id='word_1_272' title='bbox 467 3491 570 3524; x_wconf 84' lang='lat' dir='ltr'><strong>nam</strong></span> <span class='ocrx_word' id='word_1_273' title='bbox 601 3491 629 3522; x_wconf 85' lang='lat' dir='ltr'><strong>a</strong></span> <span class='ocrx_word' id='word_1_274' title='bbox 656 3476 843 3534; x_wconf 84' lang='lat' dir='ltr'><strong>tragico.</strong></span> 
     </span>
    </p>
   </div>
  </div>
 </body>
</html>
