2144 3854
1161 282 1243 338 66

368 450 425 484 se
458 433 678 490 arietem,
711 443 857 492 quem
891 427 1161 492 pretiosum
1196 426 1328 476 domi
1361 426 1521 488 alant,
1557 427 1779 477 laniando
1826 444 2039 494 coquen-

367 513 529 575 doque
580 510 628 557 in
673 523 846 570 agnum
910 522 1022 556 esse
1054 511 1362 558 mutaturam.
1447 503 1523 556 Ad
1571 523 1695 571 quae
1739 509 2040 572 perficienda

369 591 534 639 statim
570 603 679 637 cum
714 586 879 636 Peliae
912 587 1106 636 filiabus
1142 587 1192 634 in
1227 589 1423 636 domum
1460 603 1515 635 se
1549 586 1760 635 confert.

502 667 736 716 Secutum
771 671 847 715 est
868 671 1089 730 quartum
1114 666 1252 715 chori
1275 683 1468 715 carmen
1495 666 1563 730 *)‚
1600 682 1696 730 quo
1723 666 1860 715 finito
1887 667 2039 732 prod-

365 750 420 797 iit
458 748 654 797 nuntius
674 781 688 803 ‚
725 747 807 810 qui
843 747 906 794 de
939 762 995 794 re
1028 750 1164 809 gesta
1196 752 1481 808 exponeret.
1542 747 1682 795 Hauc
1713 747 2039 796 narrationem

365 827 534 877 Moses
568 826 774 890 respicit
805 826 944 874 hisce
969 826 1159 874 verbis:
1196 826 1324 886 „His
1351 827 1493 875 dictis
1516 827 1677 891 pergit
1702 841 1849 889 porro
1874 827 2040 891 singil-

365 908 500 956 latim
533 921 758 964 narrare,
806 921 899 968 qua
941 906 1124 954 ratione
1170 922 1250 953 res
1303 911 1491 969 patrata
1540 906 1717 954 fuerit:
1764 921 1941 970 nempe
1987 909 2040 954 ut

364 986 548 1036 Medea
592 986 825 1034 laniatum
871 985 1077 1033 arietem
1121 985 1169 1033 in
1216 985 1426 1034 lebetem
1473 986 1735 1033 coniecerit
1781 985 2040 1050 ignemque

366 1066 659 1124 subdiderit,
692 1069 875 1128 utque,
922 1064 1146 1112 fervente
1193 1080 1301 1112 cum
1348 1065 1561 1113 motibus
1597 1065 1783 1124 lebete,
1834 1065 2039 1113 viventis

365 1146 530 1194 arietis
566 1144 783 1209 speciem
829 1143 1118 1201 ostenderit,
1155 1160 1313 1208 eoque
1347 1145 1494 1192 modo
1527 1144 1682 1192 illusis
1716 1143 1909 1192 filiabus
1942 1143 2039 1191 Pe-

365 1226 480 1274 liam
514 1224 790 1273 laniandum
824 1223 1066 1272 curaverit
1089 1220 1183 1286 **).
1252 1224 1498 1287 Eratque,
1531 1223 1715 1287 inquit,
1762 1223 1813 1272 in
1847 1222 2040 1272 lebete:

366 1311 420 1355 et
450 1310 704 1369 praeterea
737 1303 859 1351 nihil
893 1301 1075 1352 addit.’'
1143 1303 1400 1351 Prodierat
1433 1305 1584 1365 igitur
1614 1303 1836 1361 nuntius,
1871 1302 2039 1350 simul-

367 1390 512 1450 atque
545 1384 763 1432 membra
797 1381 929 1430 senis
963 1382 1014 1429 in
1049 1380 1261 1430 lebetem
1298 1383 1518 1431 coniecta
1553 1386 1892 1446 conspexerat.
1935 1382 2042 1430 Eo-

368 1466 480 1514 dem
515 1462 750 1526 temporis
784 1465 1030 1509 momento
1067 1462 1212 1509 etiam
1245 1461 1372 1510 filias
1407 1461 1575 1510 Peliae
1610 1478 1637 1509 a
1670 1461 1832 1509 lebete
1867 1475 2039 1509 avoca-

367 1549 445 1592 tas
481 1547 533 1590 et
565 1542 614 1590 in
647 1541 926 1604 superiores
960 1539 1155 1587 aedium
1189 1545 1355 1604 partes
1392 1556 1500 1588 cum
1534 1540 1723 1588 facibus
1758 1539 2041 1588 ardentibus
2110 1571 2115 1575 -

368 1621 637 1671 escendere
669 1635 696 1667 a
729 1618 911 1667 Medea
958 1619 1115 1666 iussas
1162 1634 1300 1680 esse,
1349 1618 1535 1667 Lunam
1579 1620 1676 1667 rite
1720 1619 1769 1668 in
1814 1618 2042 1667 auxilium

368 1701 635 1751 vocandam
670 1714 782 1748 esse
816 1697 1091 1756 simulante,
1125 1697 1278 1745 tradit
1310 1697 1570 1746 Diodorus.
1637 1697 1740 1746 Has
1774 1697 1924 1761 igitur
1952 1697 2042 1746 sub

367 1782 531 1847 ipsum
565 1779 711 1827 finem
747 1778 1035 1826 narrationis
1069 1777 1223 1824 nuntii
1256 1782 1373 1840 puto
1407 1778 1455 1826 in
1490 1778 1638 1826 tectis
1688 1778 1879 1826 aedium
1931 1791 2043 1824 cum

371 1859 563 1909 facibus
595 1858 897 1922 apparuisse,
934 1858 1060 1904 duce
1094 1856 1289 1915 Medea,
1325 1873 1465 1920 quae,
1503 1857 1724 1906 obscuris
1754 1856 2043 1920 quibusdam

371 1944 514 1989 utens
549 1942 695 2000 atque
729 1935 964 1998 ambiguis
999 1935 1375 1998 precationibus,
1412 1936 1665 1984 victoriam
1700 1935 1870 1984 amicis
1904 1939 2040 1999 opta-

371 2023 451 2068 ret
501 2015 864 2081 perniciemque
897 2014 1137 2062 hostibus.
1206 2014 1346 2075 Quod
1396 2015 1629 2064 Colchico
1679 2030 1907 2064 sermone
1959 2031 2043 2063 eas

370 2112 545 2163 preces
579 2095 733 2143 factas
768 2109 879 2143 esse
913 2098 1079 2142 monet
1111 2093 1382 2154 Diodorus,
1431 2096 1501 2143 sic
1545 2095 1914 2158 intelligendum
1949 2098 2042 2155 est,

375 2193 482 2226 eam
514 2175 600 2223 illo
635 2174 830 2238 quidem
864 2189 1089 2222 sermone
1123 2189 1178 2222 se
1210 2175 1282 2222 uti
1315 2175 1526 2238 dixisse,
1571 2175 1659 2224 sed
1695 2190 1872 2239 graece
1906 2174 2042 2223 locu-

371 2259 474 2304 tam
507 2269 619 2303 esse
638 2250 757 2320 ***).
827 2253 1056 2301 Ceterum
1093 2269 1176 2301 eas
1209 2255 1516 2317 precationes
1551 2256 1672 2303 satis
1697 2254 1862 2316 longas
1887 2254 2045 2302 fuisse

374 2335 443 2383 ait
474 2334 743 2383 Diodorus:
778 2348 962 2381 moram
997 2333 1127 2380 enim
1162 2333 1390 2381 'Medeam
1425 2334 1664 2394 intulisse,
1698 2334 1855 2382 donec
1885 2333 2041 2396 Argo-

374 2418 542 2463 nautas
575 2413 824 2461 venientes
867 2413 1187 2476 prospiceret.
1272 2413 1461 2461 Horum
1507 2414 1765 2461 adventum
1807 2413 1966 2477 primo
2014 2427 2043 2460 a

373 2494 568 2553 Medea,
603 2493 883 2558 priusquam
917 2491 980 2539 de
1013 2497 1144 2540 tecto
1180 2493 1520 2550 descenderet,
1555 2493 1765 2541 obscure
1801 2491 2041 2556 significa-

374 2578 498 2635 tum,
533 2573 713 2621 deinde
746 2571 896 2619 etiam
930 2587 958 2618 a
992 2572 1142 2619 choro
1176 2572 1475 2637 descriptum
1514 2588 1626 2620 esse
1653 2571 1877 2620 arbitror.
1915 2569 2041 2620 Stri-

376 2654 467 2702 ctis
502 2652 628 2700 enim
674 2650 845 2714 gladiis
879 2651 929 2698 in
963 2651 1147 2714 regiam
1180 2642 1428 2700 irruerunt
1476 2652 1742 2714 obviosque
1775 2649 2041 2699 interfece-

372 2736 502 2784 runt.
570 2731 751 2793 Quinto
774 2731 923 2794 igitur
950 2731 1161 2778 carmine
1181 2747 1407 2795 pavorem
1431 2731 1897 2795 trepidationemque
1921 2728 2039 2777 cho-

373 2826 459 2861 rus
492 2809 799 2876 significavit.
866 2808 1056 2859 Prodiit
1089 2810 1264 2871 deinde
1291 2811 1527 2870 Alcestis,
1559 2810 1765 2858 horrore
1797 2808 2041 2877 perculsa,

445 2988 484 3043 *)
512 2988 582 3030 Ex
612 2989 702 3029 hoc
732 2988 928 3031 carmine
958 2990 1235 3044 depromtum
1277 3002 1371 3031 esse
1408 2991 1550 3043 potest
1585 2988 1856 3031 vocabulum
1891 2982 2040 3046 ὅβρια,

515 3071 600 3112 quo
645 3059 919 3112 quorundam
967 3059 1228 3102 animalium
1270 3060 1418 3114 proles
1470 3057 1808 3115 significabatur
1855 3057 2040 3114 (fragm.

511 3127 662 3182 vm).

421 3212 492 3268 **)
519 3211 787 3254 Alcestidem
813 3213 958 3254 solam
986 3226 1073 3255 non
1101 3212 1355 3255 sustinuisse
1383 3213 1500 3268 patri
1536 3225 1717 3256 manum
1755 3211 1930 3273 afferre,
1971 3209 2041 3253 af-

516 3281 667 3324 firmat
703 3282 944 3335 Diodorus,
990 3283 1255 3327 contrarium
1292 3284 1491 3327 tradente
1525 3284 1723 3341 Hygino.
1780 3283 1880 3325 Hoc
1913 3280 2040 3323 illum

517 3352 572 3394 de
600 3365 679 3393 suo
707 3352 926 3395 addidisse
956 3354 1167 3409 suspicor.

408 3435 486 3490 ”’)
514 3435 583 3478 Cf.
609 3435 757 3491 Iphig.
788 3436 924 3480 Taur.
954 3436 1050 3479 180.
