2176 3874
1146 235 1268 321 53⁰

358 414 624 477 studioque
659 412 783 460 adeo
817 410 955 458 coeci
1003 408 1319 468 ferebantur,
1370 415 1427 459 ut
1466 411 1724 460 irrisorum
1768 417 1920 477 atque
1965 429 2047 464 ca-

360 493 724 550 lumniatorum,
763 507 905 554 quam
944 505 1211 552 aequorum
1249 490 1484 552 iudicum,
1519 507 1726 540 munere
1759 491 1899 558 fungi
1923 494 2066 544 mal-r

359 574 487 632 lent,
539 571 673 620 velut
718 569 1028 634 Schlegelius
1077 574 1127 617 et
1174 569 1516 632 Hermannus,
1587 587 1799 635 quorum
1846 573 1958 634 hic,
1993 579 2050 624 ut

358 652 646 701 criminandi
681 653 871 715 copiam
906 651 1307 710 nancisceretur,
1344 651 1491 699 etiam
1527 652 1720 700 nescire
1755 669 1810 702 se
1843 653 2044 703 simula·-

358 733 430 781 vit
462 748 588 796 quae
620 731 697 780 vel
735 732 946 779 maxime
993 731 1139 780 novit.
1228 731 1355 780 Nam
1392 748 1542 795 quum
1589 733 1803 796 tragicos
1853 737 2048 782 constet

359 811 741 875 stichomythiae
799 812 1069 861 servandae
1111 826 1286 859 caussa
1346 827 1496 875 saepe
1541 812 1702 860 minus
1751 813 2046 862 necessariis

342 894 430 952 =uti
464 891 955 954 interpellationibus,
995 892 1071 940 bis
1106 891 1155 939 in
1190 892 1285 939 hac
1319 893 1574 954 tragoedia
1610 891 1696 955 (ad
1730 907 1775 941 v.
1813 893 1959 944 1229.
1993 898 2047 942 et

359 971 495 1035 760.)
516 972 744 1036 Euripidi
765 973 883 1021 vitio
904 973 1057 1021 vertit
1086 987 1162 1027 ea,
1191 987 1315 1034 quae
1347 986 1407 1019 ex
1438 972 1571 1019 illius
1589 972 1712 1036 legis
1736 972 2050 1021 observantia

357 1053 639 1111 necessario
665 1053 893 1118 profecta
922 1059 1051 1100 sunt.
1102 1051 1167 1099 Et
1193 1051 1370 1099 vellem
1389 1051 1510 1098 mihi
1538 1052 1682 1100 huius
1707 1051 1802 1100 viri
1827 1068 2047 1100 errorem

357 1134 578 1182 refutare
601 1133 934 1197 supersedere
961 1132 1151 1181 liceret.
1205 1131 1350 1193 Quod
1379 1132 1607 1195 quoniam
1634 1132 1798 1195 operis
1823 1132 2050 1197 suscepti

357 1215 482 1262 ratio
517 1217 676 1271 vetat,
721 1218 859 1260 certe
895 1228 1037 1275 quam
1073 1211 1183 1259 fieri
1221 1217 1389 1275 potest
1422 1211 1714 1275 parcissime
1747 1211 1928 1261 faciam
1960 1211 2048 1272 ita,

357 1302 411 1344 ut
446 1294 612 1342 fontes
647 1293 857 1340 maxime
893 1307 1117 1340 errorum
1153 1306 1380 1352 arguam,
1416 1291 1605 1354 reliqua
1639 1291 1882 1342 omittam.

490 1373 622 1422 Duas
660 1372 943 1437 tragoedias
987 1387 1078 1436 pro
1124 1386 1217 1419 una
1251 1370 1479 1433 Euripidi
1514 1370 1879 1434 componendas
1913 1369 2041 1419 fuis-

359 1471 415 1504 se
447 1455 630 1502 iudicat
662 1453 750 1513 sic,
778 1459 832 1500 ut
871 1450 1154 1515 principalis
1184 1465 1396 1514 persona
1432 1450 1482 1498 in
1510 1450 1666 1498 altera
1697 1448 1965 1514 Polyxena,
1997 1451 2047 1500 in

357 1536 512 1583 altera
531 1533 813 1596 Polydorus
849 1538 999 1582 esset.
1050 1530 1181 1578 Tum
1213 1528 1483 1576 curandum
1515 1529 1688 1589 fuisse,
1714 1533 1769 1576 ut
1792 1534 2049 1577 metuere-

357 1631 466 1663 mus
496 1610 828 1676 I'olymestori
853 1614 905 1657 et
929 1610 1091 1673 puniri
1119 1625 1231 1656 eum
1260 1609 1537 1667 misereret,
1572 1608 1721 1671 idque
1752 1614 2051 1658 consecutu-

356 1711 468 1743 rum
506 1693 663 1741 fuisse
696 1689 1018 1754 Euripidem,
1069 1689 1111 1736 si
1162 1704 1276 1737 eum
1322 1688 1532 1736 fecisset
1575 1693 1860 1752 perpetrata
1895 1688 2052 1736 caede

357 1772 689 1823 conscientiae
726 1769 939 1818 stimulis
976 1769 1213 1830 agitatum
1251 1784 1459 1832 poenam
1497 1769 1556 1817 ab
1599 1767 1799 1816 oraculo
1829 1767 1907 1817 vel
1938 1773 2052 1817 vate

355 1854 520 1917 aliquo
557 1850 879 1917 significatam
899 1850 1103 1907 timere3
1139 1855 1402 1913 postquam
1438 1855 1603 1896 autem
1630 1849 1905 1913 puniretur,
1940 1849 2051 1898 iure

355 1950 414 1984 ac
449 1934 627 1982 merito
661 1947 716 1980 se
750 1930 895 1994 perdi
930 1929 1268 1988 confitentem,
1304 1928 1382 1977 vel
1416 1928 1540 1976 virili
1565 1929 1726 1977 animo
1754 1928 1890 1977 ferre
1925 1943 2052 1992 quae

356 2013 749 2070 commeruisset,
783 2009 862 2058 vel
898 2009 1225 2057 succumbere
1259 2007 1402 2056 malis
1426 2008 1778 2072 desperatione
1813 2025 1890 2068 ea,
1925 2023 2052 2072 quae

355 2095 615 2142 horrorem
648 2092 895 2139 incuteret
928 2088 1308 2151 spectatoribus.
1377 2087 1595 2152 Egregie
1636 2103 1755 2136 sane
1787 2089 1905 2136 talia
1939 2092 2052 2136 tra-

355 2174 475 2221 ditis
511 2173 631 2220 artis
681 2169 961 2234 praeceptis
1016 2167 1405 2230 responderent:
1453 2167 1503 2214 in
1548 2166 1707 2214 altero
1755 2166 1887 2215 enim
1935 2165 2050 2214 dra-

355 2258 489 2300 mate
535 2251 688 2298 homo
733 2250 919 2312 probus
968 2247 1147 2294 iniuria
1187 2247 1444 2307 laborans,
1493 2245 1545 2293 iu
1590 2246 1747 2293 altero
1792 2233 2050 2309 improbus

354 2333 485 2380 iuste
519 2329 720 2395 punitus
757 2332 825 2386 et,
860 2327 993 2389 quod
1027 2332 1108 2375 est
1135 2327 1496 2390 gravissimum,
1532 2325 1836 2389 poenitentia
1863 2324 2052 2374 fractus

356 2411 725 2459 miserationem
774 2412 1031 2455 moverent
1079 2407 1221 2455 valde
1266 2406 1553 2469 legitimam.
1635 2405 1871 2467 Accedit,
1919 2400 2053 2468 quod

358 2496 566 2554 utraque
603 2503 814 2551 persona
848 2486 1136 2550 principalis
1170 2494 1386 2535 mortem
1422 2485 1760 2546 occumberet,
1795 2483 1927 2548 quod
1958 2482 2055 2533 nisi

355 2571 468 2631 fiat,
519 2569 703 2617 nullam
748 2582 845 2615 non
892 2566 1198 2630 tragoediam
1241 2567 1471 2614 vitiosam
1507 2581 1621 2614 esse
1655 2565 1880 2613 credunt.
1949 2562 2052 2612 Re-

354 2648 740 2713 prehendendus
787 2646 939 2709 igitur
999 2651 1079 2694 est
1137 2645 1524 2711 Nibelungorum
1583 2644 1812 2693 carminis
1861 2647 2053 2705 auctor,

354 2730 439 2793 qui
475 2727 868 2777 Chriemhildem
895 2725 1106 2787 effinxit,
1135 2726 1342 2774 alteram
1370 2725 1647 2786 Hecubam,
1670 2740 1731 2773 ex
1751 2724 2052 2790 probissima

355 2825 508 2857 uxore
541 2810 590 2857 in
611 2807 813 2855 Furiam
849 2806 1023 2854 dolore
1056 2811 1207 2870 atque
1238 2805 1488 2854 iracundia
1523 2810 1788 2864 mutatam3
1819 2804 1970 2863 idem,
2007 2803 2052 2851 si

354 2888 695 2937 Hermannum
741 2886 911 2934 audire
957 2888 1232 2951 potuisset,
1280 2886 1559 2949 Hagenium
1602 2885 1880 2933 induxisset
1912 2888 2052 2934 metu

354 2966 686 3031 impendentis
745 2981 936 3030 poenae
1003 2965 1369 3022 exanimatum,
1435 2965 1766 3014 conscientiae
1835 2963 2051 3013 stimulis

353 3052 610 3107 vexatum,
658 3045 834 3109 culpae
870 3045 1184 3094 confessione
1218 3046 1408 3093 veniam
1445 3060 1535 3107 per
1570 3045 1858 3092 sacerdotes
1894 3057 2047 3106 quae-

353 3132 570 3186 rentem;
605 3124 959 3188 vituperandus
995 3125 1360 3188 Schaxperius‚
1397 3125 1480 3187 qui
1529 3121 1870 3170 Machetbium
1914 3121 2048 3170 nulla

353 3206 656 3272 poenitentia
690 3204 1027 3253 excruciatum
1062 3192 1228 3269 perii‘e
1260 3204 1386 3252 fecit
1421 3208 1473 3252 et
1503 3203 1698 3250 omnino
1728 3200 2065 3262 foedissimas,

351 3301 436 3335 res
480 3284 899 3348 repraesentavit3
947 3271 1210 3333 damnandi
1252 3298 1452 3343 omnes,
1500 3281 1582 3344 qui
1627 3295 1725 3329 non
1770 3284 1959 3328 met'um
1993 3284 2047 3329 et

351 3364 761 3414 misericordiam·
781 3381 840 3413 ea
871 3364 1091 3426 ratione,
1127 3380 1223 3428 qua
1257 3364 1422 3412 volunt
1454 3362 1568 3420 isti,
1603 3375 1803 3409 movere
1838 3358 2045 3409 studue-

352 3449 481 3495 runt.
583 3443 883 3494 Huiusmodi
967 3449 1134 3492 autem
1204 3446 1580 3507 praeceptorum
1662 3438 2053 3496 admiratoribus,

349 3524 536 3577 haecce
588 3524 905 3588 argutissime
949 3521 1207 3586 respondit
1254 3521 1535 3572 Molierius:
1593 3518 1768 3583 „Vous
1814 3522 1921 3569 etes
1975 3518 2040 3569 de
