2144 3854
894 245 971 302 21

152 425 160 432 ·
225 394 375 460 Apud
419 393 659 444 Troianos
704 391 855 457 igitur
909 390 1095 454 reliqua
1142 407 1258 456 pars
1310 391 1541 442 dramatis
1592 392 1770 458 agitur,

92 489 256 540 neque
303 474 397 523 alia
442 474 629 523 ratione
670 470 863 537 gravius
911 470 1196 533 magnitudo
1237 471 1470 522 victoriae
1504 471 1567 522 ob
1601 472 1771 521 oculos

93 554 211 620 poni
251 554 438 619 potuit,
485 568 628 616 quam
673 551 888 600 hostium
933 549 1276 599 fortitudinem
1325 557 1377 600 et
1424 551 1773 602 confidentiam

93 635 146 684 in
180 639 376 700 turpem
402 638 613 696 stragem
640 630 904 680 deductam
931 629 1368 696 repraesentando.
1411 633 1584 698 Longe
1606 638 1772 683 autem

94 715 289 764 diversa
324 717 437 763 sunt
470 727 595 774 quae
626 711 757 776 apud
793 710 1031 759 Troianos
1066 711 1141 776 agi
1175 710 1399 760 videmus
1438 714 1498 762 ab
1531 714 1613 775 iis,
1648 728 1773 777 quae

93 811 122 844 a
155 793 363 843 Graecis
397 795 506 840 acta
542 807 654 839 esse
692 807 753 839 ex
785 791 977 856 prologi
1011 791 1304 854 quibusdam
1338 792 1561 858 vestigiis
1610 793 1771 858 suspi-

94 876 191 923 cati
220 888 403 923 sumus,
454 870 521 919 Et
554 872 765 935 primum
798 871 1058 919 insolentia
1091 870 1324 920 Hectoris
1360 872 1626 937 conspicua
1656 871 1772 922 red-

94 955 255 1015 ditur,
292 958 427 1016 'quae
475 965 571 1014 quo
617 952 769 1015 magis
818 950 1097 1013 elucescat,
1144 951 1354 1001 militum
1401 951 1683 1001 sollicitudo
1728 952 1774 1000 ei

94 1033 378 1100 opponitur.
448 1031 647 1081 Summa
682 1032 812 1081 enim
849 1048 959 1080 cum
993 1032 1322 1097 trepidatione
1369 1037 1418 1080 et
1451 1032 1628 1096 insigni
1663 1046 1773 1080 cum

94 1112 306 1164 tumultu
339 1112 507 1176 vigiles
535 1112 809 1161 Hectorem
843 1111 980 1161 humi
1014 1115 1273 1162 cubantem
1300 1113 1485 1162 adeunt
1508 1109 1578 1176 *),
1615 1127 1775 1176 eoque

91 1209 154 1242 ex
188 1207 358 1242 somno
394 1193 608 1241 excitato
652 1192 722 1242 nil
762 1209 860 1242 non
894 1208 1062 1241 rerum
1098 1194 1160 1242 ad
1193 1192 1384 1258 proelia
1419 1191 1776 1242 committenda

89 1272 499 1335 necessariarum,
535 1273 673 1337 quasi
707 1273 804 1321 iam
839 1273 1066 1323 hostibus
1102 1278 1261 1323 castra
1294 1273 1653 1335 invadentibuS,
1689 1287 1771 1321 ex·

50 1389 54 1393 -
89 1353 277 1419 templo
310 1354 476 1418 parari
512 1358 658 1417 atque
693 1352 915 1418 expediri
948 1353 1133 1403 iubent.
1187 1353 1364 1419 Neque
1398 1353 1532 1402 solus
1567 1353 1774 1414 Hector,

91 1433 180 1483 sed
214 1434 514 1498 reliquorum
550 1450 745 1497 quoque
781 1435 962 1483 ducum
997 1435 1307 1498 militumque
1358 1435 1486 1484 bona
1531 1449 1647 1499 pars
1680 1432 1775 1482 ho-

91 1530 202 1566 rum
224 1514 435 1578 strepitu
461 1531 490 1563 e
515 1530 686 1564 somno
713 1515 955 1564 excitatur
978 1513 1070 1579 (cf.
1097 1532 1140 1564 v.
1158 1518 1238 1563 19.
1269 1518 1348 1564 89.
1369 1519 1418 1563 et
1443 1512 1600 1577 139),
1626 1517 1777 1577 atque

92 1609 216 1642 unus
263 1593 443 1642 ducum
487 1595 654 1642 statim
701 1596 762 1642 ad
811 1595 1074 1659 strepitum
1122 1594 1350 1643 accurrit.
1420 1593 1531 1642 Hoc
1564 1609 1624 1642 eo
1659 1608 1776 1643 con-

94 1671 203 1721 silio
251 1672 396 1722 finxit
438 1673 735 1738 EuripideS‚
786 1679 841 1722 ut
887 1672 950 1721 de
985 1673 1240 1723 Diomedis
1274 1674 1574 1738 Ulyssisque
1617 1673 1775 1722 salute

93 1753 432 1804 vehementius
467 1753 774 1804 timeremus.
825 1753 973 1817 Apud
1003 1753 1224 1803 Graecos
1249 1755 1460 1818 pavebat
1487 1754 1775 1818 imperator,

93 1832 344 1896 tranquilli
395 1838 778 1897 constantesque
821 1838 961 1881 erant
994 1833 1170 1897 reliqui
1204 1834 1386 1894 duces,
1432 1832 1777 1894 unde'fiebat:‚

90 1917 145 1962 ut
178 1928 239 1961 ex
272 1912 402 1960 illius
435 1929 619 1977 pavore
656 1913 871 1960 omnium
919 1919 1208 1962 nasceretur
1254 1912 1437 1962 fiducia
1480 1917 1631 1977 atque
1674 1912 1776 1962 ala-

90 1992 256 2041 critas,
323 1993 470 2057 Apud
515 1991 760 2041 Troianos
807 1993 1030 2056 superbit
1073 1994 1369 2058 imperator,
1422 1993 1618 2042 solliciti
1662 1997 1778 2044 sunt

89 2073 300 2135 milites,
350 2089 511 2135 neque
542 2073 719 2121 horum
759 2072 1092 2122 sollicitudine
1127 2073 1261 2123 illius
1297 2075 1525 2139 superbia
1561 2078 1774 2122 sanatur.

92 2152 272 2203 Audito
305 2153 458 2217 igitur
490 2153 663 2202 nuntio
701 2152 923 2212 Hector,
974 2153 1091 2217 fuga
1137 2155 1351 2203 Achivos
1400 2171 1455 2202 se
1500 2153 1779 2204 subducere

91 2234 256 2283 conari
301 2248 394 2298 pro
431 2239 568 2282 certo
614 2238 762 2296 atque
812 2233 1066 2298 explorato
1117 2235 1338 2294 habenS‚
1403 2235 1569 2296 dolet,
1627 2235 1777 2298 quod,

92 2314 350 2379 quominus
398 2329 491 2377 per
534 2318 732 2362 noctem
776 2315 1019 2378 proelium
1056 2316 1363 2366 continuaret
1398 2320 1448 2364 et
1480 2315 1629 2364 rebus
1663 2320 1776 2365 ute-

92 2399 232 2443 retur
265 2394 514 2453 secundis,
549 2400 712 2442 vatum
744 2395 960 2442 consiliis
989 2396 1270 2460 prohibitus
1299 2397 1376 2448 sit.
1425 2396 1526 2444 Iam
1553 2395 1777 2445 funditus

94 2472 292 2522 delendi
340 2475 587 2520 exercitus
634 2473 816 2521 Graeci
864 2475 1283 2537 opportunitatem
1330 2491 1430 2525 non
1488 2477 1778 2537 omissurus,

94 2557 248 2600 totum
279 2552 441 2599 statim
468 2553 735 2599 exercitum
765 2569 792 2599 e
819 2569 990 2601 somno
1017 2555 1217 2603 excitari
1250 2556 1514 2620 vocarique
1553 2557 1616 2604 ad
1643 2571 1779 2605 arma

94 2631 250 2691 iubet,
286 2630 527 2688 Graecos,
562 2631 679 2679 dum
712 2647 862 2678 naves
902 2633 1246 2695 conscendant,
1280 2637 1460 2698 partim
1494 2635 1780 2684 interficere

94 2711 276 2777 partim
310 2725 490 2775 capere
526 2709 710 2758 volens.
780 2711 822 2758 A
858 2725 955 2773 quo
982 2704 1250 2760 temerario
1286 2719 1467 2763 conatu
1501 2730 1652 2777 quum
1685 2714 1777 2762 ho-

94 2791 297 2852 minem,
321 2790 610 2839 decertandi
634 2789 927 2840 fortitudine
951 2791 1115 2840 omnia
1127 2794 1332 2858 transigi
1349 2809 1500 2858 posse
1522 2797 1778 2859 putantem

97 2868 328 2936 (ἁπλοῦς
361 2866 441 2920 ἐπ’
477 2867 690 2937 ἐχθροῖς
723 2873 899 2937 μῦθος
933 2870 1160 2934 ὁπλίζειν
1193 2869 1372 2939 χέρα),
1424 2875 1561 2924 chori
1608 2877 1777 2924 aucto-

96 2953 218 3002 ritas
251 2957 464 3018 nequeat
499 2952 771 3014 deducere,
805 2954 1101 3018 tempestive
1134 2954 1429 3016 intervenit,
1462 2954 1674 3020 strepitu
1706 2954 1778 3003 vi—

97 3032 247 3098 gilum
282 3033 553 3092 excitatuS‚
597 3032 817 3094 AeneaS,
855 3034 939 3097 qui
973 3038 1023 3082 et
1055 3034 1439 3099 prudentissima
1472 3040 1525 3084 et
1558 3034 1779 3084 luculen-

100 3112 289 3162 tissima
335 3118 388 3162 et
436 3111 720 3176 gravissima
782 3114 1003 3163 oratione
1058 3116 1375 3165 temerarium
1438 3115 1665 3164 cohibeat
1726 3121 1780 3164 et

100 3191 254 3242 misso
301 3192 616 3258 speculatore
667 3194 872 3242 consilia
921 3193 1165 3255 hostium,
1216 3201 1476 3262 antequam
1523 3200 1779 3246 moveatur

102 3271 382 3333 exercitus,
417 3272 716 3338 exploranda
750 3290 863 3323 esse
898 3274 1091 3324 doceat.

166 3383 212 3440 ⁶)
241 3385 530 3451 Orchestram
557 3387 731 3443 pulpito
759 3401 846 3431 non
871 3388 1012 3430 multo
1039 3386 1299 3435 inferiorem
1325 3389 1465 3434 fuisse
1493 3401 1674 3432 necesse
1698 3393 1777 3434 est.

239 3453 366 3500 Idem
392 3455 440 3500 in
468 3458 724 3502 'Px-oedibus
752 3458 883 3516 inque
910 3458 1150 3517 Iphigenia
1178 3459 1404 3506 Aulidensi
1431 3459 1711 3517 intelligitur.
