2144 3854
981 261 1063 338 53

174 430 259 480 ubi
295 430 448 480 semel
483 429 663 479 choros
698 431 1080 495 impetrassent,
1127 447 1224 480 non
1259 431 1464 500 singulis
1499 431 1710 497 fabulis,
1756 450 1864 483 cer—

171 516 279 561 tare
314 512 486 561 solitos
521 527 635 560 esse
677 514 730 560 et
773 524 855 558 res
900 508 1048 558 docet
1102 516 1153 558 et
1197 512 1483 562 testimonia
1518 514 1867 579 grammatico-

169 610 282 643 rum
306 589 373 657 *).
438 591 588 642 Unde
619 591 848 641 Peliadas
882 590 994 639 κατ’
1032 584 1242 657 ἐξοχήν,
1289 592 1402 641 loco
1447 595 1603 644 totius
1638 594 1866 645 didasca-

171 673 283 735 liae,
334 675 524 740 positas
560 675 672 720 esse
708 677 930 736 apparet.
1002 672 1174 734 Qualis
1209 677 1372 721 autem
1409 674 1716 737 dramatum,
1740 692 1867 740 quae

169 770 265 803 una
301 754 582 812 ederentur,
617 753 743 801 ratio
786 752 939 800 fuerit
985 758 1037 802 et
1080 770 1246 801 rerum
1291 759 1586 819 respectus,
1632 772 1794 819 neque
1837 774 1867 806 a

167 836 420 885 veteribus
455 833 690 882 traditum
727 837 805 881 est
841 839 890 881 et
924 834 1066 883 nobis
1102 833 1314 882 difficile
1347 834 1618 885 intellectu.
1688 835 1866 900 Neque

167 917 298 966 enim
330 917 461 964 idem
497 930 668 963 omnes
702 918 882 980 poetae
915 915 1196 964 institutum
1233 930 1460 963 servasse
1495 916 1743 978 videntur,
1777 933 1865 966 ne·-

165 1013 263 1061 que
297 1002 480 1045 certam
525 996 674 1044 iidem
723 997 774 1044 in
808 995 1014 1060 singulis
1051 996 1406 1061 componendis
1453 995 1735 1045 didascaliis
1783 1013 1863 1045 ra-

163 1078 351 1127 tionem
388 1076 549 1125 secuti
604 1092 733 1127 esse.
799 1076 866 1125 Et
914 1077 1170 1140 Euripidis
1205 1076 1407 1140 quidem
1445 1092 1570 1139 quae
1604 1076 1865 1126 traduntur

162 1158 321 1206 fuisse
354 1156 647 1221 tetralogiae
680 1157 1018 1222 trilogiaeque,
1055 1158 1230 1206 harum
1266 1161 1353 1205 aut
1386 1157 1575 1205 nullum
1605 1160 1689 1204 aut
1714 1157 1865 1206 laxis-

162 1238 341 1286 simum
374 1237 532 1287 fuisse
564 1238 841 1298 vinculum,
883 1240 1081 1288 nomina
1115 1238 1226 1303 ipsa
1261 1239 1537 1286 dramatum
1572 1237 1859 1289 ostendunt.

162 1318 456 1370 Consociata
490 1320 619 1368 enim
653 1320 783 1368 iuter
819 1336 874 1369 se
908 1320 1111 1369 fuerunt
1144 1319 1362 1368 haecce:

293 1398 347 1468 1)
383 1400 611 1462 Cressae,
645 1401 915 1452 Alcmaeon
936 1402 987 1450 in
1013 1400 1282 1466 Psophide,
1317 1397 1592 1464 Telephus,
1628 1399 1861 1449 Alcestis.

289 1482 347 1542 2)
383 1481 584 1540 Medea,
620 1481 943 1545 PhilocteteS,
980 1482 1170 1546 DictyS,
1206 1481 1483 1530 Messores,

287 1562 343 1624 3)
380 1563 680 1621 Alexander,
716 1563 1029 1624 Palamedes,
1064 1561 1308 1622 Troades,
1345 1561 1605 1624 Sisyphus,

288 1641 346 1708 4)
379 1643 677 1707 Hypsipyle,
712 1643 1031 1705 Phoenissae,
1068 1644 1296 1707 Antiopa.

292 1722 345 1788 5)
382 1723 639 1788 Iphigenia
663 1724 713 1773 in
740 1724 934 1784 Aulide,
972 1723 1238 1772 Alcmaeon
1258 1724 1307 1771 in
1331 1722 1590 1784 Corintho,-
1615 1720 1859 1772 Bacchae.

294 1803 511 1866 Quarum
547 1804 924 1853 didascaliarum
957 1805 1103 1853 tertia
1138 1804 1338 1868 quidem
1375 1809 1425 1853 et
1460 1807 1632 1867 quarta
1665 1807 1863 1852 constat

157 1901 222 1935 ex
253 1885 314 1934 iis
349 1883 558 1946 fabulis,
594 1900 722 1947 quae
754 1899 922 1932 rerum
968 1885 1179 1946 quadam
1229 1883 1584 1930 communitate
1629 1882 1758 1930 inter
1805 1898 1862 1933 se

156 1965 427 2015 cohaerere
472 1964 722 2028 potuerint
783 1960 868 2030 (ad
915 1963 1102 2013 bellum
1158 1963 1289 2012 enim
1338 1962 1610 2011 Troianum
1656 1963 1859 2024 alterae,

154 2045 342 2095 alterae
377 2044 439 2092 ad
474 2059 555 2093 res
591 2044 941 2094 Thebanorum
976 2041 1268 2111 pertinent),
1304 2044 1613 2108 reliquarum
1635 2044 1862 2093 dramata

153 2127 291 2177 nullo
325 2127 457 2175 inter
480 2141 536 2175 se
568 2125 879 2175 continentur
906 2125 1103 2174 vinculo
1130 2141 1207 2187 eo,
1245 2124 1378 2189 quod
1407 2141 1493 2190 arg
1497 2125 1705 2173 umentis
1733 2124 1858 2190 ipsis

155 2208 323 2256 inesse
379 2206 619 2256 videatur.
713 2204 900 2255 Verum
963 2206 1161 2255 interno
1229 2206 1443 2272 quodam
1501 2206 1858 2256 sententiarum

154 2287 350 2337 vinculo
386 2287 588 2337 easdem
625 2286 880 2351 colligatas
915 2287 1101 2343 fuisse,
1150 2288 1284 2351 quod
1317 2288 1366 2335 in
1402 2288 1609 2336 consilio
1644 2288 1857 2353 scripto-

151 2370 222 2419 ris
258 2369 722 2435 deprehenderetur
757 2373 810 2416 et
843 2369 893 2417 in
929 2384 1094 2418 rerum
1129 2367 1439 2434 publicarum
1476 2373 1859 2433 temporumque

154 2457 419 2514 respectu,
471 2450 588 2513 quin
623 2450 771 2498 etiam
807 2450 858 2499 in
892 2451 1015 2516 ipsis
1050 2450 1328 2500 actionibus
1363 2465 1631 2513 rerumque
1666 2447 1856 2497 caussis

155 2529 529 2578 similitudinem
566 2529 807 2592 quandam
842 2531 1016 2592 fuisse,
1052 2548 1148 2595 qua
1181 2531 1276 2579 alia
1306 2531 1368 2579 ad
1386 2531 1502 2579 alias
1528 2529 1857 2594 respicerent,

154 2608 423 2659 ostendere
457 2610 652 2659 studuit
686 2608 889 2658 Schoell
921 2611 1092 2671 iniis,
1128 2628 1254 2676 quae
1288 2612 1352 2660 de
1388 2611 1666 2660 Atticorum
1702 2609 1856 2673 tragi-

157 2705 328 2738 corum
374 2689 647 2754 tetralogiis
692 2706 851 2754 nuper
897 2690 1146 2740 disseruit.
1215 2691 1361 2753 Quod
1397 2691 1619 2755 quamvis
1642 2690 1857 2738 minime

153 2770 329 2820 fictum
361 2786 643 2836 vanumque
679 2787 810 2831 esse,
844 2770 934 2820 sed
970 2770 1378 2820 luculentioribus
1413 2772 1559 2820 etiam
1580 2769 1856 2819 ‘documen-

151 2851 218 2901 tis
268 2851 554 2900 confirmari
599 2867 752 2916 posse
798 2851 1098 2917 intelligam,
1149 2857 1315 2901 tamen
1360 2851 1493 2901 aliud
1537 2866 1651 2900 esse
1711 2850 1854 2899 video

153 2947 424 2997 quaerere,
468 2932 586 2996 quid
634 2932 698 2982 de
733 2932 977 2981 industria
1012 2933 1228 2999 scriptor
1261 2937 1461 2982 secutus
1498 2933 1595 2992 sit,
1640 2935 1693 2980 et
1734 2923 1854 2994 quid

152 3018 333 3077 sponte
369 3018 419 3062 et
452 3013 735 3062 necessario
770 3018 940 3062 natum
976 3013 1073 3075 sit,
1130 3018 1278 3079 poeta
1309 3014 1387 3062 vel
1421 3014 1584 3062 minus
1620 3013 1855 3062 studente

150 3093 232 3142 vel
267 3094 411 3142 etiam
447 3094 634 3158 ignaro.
704 3094 838 3144 Ante
871 3095 1032 3143 omnia
1067 3095 1226 3155 enim,
1275 3094 1395 3159 quid
1428 3095 1550 3143 artis
1584 3094 1712 3143 ratio
1747 3093 1852 3141 ius-

151 3174 290 3233 serit,
325 3174 663 3238 quaerendum
699 3180 794 3224 est.
863 3175 1083 3224 Primum
1117 3179 1283 3224 autem
1318 3179 1500 3240 poetae
1549 3180 1628 3224 cst
1679 3189 1853 3239 perso-

151 3270 266 3305 nam
300 3270 450 3320 agere
483 3261 682 3320 poetae,
715 3272 813 3305 non
846 3242 1164 3321 philosophi,
1199 3273 1293 3306 nec
1324 3256 1536 3322 politici,
1571 3271 1663 3303 nec
1697 3255 1851 3302 histo-

154 3335 260 3385 rici.
330 3335 610 3385 Utilitatem
645 3337 900 3401 sequimur
945 3337 994 3385 in
1041 3336 1275 3402 parandis
1322 3335 1739 3399 instituendisque
1769 3334 1851 3395 iis,

209 3448 254 3505 *)
295 3449 407 3492 Vide
436 3462 553 3505 quae
582 3450 821 3495 Schoell
851 3450 906 3493 de
933 3449 1186 3508 tetralogiis
1212 3450 1492 3509 tragicorum
1528 3448 1776 3493 Atticorum
1808 3450 1853 3490 et

288 3520 557 3578 Droysen
585 3521 642 3565 de
668 3522 955 3579 Phrynicho,
983 3522 1207 3579 Aeschylo
1236 3535 1291 3566 ac
1317 3520 1503 3578 trilogia
1530 3517 1850 3565 disseruerunt.
