2144 3854
920 250 1041 319 167

128 397 264 447 tibus
295 396 542 456 haustam,
576 396 923 456 Philochorus,
959 401 1016 444 ut
1042 396 1252 456 videtur,
1288 395 1429 445 finxit
1448 398 1581 461 apud
1606 396 1824 447 Gellium

127 474 242 536 XV,
276 479 380 538 20„
415 478 555 527 cuius
587 476 742 526 verba
775 475 899 524 haec
933 479 1073 524 sunt:
1107 474 1390 537 „Mulieres
1427 475 1536 526 fere
1569 492 1741 527 omnes
1775 478 1826 528 iu

130 557 368 607 maiorem
403 557 606 606 modum
639 572 819 605 exosus
852 554 1014 603 fuisse
1047 554 1271 617 videtur,
1321 557 1425 607 sive
1469 558 1604 622 quod
1651 563 1827 608 natura

128 637 388 688 abhorruit
434 655 463 686 a
505 637 766 687 mulierum
817 639 966 684 coetu
1015 635 1120 684 sive
1169 636 1338 699 quod
1383 638 1544 687 duas
1590 654 1827 689 uxores

126 717 481 780 habuerat,
527 734 638 766 cum
685 715 736 764 id
789 716 995 765 decreto
1045 715 1105 764 ab
1141 715 1530 766 Atheniensibus
1579 718 1717 768 facto
1751 721 1828 770 ius

127 802 280 858 esset,
314 813 522 862 quarum
555 795 855 845 matrimonii
891 811 1003 844 eum
1036 796 1416 860 pertaedebat.''
1482 798 1829 850 Nobilissimas

128 893 283 942 saepe
339 894 399 926 ac
444 876 819 942 potentissimas
866 877 1045 926 domus
1091 875 1316 926 binarum
1365 894 1573 927 uxorum
1608 880 1826 930 aemula-

126 957 264 1007 tione
315 973 512 1007 eversas
561 972 676 1006 esse
725 956 992 1023 Euripides
1039 956 1266 1022 pluribus
1300 958 1482 1007 fabulis
1519 958 1826 1008 demonstra-

123 1038 221 1098 vit,
268 1054 475 1103 quarum
510 1037 852 1102 antiquissima
898 1037 1059 1086 fuisse
1102 1037 1189 1086 Ino
1233 1037 1454 1087 videtur:
1509 1039 1828 1103 quamobrem

125 1119 266 1168 illum
313 1117 626 1167 commisisse
671 1118 803 1182 quod
854 1119 1187 1184 perniciosum
1220 1134 1334 1168 esse
1368 1115 1561 1183 pridem
1596 1120 1705 1184 ipse
1738 1121 1830 1169 do-

123 1199 328 1260 cuisset,
362 1198 562 1247 minime
594 1199 862 1248 verisimile
896 1203 988 1249 est.
1057 1198 1293 1249 Ceterum
1327 1198 1378 1247 in
1411 1197 1703 1250 Philochori
1728 1198 1832 1263 (vel

123 1279 347 1344 quisquis
379 1278 467 1326 ille
500 1276 623 1339 fuit)
658 1283 940 1326 commento
974 1278 1071 1327 hoc
1117 1283 1196 1327 est
1240 1279 1389 1339 boni,
1438 1279 1571 1344 quod
1623 1281 1831 1330 crimine
1888 1304 1894 1307 ·

123 1358 356 1409 adulterii
386 1357 524 1423 prior
556 1356 814 1422 Euripidis
849 1374 974 1407 uxor
1005 1363 1175 1407 vacat:
1207 1358 1416 1408 aliorum
1453 1360 1583 1408 enim
1611 1376 1831 1424 quorun-

124 1440 240 1490 dam
274 1439 479 1488 testium
531 1437 726 1486 indiciis
762 1440 922 1503 stupri
954 1454 1051 1488 non
1085 1439 1247 1487 minus
1282 1439 1368 1487 illa
1402 1455 1548 1502 quam
1580 1441 1832 1504 posterior

123 1518 464 1578 insimulatur3
510 1517 579 1566 cf.
615 1517 728 1566 cod.
761 1517 1002 1568 Mediol.:
1049 1515 1261 1584 λέγουσι
1298 1515 1356 1569 δὲ
1390 1516 1557 1568 αὐτὸν
1588 1519 1832 1586 γήμαντα

124 1596 224 1665 τὴν
257 1596 612 1663 Μνησιλόχου
640 1596 916 1663 θυγατέρα
951 1597 1271 1663 Χοιρίλλαν,
1305 1598 1396 1650 καὶ
1428 1598 1700 1666 νοήσαντα
1732 1597 1833 1667 τὴν

126 1677 418 1730 ἀκολασίαν
466 1678 647 1746 αὐτῆς,
694 1679 899 1743 γράψαι
942 1679 1003 1731 τὸ
1048 1679 1227 1747 δρᾶμα
1270 1678 1367 1731 τὸν
1403 1673 1737 1742 Ἱππόλυτον,
1771 1679 1832 1733 ἐν

126 1749 171 1827 ᾧ
203 1757 304 1827 τὴν
336 1758 716 1825 ἀναισχυντίαν
747 1760 1062 1826 θριαμβεύει
1092 1762 1201 1813 τῶν
1230 1762 1533 1827 γυναικῶν,
1566 1761 1745 1814 ἔπειτα
1772 1761 1831 1814 δὲ

126 1812 551 1906 ἀποπέμπεσθαι.
620 1839 890 1906 Λέγοντος
939 1840 996 1893 δὲ
1037 1846 1137 1894 τοῦ
1184 1842 1456 1910 γήμαντος
1505 1841 1703 1910 αὐτὴν,
1751 1841 1832 1895 ὅτι

126 1925 404 1987 σωφρονεῖ
431 1923 558 1986 παρ’
595 1918 728 1985 ἐμοί,
766 1922 1029 1989 δύστηνος
1064 1918 1127 1986 εἴ,
1163 1923 1284 1989 ἓ’,φη
1322 1923 1366 1974 εἰ
1399 1926 1633 1989 γυναῖκα
1657 1924 1832 1985 δοκεῖς

121 2005 246 2071 παρ’
293 2003 336 2054 ὡ
384 2001 481 2067 μὲν
514 2002 613 2070 τὴν
647 2001 818 2070 αὐτὴν
852 2006 1176 2070 σωφρονεῖν
1210 2007 1334 2071 παρ’
1372 2004 1414 2072 ᾡ
1448 2002 1505 2056 δὲ
1538 2004 1626 2072 μή.
1685 1998 1830 2056 Ἐπι-

121 2088 291 2154 γῆμαι
322 2082 382 2136 δὲ
418 2082 584 2135 αὐτὸν
618 2082 891 2149 δευτέραν
925 2086 995 2152 ἢν
1021 2085 1193 2151 εὑρὼν
1221 2084 1664 2152 ἀκολαστοτέραν,
1699 2103 1831 2152 προ-

122 2164 431 2234 χειροτέρως
465 2165 538 2226 εἰς
571 2163 669 2232 τὴν
702 2166 835 2218 κατὰ
861 2168 971 2218 τῶν
994 2168 1272 2234 γυναικῶν
1294 2165 1643 2234 βλασφημίαν
1668 2165 1831 2233 ἐθρα-

123 2249 333 2301 σύνετο.
402 2248 583 2298 Suidas
612 2254 665 2298 et
688 2248 983 2316 Moschop.:
1021 2248 1368 2315 ἀπωσάμενος
1391 2248 1447 2301 δὲ
1463 2248 1683 2315 ταύτην,
1718 2248 1832 2316 ἔσχε

123 2328 214 2382 καὶ
247 2327 528 2396 δευτέραν,
579 2326 669 2380 καὶ
711 2328 908 2395 ταύτης
948 2329 1148 2396 ὁμοίως
1192 2330 1494 2383 ἀκολάστου
1541 2329 1834 2395 πειραθείς,

124 2409 453 2479 μεταναστὰς
497 2407 586 2460 ἀπ’
633 2412 881 2477 Ἀθηνῶν
926 2406 1059 2479 ἦλθε
1119 2412 1254 2477 πρὸς
1293 2406 1593 2479 Ἀρχέλαον.
1670 2413 1833 2462 Alteri

126 2495 269 2542 uxori
301 2508 479 2542 nomen
515 2491 759 2542 Μελιττώ
796 2493 917 2543 suit:
961 2501 1184 2545 ceterum
1233 2501 1402 2545 utrum
1450 2501 1564 2544 ante
1599 2493 1831 2543 Choeril-

126 2573 221 2622 lam
256 2589 318 2622 an
352 2578 469 2637 post
501 2573 635 2620 illam
669 2589 730 2621 an
774 2589 872 2622 una
916 2574 967 2622 in
1014 2576 1329 2624 matrimonio
1370 2572 1542 2624 habita
1591 2575 1685 2635 sit,
1733 2589 1831 2622 non

124 2659 325 2704 constat
349 2652 445 2719 *).·
492 2652 697 2702 Certum
731 2658 896 2702 autem
926 2646 1011 2702 vests
1043 2653 1095 2702 id
1130 2670 1311 2715 unum,
1345 2654 1628 2703 Choerillae
1660 2653 1831 2702 matri-

124 2734 292 2783 monio
325 2749 470 2782 usum
517 2749 633 2783 esse
681 2750 741 2782 eo
788 2738 1016 2798 tempore
1065 2734 1388 2800 Euripidem,
1437 2749 1537 2799 quo
1582 2732 1830 2782 Thesmo-

122 2815 450 2879 phoriazusas
487 2815 659 2864 docuit
691 2814 1072 2879 Aristophanes,
1106 2816 1158 2863 id
1191 2818 1272 2863 est
1308 2815 1387 2863 01.
1412 2817 1494 2873 92,
1509 2815 1556 2863 3.
1574 2815 1830 2864 anno4l4.

123 2894 273 2944 Unde
307 2897 474 2944 statim
521 2895 764 2944 mendacii
813 2898 1082 2960 arguuntur
1116 2896 1198 2959 qui
1231 2895 1361 2944 illius
1395 2894 1651 2943 libidinem
1687 2911 1831 2945 caus⁶

125 2991 231 3025 sam
277 2975 436 3024 fuisse
481 2976 744 3042 Hippolyti
792 2974 990 3024 fabulae
1035 2974 1330 3024 scribendae
1378 2975 1671 3024 retulerunt.
1752 2977 1830 3025 An

125 3055 366 3106 credibile
386 3062 466 3106 est
494 3074 622 3118 eam,
650 3071 777 3120 quae
808 3055 906 3104 iam
935 3055 1067 3105 circa
1079 3054 1157 3104 01.
1174 3058 1255 3106 87.
1274 3055 1437 3120 stupri
1466 3056 1689 3105 convicta
1703 3055 1829 3104 fuis—

127 3141 221 3198 set,
255 3141 499 3186 retentam
546 3137 598 3186 in
633 3136 950 3186 matrimonio
985 3151 1099 3186 esse
1131 3137 1195 3186 ad
1230 3135 1310 3184 01.
1332 3136 1457 3187 92.ss
1522 3136 1600 3185 An
1634 3136 1830 3185 Aristo-

126 3216 340 3282 phanem
391 3217 443 3265 in
504 3234 561 3266 ea
606 3217 892 3277 comoedia,
940 3233 1042 3282 qua·
1083 3216 1290 3266 summis
1336 3216 1591 3265 calumniis
1636 3221 1829 3281 patrem

202 3387 243 3439 ⁴)
273 3386 343 3428 cf.
373 3386 571 3429 Gellium
610 3388 641 3429 1.
672 3388 701 3429 l.
719 3418 732 3439 ‚
768 3384 996 3428 Thomam
1023 3385 1116 3439 M.,
1153 3384 1343 3430 Suidam
1380 3384 1666 3439 reliquosque
1708 3384 1830 3426 vitae

271 3455 520 3513 scriptores.
