2144 3854
949 243 1072 303 295
1116 295 1118 297 .

174 394 447 460 ptolemum
482 393 532 442 in
556 393 812 458 spelunca,
845 392 1101 456 fatigatum
1130 391 1321 458 navigio
1345 407 1631 457 somnoque,
1665 393 1844 442 iacere.

177 475 256 524 01»
290 491 419 540 quae
452 474 623 523 anxius
657 474 900 532 Acastus,
945 473 1224 536 opprimere
1270 488 1418 535 quam
1461 474 1848 523 inimicissimum

177 555 403 620 cupiens,
437 555 500 603 ad
533 553 815 619 speluncam
850 551 1039 618 pergit,
1074 557 1222 615 atque
1254 552 1304 600 in
1338 553 1446 617 ipso
1480 555 1618 602 aditu
1652 570 1680 602 a
1711 553 1847 602 The-

135 634 155 685 s
179 636 301 696 tide,
336 650 465 699 quae
497 634 559 682 ad
593 650 653 683 ea
685 633 793 682 loca
827 631 1108 695 inquisitum
1143 631 1292 680 Pelea
1324 639 1540 694 venerat,
1574 650 1629 683 re
1661 635 1852 700 cognita

179 714 520 781 reprimitur.''

309 794 546 844 Profecto
590 791 916 856 Neoptolemo
961 790 1102 839 chori
1136 806 1332 840 carmen
1366 792 1710 856 interpositum
1746 799 1851 853 est3

178 875 277 924 hoc
320 875 461 924 finito
513 876 774 930 Acastum,
836 871 1047 920 ducente
1092 869 1316 920 Mestore
1357 872 1443 920 illo
1498 875 1853 934 commentitio,

178 954 241 1004 ad
299 960 492 1003 antrum
552 952 746 1001 venisse
790 950 959 1015 ibique
1003 951 1070 1000 de
1114 952 1456 1001 interficiendo
1506 953 1855 1017 Neoptolemo,

179 1033 264 1099 qui
318 1033 449 1083 intus
512 1032 771 1096 quiescere
831 1031 1137 1095 fingebatur,
1216 1032 1418 1081 consilia
1469 1033 1626 1082 inisse
1682 1038 1856 1098 putan-

178 1115 298 1164 dum
333 1118 442 1174 est,
487 1112 585 1161 hoc
619 1117 798 1177 agente
844 1111 1198 1177 Neoptolemo,
1249 1117 1305 1160 ut
1348 1114 1622 1179 ingressum
1658 1115 1707 1163 in
1743 1130 1858 1178 spe-

177 1209 292 1244 cum
340 1209 371 1242 a
415 1198 559 1259 tergo
603 1193 806 1242 adortus
853 1192 1128 1242 occideret:
1174 1193 1304 1258 quod
1351 1210 1415 1242 ne
1458 1195 1634 1254 fieret,
1680 1193 1859 1242 Thetis

176 1274 344 1324 subito
377 1273 443 1323 de
477 1273 618 1322 coelo
653 1272 869 1322 demissa
902 1273 1215 1334 intercessit;
1260 1274 1434 1324 eadem
1481 1273 1732 1340 patefacta
1776 1290 1858 1323 re-

175 1370 288 1404 rum
321 1354 514 1403 ratione
549 1358 716 1402 cetera
750 1354 959 1418 peregit,
996 1354 1060 1402 de
1094 1354 1270 1418 quibus
1305 1355 1429 1402 haec
1461 1353 1635 1418 Dictys
1670 1369 1859 1404 memo-

176 1436 281 1486 riae
312 1433 547 1483 tradidit:
578 1433 741 1494 „Dein
775 1434 982 1493 cunctis,
1017 1450 1143 1497 quae
1166 1435 1428 1484 adversum
1459 1436 1661 1483 domum
1689 1434 1860 1483 Achil-

179 1515 241 1564 lis
292 1515 461 1578 inique
511 1518 564 1562 et
605 1513 867 1562 adversum
918 1512 996 1561 fas
1041 1519 1299 1577 gesserat,
1345 1515 1645 1563 enumeratis
1694 1514 1855 1563 incre-

179 1595 438 1661 patisque,
486 1593 549 1642 ad
593 1599 903 1657 postremum
951 1593 1228 1643 intercessu
1273 1610 1363 1642 suo
1415 1597 1635 1645 manibus
1670 1595 1860 1646 iuvenis

181 1676 384 1736 liberat,
428 1673 733 1738 persuadens
767 1673 960 1737 nepoti,
996 1679 1051 1723 ut
1085 1690 1146 1723 ne
1181 1675 1416 1738 sanguine
1450 1675 1654 1725 ulterius
1688 1675 1866 1725 ulcisci

182 1758 389 1820 cuperet
420 1770 510 1815 ea,
558 1769 685 1818 quae
730 1756 1114 1803 antecesserant.
1183 1755 1355 1819 ltaque
1400 1755 1642 1817 Acastus,
1686 1755 1773 1805 ubi
1808 1771 1864 1804 se

183 1840 382 1901 praeter
414 1849 554 1899 spem
591 1833 850 1881 liberatum
885 1834 1256 1896 animadvertit,
1292 1839 1469 1898 sponte
1503 1841 1556 1885 et
1584 1835 1719 1884 illico
1743 1851 1864 1883 cuu-

183 1922 261 1964 cta
308 1913 445 1976 regni
490 1912 817 1977 Neoptolemo
863 1913 1026 1985 tradit.
1107 1914 1225 1962 inde
1276 1915 1466 1963 iuvenis
1518 1932 1627 1964 cum
1673 1932 1761 1964 avo
1806 1931 1865 1964 ac

180 1993 400 2043 Thetide
434 1992 750 2056 reliquisque,
787 1992 870 2056 qui
906 2009 1075 2042 secum
1110 1995 1470 2057 navigaverant,
1507 2011 1744 2044 summam
1784 2011 1865 2044 re-

181 2075 267 2140 gni
303 2072 533 2138 adeptus,
569 2073 619 2120 in
654 2072 907 2121 civitatem
939 2074 1086 2122 venit.
1153 2073 1226 2122 Ibi
1261 2090 1289 2122 a
1323 2075 1513 2123 cunctis
1547 2075 1868 2139 popularibus

182 2155 366 2220 quique
398 2153 533 2208 iuxta
566 2152 894 2201 inhabitantes
940 2157 1032 2204 sub
1077 2155 1288 2219 imperio
1338 2155 1446 2204 eius
1494 2155 1730 2220 agebant,
1777 2155 1866 2203 be-

183 2236 329 2299 nigne
365 2239 417 2283 et
451 2249 563 2282 cum
600 2233 930 2298 gratulatione
955 2241 1211 2298 exceptus,
1246 2250 1464 2284 amorem
1492 2235 1569 2283 sui
1593 2235 1731 2283 brevi
1750 2250 1867 2284 con-

186 2312 404 2364 firmat.'‘
471 2312 677 2362 Peleum
727 2314 778 2360 in
820 2315 1075 2362 beatorum
1111 2314 1257 2363 sedes
1293 2330 1320 2361 a
1353 2313 1570 2363 Thetide
1605 2316 1869 2364 abductum

191 2410 306 2444 esse
357 2410 418 2441 ex
449 2393 537 2453 iis,
590 2409 717 2455 quae
751 2393 915 2441 statim
950 2394 1264 2458 expositurus
1299 2410 1437 2454 sum,
1490 2399 1641 2459 patet.

321 2473 400 2521 Ex
445 2472 523 2520 his
574 2473 847 2520 actionibus
899 2479 1148 2521 certorum
1182 2473 1574 2538 fragmentorum
1608 2475 1730 2523 nihil
1764 2492 1871 2525 ser-

190 2559 355 2603 vatum
391 2556 499 2612 est3
545 2568 607 2600 ex
641 2552 841 2601 incertis
889 2552 1131 2615 quaedam
1175 2554 1273 2602 huc
1315 2554 1516 2602 trahere
1548 2570 1646 2603 non
1680 2555 1872 2617 dubito,

191 2635 328 2684 velut
360 2650 406 2682 n.
443 2634 553 2681 102.
589 2630 798 2680 Manu:

320 2710 486 2777 νόμος
517 2709 613 2762 τὸν
645 2706 841 2777 ἐχθρὸν
874 2709 1025 2776 δρᾶν,
1060 2708 1201 2763 ὅπου
1234 2712 1417 2780 λάβῃς,
1450 2713 1643 2775 κακῶς,

190 2799 242 2845 et
275 2793 454 2859 fragm.
490 2793 606 2842 dub.
638 2808 687 2844 n.
723 2795 785 2842 4:

322 2871 641 2939 εἱμαρμένον
675 2871 734 2924 δὲ
765 2873 874 2923 τῶν
906 2871 1088 2924 κακῶν
1121 2872 1505 2938 βουλευμάτων

326 2953 495 3016 κακὰς
527 2952 756 3021 ἀμοιβάς
789 2951 897 3005 ἐστι
929 2956 1275 3019 καρποῦσθαι
1306 2955 1552 3021 βροτούς,

193 3043 246 3087 et
277 3036 456 3102 fragm.
493 3038 619 3090 105:

325 3116 495 3167 σῶσαι
526 3113 628 3182 γὰρ
662 3114 863 3167 ὁπόταν
894 3118 967 3180 τῷ
999 3116 1110 3186 θεῷ
1143 3114 1278 3182 δοκῇ
1310 3133 1449 3179 τινα,

324 3193 525 3262 πολλὴν
561 3195 744 3248 δίδωσι
776 3195 1050 3260 πρόφασιν
1084 3195 1158 3256 εἰς
1191 3196 1472 3263 σωτηρίαν,

196 3278 408 3344 denique
441 3278 617 3343 fragm.
649 3280 744 3328 inc.
782 3280 913 3334 106..
947 3278 1006 3326 ab
1043 3279 1217 3326 eodem
1254 3279 1498 3345 scriptore
1531 3282 1813 3326 servatum:

327 3357 699 3423 σπουδάζομεν
732 3356 790 3410 δὲ
824 3357 971 3409 πόλλ’
1005 3355 1097 3407 ὑπ’
1131 3354 1360 3409 ἐλπίδων
1393 3356 1582 3423 μάτην,

327 3437 531 3500 πόνους
565 3436 787 3506 ἔχοντες,
823 3437 983 3491 οὐδὲν
1018 3437 1209 3499 εἰδότες
1243 3438 1496 3506 (βροτοί).
