2144 3854
920 261 1043 321 299

145 413 318 468 έκαιεν
348 410 384 481 ἡ
418 410 548 476 δόξα
579 411 674 480 τῆς
706 403 1034 476 Ἡρακλέους
1066 407 1254 477 άρετῆς
1283 406 1376 461 καὶ
1419 409 1664 461 πλεῖστον
1696 405 1823 462 ἐκεί-

145 513 250 548 νου
286 494 450 562 λόγον
483 488 584 561 εἶχε
616 490 707 544 καὶ
739 489 1152 557 προθυμότατος
1185 488 1451 556 ἀκροατὴς
1484 487 1682 556 ἐγίνετο
1714 492 1823 543 τῶν

147 573 519 644 διηγουμένων
566 572 799 636 ἐκεῖνον,
858 565 971 633 οἷος
1016 570 1113 638 εἴη,
1147 571 1372 632 μάλιστα
1417 569 1474 623 δὲ
1507 573 1615 623 τῶν
1660 571 1827 626 αὐτὸν

147 655 467 723 ἑωρακότων
514 653 603 708 καὶ
635 653 919 720 πράττοντι
952 649 1043 704 καὶ
1075 649 1283 718 λέγοντι
1315 654 1825 721 προςτετυχηκότων.

156 739 286 791 Τότε
331 736 390 789 δὲ
433 735 770 788 παντάπασιν
821 728 891 801 ἦν
948 731 1184 799 φανερὸς
1236 735 1607 796 πεπονθὼς
1662 734 1828 802 ὅπερ

147 817 434 883 ὕστερον
466 818 748 884 χρόνοις
779 816 1064 875 πολλοῖς
1099 816 1564 884 Θεμιστοκλῆς
1599 814 1829 882 ἔπαθε,

149 897 240 952 καὶ
271 894 443 960 εἶπεν,
489 898 563 960 ὡς
604 896 887 950 καθεύδειν
939 892 1105 947 αὐτὸν
1152 895 1252 947 οὐκ
1297 892 1400 962 ἐῴη
1433 897 1494 949 τὸ
1529 897 1832 950 [Μιλτιάδου

149 980 427 1047 τρόπαιον.
510 978 694 1040 Οὕτως
755 974 936 1044 ἐκείνῳ
995 980 1095 1029 τοῦ
1129 970 1460 1043 Ἡρακλέους
1502 978 1837 1045 θαυμάζοντι

150 1061 250 1130 τὴν
283 1058 475 1129 άρετὴν
505 1058 594 1112 καὶ
626 1059 839 1124 νύκτωρ
875 1061 1081 1126 ὄνειρος
1114 1053 1252 1126 ἦσαν
1287 1059 1345 1111 αῖ
1375 1060 1586 1125 πράξεις
1607 1058 1697 1112 καὶ
1714 1061 1835 1126 μεθ’

151 1140 355 1210 ἡμέραν
387 1140 568 1210 ἐξῆγεν
603 1139 768 1192 αὐτὸν
803 1139 833 1192 ὁ
869 1141 1021 1208 ζῆλος
1053 1131 1143 1191 καὶ
1176 1139 1454 1207 άνηρέθιζε
1482 1139 1648 1193 ταύτὰ
1672 1140 1840 1207 πράτ-

151 1240 262 1275 τειν
294 1223 703 1287 διανοούμενον.
770 1223 998 1272 Eundem
1032 1222 1324 1288 Euripidem
1353 1229 1609 1274 auctorem
1637 1228 1840 1274 secutus

152 1305 400 1356 Lucianus
434 1306 483 1354 in
518 1305 707 1370 Cynico
742 1303 996 1352 Theseum
1029 1301 1261 1351 Herculis
1295 1303 1590 1369 discipulum
1623 1303 1843 1370 appelia-

155 1387 255 1435 vit=
305 1383 336 1437 ό
371 1383 429 1437 δὲ
466 1384 685 1452 Θησεύς,
730 1382 761 1435 ὁ
806 1381 1059 1433 τούτου
1108 1376 1448 1450 μαθητής,
1493 1383 1560 1435 οὐ
1595 1376 1842 1451 βασιλεὺς

156 1463 254 1532 μὲν
311 1459 382 1533 ἦν
431 1459 765 1532 Ἀθηναίων,
819 1462 936 1524 υἱὸς
993 1462 1051 1514 δὲ
1098 1462 1469 1528 Ποσειδῶνος,
1529 1462 1601 1526 ὥς
1656 1477 1842 1532 φασιν,

158 1549 374 1612 ἄριστος
419 1546 478 1599 δὲ
522 1548 632 1598 τῶν
666 1548 793 1598 καθ’
830 1543 1021 1607 αὖτόν;
1067 1562 1196 1610 quae
1230 1562 1292 1595 ex
1340 1546 1473 1595 illius
1517 1547 1686 1596 fabula
1720 1548 1843 1596 hau-

162 1635 243 1679 sta
288 1645 401 1679 esse
451 1629 687 1678 dramatis
749 1628 990 1692 reliquiae
1044 1626 1327 1676 ostendunt.
1417 1627 1844 1689 Quemadmodum

164 1709 296 1759 enim
332 1709 574 1759 Hercules
610 1709 892 1773 Eurystheo
928 1707 1193 1767 servierat,
1238 1708 1312 1756 sic
1343 1705 1573 1757 Theseus
1607 1708 1659 1757 in
1690 1707 1848 1773 Aegei

164 1789 455 1839 servitutem
489 1805 546 1838 se
577 1788 712 1838 ultro
747 1789 947 1838 tradere
981 1794 1033 1837 et
1084 1788 1324 1852 quidquid
1356 1788 1441 1836 hic
1473 1788 1739 1836 iniunxerit
1777 1787 1846 1836 la-

165 1868 357 1929 borum,
392 1869 629 1934 quidquid
665 1869 801 1917 adire
835 1868 1038 1916 iusserit
1070 1868 1439 1933 periculorum,
1485 1868 1717 1918 lubenter
1748 1867 1849 1918 ala-

166 1949 416 2012 criterque
449 1948 617 1997 subire
651 1948 936 1996 constituit:

301 2026 500 2093 ἀνδρὸς
533 2026 579 2078 δ’
613 2025 703 2078 ὑπ’
740 2024 939 2078 ἐσθλοῦ
971 2024 1062 2078 καὶ
1092 2028 1476 2090 τυραννεῖσθαι
1505 2026 1686 2081 καλόν.

283 2180 406 2240 σὺν
435 2190 574 2240 τοῖσι
607 2187 803 2249 δεινοῖς
836 2187 1043 2251 αὔξεται
1077 2187 1226 2250 κλέος
1261 2189 1475 2255 βροτοῖς
1502 2188 1573 2254 *).

302 2297 367 2307 -
498 2298 566 2306 —-
694 2298 762 2307 —
893 2273 1184 2322 κατθανεῖν
1217 2270 1267 2322 δ’
1302 2268 1566 2336 ὀφείλεται

303 2347 394 2402 καὶ
425 2350 500 2420 τῷ
534 2351 648 2401 κατ’
685 2349 870 2411 οἴκους
901 2346 1048 2413 ἐκτὸς
1079 2350 1258 2420 ἦμένῳ
1291 2351 1490 2403 κακῶν.

173 2430 367 2481 Eodem
400 2432 568 2481 refero
599 2446 796 2494 venua,
830 2432 1006 2497 quibus
1040 2433 1288 2483 Lucianus
1321 2434 1371 2483 in
1404 2446 1607 2483 muscae
1634 2430 1858 2481 encomio

176 2527 295 2562 usus
331 2515 435 2560 est:

308 2589 489 2643 δεινόν
520 2607 579 2657 γε
610 2589 710 2658 τὴν
741 2589 838 2657 μὲν
872 2595 1039 2657 μυῖαν
1073 2591 1272 2660 άλκίμῳ
1308 2591 1488 2644 σθένει

299 2671 487 2738 ’πηδᾶν
520 2669 598 2723 ἐπ’
633 2671 849 2736 ἀνδρῶν
883 2673 1108 2739 σώμαθ’,
1143 2673 1215 2735 ὡς
1245 2676 1458 2740 πλησθῇ
1493 2671 1690 2737 φόνου,

307 2753 511 2819 ἄνδρας
544 2752 592 2804 δ’
628 2752 846 2815 ὁπλίτας
877 2754 1127 2822 πολέμιον
1157 2756 1375 2821 ταρβεῖν
1411 2753 1546 2817 δόρυ
1566 2753 1666 2820 **‘).

310 2836 594 2885 Admiratus
630 2837 827 2900 Aegeus
862 2838 988 2886 hanc
1023 2839 1352 2888 adolescentis
1388 2837 1656 2886 orationem
1677 2836 1866 2889 monet,

180 2931 244 2964 ne
288 2931 378 2980 spe
426 2917 586 2966 elatus
635 2923 688 2966 et
737 2918 911 2967 virium
947 2921 1127 2968 robore
1159 2919 1361 2968 nimium
1395 2917 1610 2966 confisus
1644 2914 1695 2961 in
1729 2913 1865 2977 peri-

183 2995 293 3044 cula
326 3003 516 3045 temere
549 3010 606 3045 ¹se
641 2999 951 3063 praecipitet.
1019 2999 1192 3049 Soiere
1226 3000 1357 3048 enim
1388 2998 1471 3063 qui
1497 2996 1612 3045 talia
1639 2992 1865 3058 cupidius

183 3081 439 3126 sectentur
479 3077 749 3141 perniciem
799 3085 848 3128 et
893 3084 1104 3128 mortem
1151 3086 1512 3145 praematuram
1564 3090 1656 3142 pro
1711 3073 1868 3139 gioria

185 3159 335 3219 utque
367 3158 591 3221 potentia
625 3158 844 3223 adipisci.
914 3160 1059 3221 Quod
1106 3161 1149 3209 si
1191 3162 1254 3210 ad
1288 3161 1389 3209 tale
1421 3160 1553 3208 vitae
1586 3170 1743 3219 genus
1778 3153 1867 3203 eli-

186 3235 400 3300 gendum
433 3236 538 3285 fato
574 3254 630 3286 se
663 3240 773 3302 cogi
807 3239 1097 3302 arbitretur,
1131 3241 1262 3306 quod
1297 3239 1616 3307 parentibuS,
1651 3235 1867 3295 civitate,

248 3400 298 3454 ²⁸)
324 3401 509 3458 Fragm.
541 3403 627 3446 inc.
657 3403 729 3447 46.

230 3470 296 3525 “)
324 3472 574 3517 Homerum
601 3475 779 3520 imitans
809 3477 924 3520 haec
953 3478 1115 3523 effatus
1143 3484 1209 3524 est
1230 3484 1386 3536 poeta3
1417 3478 1474 3523 cf.
1485 3479 1539 3522 11.
1556 3473 1869 3535 9,570—573.
