2144 3854
945 288 1071 347 3⁰7

161 455 280 491 suos
313 438 680 489 immolaturum
715 451 830 486 esse
862 441 1027 501 negat,
1060 451 1226 501 neque
1260 433 1336 484 fas
1371 434 1465 485 sibi
1512 450 1626 487 esse
1660 436 1850 489 alienos

161 521 345 570 liberos
378 520 440 568 ad
475 518 716 566 victimam
750 531 976 580 poscere.
1047 515 1383 578 Quamobrem
1419 532 1568 580 quum
1604 516 1667 567 ad
1701 519 1850 569 dissi-

161 601 301 651 dium
333 599 623 648 intestinum
658 612 741 646 res
775 600 948 661 aperte
982 603 1211 660 spectare
1257 596 1509 654 videatur,
1562 598 1725 663 ipsum
1774 598 1851 648 lo-

161 681 291 730 laum
328 680 575 744 dispicere
607 677 763 736 iubet,
797 676 1043 738 quomodo
1080 677 1188 725 sine
1221 677 1401 726 damno
1435 678 1649 728 civitatis
1679 684 1732 730 et
1754 679 1851 729 nihi

160 768 214 811 et
245 760 479 810 Herculis
505 757 676 807 liberis
712 755 950 804 consulat.
1019 754 1151 804 Tum
1174 755 1352 817 Iolaus,
1389 764 1597 822 repente
1628 774 1849 810 commu-

158 842 275 890 tatis
310 841 490 898 rebus,
537 855 564 886 a
612 838 782 885 littore
828 835 880 884 in
924 835 1074 884 altum
1127 841 1575 901 tempestatemque
1610 839 1847 904 reiectus,

158 937 310 986 quum
345 921 439 968 iam
475 923 669 983 portum
705 921 876 963 nactus
915 931 1028 965 esse
1064 916 1162 965 sibi
1197 917 1333 965 visus
1369 925 1521 975 esset,
1560 933 1655 967 non
1682 919 1848 982 habet,

155 1000 401 1066 quomodo
437 996 717 1047 Heraclidis
752 996 978 1045 consulat
1010 997 1089 1046 vel
1124 1012 1221 1062 quo
1251 1013 1306 1045 se
1329 1002 1603 1057 convertat,
1641 998 1849 1050 deorum

154 1080 412 1144 iniquitate
446 1092 731 1144 oppressus,
805 1076 958 1125 Suum
995 1078 1145 1143 igitur
1170 1082 1319 1142 caput
1344 1093 1436 1142 pro
1469 1077 1628 1127 salute
1655 1095 1848 1143 eorum,

154 1176 277 1225 quos
311 1164 527 1218 tutatur,
579 1157 764 1206 offerre
810 1157 1070 1207 constituit
1117 1174 1176 1206 ac
1225 1172 1282 1206 se
1330 1157 1561 1207 hostibus
1606 1159 1849 1210 tradendo

152 1255 326 1303 pacem
361 1238 539 1287 redimi
574 1238 727 1286 iubet.
798 1237 960 1303 Negat
1013 1236 1306 1304 Demophon
1352 1239 1487 1287 senis
1522 1244 1684 1289 morte
1735 1240 1850 1306 pla-

152 1319 255 1389 cari
287 1334 441 1384 posse
473 1317 844 1382 Eurystheum,
898 1319 1010 1383 qui,
1061 1333 1253 1367 memor
1298 1317 1619 1378 iniuriarum,
1670 1321 1847 1386 quibus

150 1398 424 1449 Herculem
457 1398 714 1459 affecerit,
760 1399 852 1447 nisi
888 1399 1094 1448 sublatis
1129 1397 1331 1463 liberie,
1380 1414 1590 1463 quorum
1625 1401 1690 1449 sit
1724 1401 1852 1451 ultio'

150 1479 199 1530 ei
242 1479 495 1538 timenda,
542 1494 787 1542 nunquam
838 1479 1100 1543 quieturus
1146 1479 1225 1528 sit.
1295 1478 1409 1528 Hoc
1460 1480 1703 1547 temporis
1737 1497 1848 1532 mo-

150 1565 318 1609 mento
353 1558 589 1621 Macaria,
626 1559 861 1609 Herculis
896 1559 1111 1608 filiarum
1145 1560 1354 1608 maxima
1389 1565 1528 1620 natu,
1563 1577 1624 1610 ex
1658 1561 1849 1627 templo

151 1639 320 1705 prodit
354 1640 696 1700 sciscitatura,
741 1641 789 1688 in
835 1656 1046 1704 quonam
1083 1639 1313 1689 fortunae
1348 1645 1481 1689 statu
1517 1642 1848 1692 cummaxime
1916 1627 1919 1632 ι

151 1736 264 1769 sors
299 1719 673 1769 Heraclidarum
709 1727 965 1780 versetur,
1011 1725 1063 1768 et
1097 1722 1297 1786 cognita
1332 1737 1536 1779 caussa,
1589 1737 1689 1770 non
1724 1738 1846 1773 cun-

148 1806 346 1850 ctanter
379 1815 436 1849 se
471 1815 562 1866 pro
599 1816 800 1849 suorum
835 1799 998 1848 salute
1037 1799 1383 1850 immolandam
1420 1802 1514 1850 diis
1548 1802 1719 1851 inferis
1768 1802 1845 1852 of-

150 1879 272 1942 fert,
307 1895 404 1944 quo
430 1880 480 1928 iu
507 1880 714 1929 consilio
749 1880 1005 1946 prodendo
1042 1880 1164 1930 dicit
1197 1898 1273 1943 ea,
1309 1898 1436 1946 quae
1470 1898 1713 1948 generosa
1745 1883 1846 1932 vir·

146 1961 292 2027 gine,
339 1975 402 2009 ex
436 1961 664 2010 Herculis
700 1960 890 2009 semine
932 1965 1075 2019 nata,
1130 1962 1422 2026 dignissima
1468 1969 1596 2012 sunt.
1663 1962 1848 2014 Probat

146 2039 407 2090 consilium
443 2040 631 2100 lolaus3
679 2057 741 2090 ne
788 2046 955 2089 tamen
1002 2042 1177 2090 mortis
1214 2049 1391 2091 auctor
1424 2043 1534 2108 ipse
1570 2043 1636 2092 sit
1668 2044 1847 2110 virgini

145 2128 404 2187 cognatae,
440 2120 622 2170 vitandi
657 2121 838 2187 piaculi
875 2137 1075 2182 caussa,
1112 2123 1237 2171 sorti
1272 2123 1411 2172 iubet
1441 2124 1686 2172 committi
1710 2125 1845 2173 arbi-

145 2201 296 2250 trium
331 2217 394 2251 ex
428 2201 624 2252 filiabus
663 2202 894 2251 Herculis
929 2202 1177 2251 victimam
1214 2203 1479 2268 deligendi.
1551 2204 1716 2270 Negat
1732 2203 1846 2253 Ma-

145 2282 279 2331 caria
318 2298 375 2331 se
420 2289 556 2331 sorte
589 2282 896 2347 designatam
940 2284 1232 2332 morituram
1270 2300 1399 2346 esse,
1444 2284 1533 2333 sed
1572 2291 1750 2351 sponte
1795 2290 1848 2334 et

142 2361 395 2412 lubentem
454 2379 546 2428 pro
606 2362 844 2411 fratribus
907 2365 1262 2427 sororibusque
1325 2365 1535 2413 animam
1588 2366 1847 2431 depositu-

143 2457 267 2492 ram.
333 2442 447 2491 Hoc
479 2458 628 2490 unum
665 2444 791 2507 petit
823 2444 882 2491 ab
917 2443 1049 2491 Iolao
1070 2479 1083 2499 ‚
1122 2450 1178 2493 ut
1214 2460 1395 2508 corpus
1432 2444 1700 2494 defunctae
1733 2446 1844 2509 ipse

145 2527 410 2586 componat
443 2538 570 2571 neve
603 2523 821 2571 virorum
857 2524 1082 2572 manibus
1119 2525 1252 2587 tangi
1284 2525 1516 2588 patiatur.
1585 2525 1698 2574 Hoc
1728 2541 1844 2590 pro-

144 2602 300 2652 misso
334 2610 559 2668 accepto,
597 2602 780 2651 fratres
817 2619 1116 2666 sororesque
1152 2605 1284 2651 senis
1310 2605 1499 2654 tutelae
1527 2605 1845 2670 disciplinae-

144 2699 243 2747 que
279 2684 597 2733 commendat
631 2689 685 2732 et
715 2683 882 2732 valere
917 2683 1057 2732 iubet
1089 2684 1201 2731 illos
1252 2683 1414 2732 fausta
1448 2691 1680 2749 precata,
1737 2690 1846 2733 tum

141 2763 416 2813 honoribus
453 2780 509 2812 se
543 2764 802 2830 perpetuis
839 2763 934 2812 coli
971 2763 1257 2812 defunctam
1292 2764 1449 2822 iubet,
1486 2765 1572 2830 qui
1609 2764 1709 2813 sint
1751 2778 1846 2829 pro

141 2844 263 2894 dote
312 2851 364 2894 et
410 2844 724 2894 matrimonio
762 2850 814 2893 et
847 2843 1018 2893 liberis
1054 2845 1148 2893 sibi
1182 2844 1364 2893 iacenti
1398 2845 1529 2909 apud
1563 2844 1753 2893 inferos
1790 2843 1844 2892 li-

142 2924 442 2989 berataeque
476 2942 504 2974 a
538 2926 696 2986 malis,
732 2925 911 2989 quibus
937 2925 1034 2972 vita
1062 2924 1340 2972 mortalium
1357 2925 1693 2990 perturbetur.
1749 2922 1845 2972 His

142 3004 312 3067 dictis,
346 3007 672 3071 promittente
720 3005 853 3054 Iolao
898 3006 1113 3053 honores
1157 3009 1209 3053 et
1243 3005 1408 3053 valere
1455 3005 1660 3055 iubente
1696 3004 1844 3068 virgi-

139 3101 256 3136 nem
289 3078 575 3147 animosam,
610 3087 734 3135 haec
770 3085 829 3134 ad
866 3090 1081 3134 mortem
1116 3102 1143 3134 a
1180 3084 1537 3151 Demophonte
1562 3084 1842 3143 abducitur,

140 3164 304 3214 Iolaus
339 3173 523 3232 autem,
561 3166 738 3215 solutis
776 3167 951 3215 dolore
985 3165 1240 3227 membriS,
1273 3167 1324 3215 in
1359 3166 1482 3215 sella
1511 3181 1538 3213 a
1567 3165 1684 3213 filiis
1708 3164 1843 3213 Her-

140 3245 265 3296 culis
301 3247 560 3311 reponitur
594 3253 645 3296 et
678 3248 901 3296 vestibus
937 3245 1135 3309 tegitur.
1171 3246 1512 3311 Interponitur
1545 3245 1685 3295 chori
1729 3256 1844 3293 car-

139 3341 256 3375 men
288 3328 668 3390 gravissimum,
714 3327 855 3376 cuius
906 3325 1154 3376 sententia
1199 3327 1375 3377 similis
1422 3332 1503 3376 est
1550 3325 1650 3384 illi,
1696 3339 1843 3388 quam

141 3405 384 3458 Goethius
419 3408 559 3459 hisce
594 3408 759 3461 verbis
793 3406 1069 3472 expressit:

1398 3485 1504 3536 ⁶20*
