2176 3874
919 228 1044 285 479

136 380 201 429 de
236 391 388 427 scena
419 379 564 424 antea
599 391 755 441 pauca
789 377 1000 426 dicenda
1036 381 1163 425 sunt.
1231 375 1481 424 Parnasus
1529 390 1671 424 mons
1719 391 1831 424 oum

136 458 323 524 templo
357 455 598 521 Apollinis
634 463 1066 521 repraesentatur,
1120 473 1330 521 quorum
1366 457 1516 505 sitnm
1552 456 1633 504 his
1668 457 1834 506 verbis

137 537 408 589 declaravit
443 536 656 586 Iustinus
692 537 872 598 XXlV,
908 540 971 585 6:
1017 537 1320 602 „Templum
1356 536 1598 600 Apollinis
1623 535 1834 602 Delphis

135 620 355 685 positum
386 623 464 665 est
493 618 541 665 in
570 624 739 666 monte
763 618 983 666 Parnaso
1011 617 1061 664 in
1098 634 1223 682 rupe
1258 617 1472 682 undique
1494 618 1833 681 impendente.

139 700 312 751 Media
362 698 468 746 saxi
512 714 663 762 rupes
707 699 755 746 in
790 698 1001 746 formam
1050 697 1235 746 theatri
1269 699 1480 746 recessit
1515 697 1583 762 *).
1651 699 1704 747 Ιη
1739 699 1837 747 hoe

139 781 280 845 rupis
327 778 585 839 anfractu,
633 779 797 827 media
841 778 1002 825 ferme
1037 778 1218 825 montis
1269 778 1556 839 altitudine,
1605 779 1836 844 planities

141 862 319 925 exigua
355 866 461 920 est,
505 865 656 923 atque
690 860 739 906 in
776 875 834 913 eva
867 857 1170 921 profundum
1206 863 1366 906 terrae
1400 859 1657 918 foramen,
1704 859 1838 923 qnod

141 942 192 990 in
236 940 436 989 oracula
480 939 670 1003 patet.''
749 938 987 986 Universa
1036 937 1342 1002 Delphorum
1388 941 1504 987 urbs
1550 941 1599 987 in
1647 940 1839 989 devexo

142 1023 320 1071 montis
357 1020 580 1082 margine
599 1018 797 1067 condita
832 1023 938 1067 erat
971 1014 1066 1082 **).
1136 1019 1277 1081 Quae
1311 1018 1361 1066 in
1396 1019 1558 1067 media
1587 1037 1713 1085 rupe
1731 1026 1841 1070 erat

142 1102 375 1168 planities
411 1101 518 1149 sive
551 1099 836 1159 anfractus,
874 1115 932 1147 ea
966 1103 1069 1146 tota
1104 1099 1303 1148 oraculo
1340 1100 1701 1164 occupabatur3
1753 1118 1838 1151 ae-

143 1183 310 1232 dificia
345 1190 511 1230 autem
545 1179 649 1227 fani
685 1196 795 1228 cum
822 1180 1096 1245 porticibus
1133 1185 1185 1227 et
1208 1173 1440 1244 gradibus
1476 1197 1568 1246 per
1603 1181 1841 1231 declivam

144 1264 325 1312 montis
359 1267 552 1327 partem
601 1261 1037 1318 continuabantur3
1097 1259 1161 1308 cf.
1212 1259 1360 1309 Paus.
1410 1259 1486 1320 X,
1532 1264 1579 1309 8.
1615 1278 1663 1325 p.
1711 1265 1839 1312 818:

147 1342 388 1406 „Delphis
422 1342 542 1391 urbs
579 1344 751 1405 quavis
781 1348 922 1406 parte
951 1343 998 1390 in
1018 1341 1197 1390 clivum
1223 1342 1556 1406 resupinatur.
1606 1342 1842 1391 Eodem

145 1427 396 1479 autem,
461 1438 581 1485 quo
636 1423 971 1486 oppidum,
1033 1423 1166 1470 situ
1217 1422 1545 1487 Apollinis
1599 1428 1698 1472 est
1754 1439 1843 1472 se-

145 1509 323 1568 ptum
358 1502 463 1551 sive
486 1501 748 1550 delubrum
776 1502 901 1568 ²²²²¹‘²²‘)‚
938 1508 987 1550 et
1012 1503 1320 1567 peramplum
1359 1504 1516 1568 spatio
1543 1503 1590 1551 in
1614 1520 1845 1569 suprema

145 1584 281 1632 urbis
317 1588 458 1648 parte
492 1583 692 1633 eminet.
762 1583 928 1632 Sunt
962 1589 1181 1632 autem
1219 1584 1415 1632 etiam
1463 1585 1679 1633 exitus
1727 1601 1845 1650 per

147 1663 314 1712 illud
350 1662 626 1710 immissi
663 1664 983 1729 perpetui
1020 1661 1320 1728 (τέτμηνται
1356 1662 1414 1714 δὲ
1443 1663 1534 1715 καὶ
1566 1662 1742 1727 ἔξοδοι
1775 1662 1843 1715 δι’

149 1742 319 1793 αὐτοῦ
354 1742 664 1808 συνεχεῖς).”
733 1745 845 1793 Νοη
894 1746 1119 1794 continua
1164 1747 1215 1794 in
1262 1746 1459 1810 planitie
1494 1747 1718 1796 aedificia
1752 1762 1847 1795 ex-

147 1829 335 1874 structa
369 1825 528 1873 fuisse
563 1824 729 1887 docet,
767 1842 940 1890 eaque,
978 1842 1124 1890 quum
1145 1826 1369 1891 pluribus
1391 1843 1453 1875 ex
1475 1827 1701 1892 partibus
1730 1843 1847 1876 con-

146 1909 354 1965 starent,
393 1911 528 1953 secta
563 1905 723 1954 fuisse
757 1907 1036 1956 itineribus.
1107 1907 1173 1955 Et
1209 1907 1330 1956 duas
1364 1909 1587 1973 porticus
1624 1905 1848 1973 (δίδυμα

146 1984 429 2050 πρόςωπα)
479 2002 627 2034 scena
675 1987 918 2035 exhibitas
980 2003 1093 2035 esse
1142 1988 1322 2036 chorus
1384 1989 1661 2054 significat,
1715 1990 1849 2039 unde

150 2067 276 2116 duos
313 2082 509 2131 quoque
532 2067 763 2116 introitus
793 2083 904 2116 eum
929 2068 1134 2133 singulis
1161 2069 1257 2116 aris
1285 2068 1570 2118 forensibus
1593 2070 1654 2135 †)
1689 2070 1849 2120 fuisse

148 2147 395 2196 coniicere
430 2147 564 2195 licet.

202 2308 252 2364 ⁹⁵)
281 2309 447 2352 Strabo
477 2323 523 2363 p.
544 2307 651 2360 288,
674 2307 746 2351 1⁷.
776 2308 855 2351 lib.
885 2310 975 2351 IX:
1007 2308 1059 2353 τὸ
1084 2310 1133 2354 δὲ
1155 2309 1315 2355 νότιον
1339 2308 1562 2368 (πλευρὸν
1582 2309 1850 2367 κατέχουσι)

292 2378 491 2432 Δελφοί,
532 2380 834 2434 πετρῶδες
862 2381 1102 2436 χωρίον,
1140 2380 1564 2438 θεατροειδές,
1607 2380 1726 2425 κατὰ
1767 2398 1851 2426 κο-

293 2447 450 2506 ρυφὴν
483 2448 587 2504 ἔχον
616 2448 667 2492 τὸ
699 2454 919 2504 μαντεῖον
948 2451 1026 2494 καὶ
1055 2450 1142 2508 τὴν
1170 2450 1334 2504 πόλιν,
1373 2453 1574 2496 σταδίων
1611 2451 1852 2497 ἑκκαίδεκα

286 2518 456 2563 κύκλον
484 2520 765 2576 πληροῦσαν.
822 2519 1108 2578 ’Τπέρκειται
1138 2522 1188 2566 δὲ
1228 2520 1374 2579 αὐτῆς
1411 2520 1439 2578 ἦ
1468 2517 1738 2579 Λυκώρεια,
1777 2520 1850 2579 ἐφ’

292 2583 351 2635 οὗ
381 2589 529 2634 τόπου
560 2588 788 2648 πρότερον
818 2592 1006 2649 ἵδρυντο
1039 2594 1084 2637 οὶ
1109 2595 1286 2650 Δελφοὶ
1317 2591 1433 2650 ὑπὲρ
1463 2595 1547 2636 τοῦ
1576 2594 1730 2651 ἱεροῦ*
1762 2595 1851 2640 νῦν

291 2660 343 2706 δὲ
373 2659 443 2705 ἐπ’
471 2659 598 2720 αὐτῷ
629 2664 807 2705 οἰκοῦσι
839 2662 1057 2722 περὶτὴν
1087 2662 1260 2722 κρήνην
1288 2662 1374 2721 τὴν
1402 2666 1684 2709 Κασταλίαν.

180 2733 258 2788 *ἢ
288 2733 388 2776 Liv.
421 2734 561 2785 XLII,
592 2732 661 2775 15.
693 2735 886 2777 Pausan.
917 2737 973 2789 X,
1002 2735 1044 2778 8.
1076 2751 1119 2791 p.
1151 2735 1250 2778 818.

153 2805 258 2859 ***)
290 2804 358 2846 cf.
388 2819 433 2847 v.
465 2803 565 2846 739.
597 2804 787 2849 αἰπεινά
818 2821 892 2849 τοι
921 2810 1130 2861 μαντεῖα.

207 2874 261 2930 †)
290 2875 456 2918 Pollux
486 2876 560 2929 lv,
590 2875 659 2918 19.
693 2892 736 2932 p.
761 2874 859 2919 203.
893 2878 1024 2921 Seb.:
1057 2876 1133 2921 ἐπὶ
1162 2875 1212 2920 δὲ
1242 2877 1326 2932 τῆς
1355 2877 1525 2931 σκηνῆς
1554 2876 1633 2920 καὶ
1664 2874 1853 2933 α’γυιεύς

293 2944 441 2990 ἔκειτο
471 2945 627 3004 βωμὸς
655 2944 744 3003 πρὸ
775 2948 869 2991 τῶν
898 2950 1076 3005 θυρῶν.
1134 2950 1235 2991 Hac
1265 2963 1346 2992 ara
1374 2950 1499 2990 nulla
1521 2949 1680 2990 domus
1708 2962 1852 3003 neque

292 3030 425 3059 sacra
453 3031 597 3073 neque
627 3018 818 3074 profana
849 3019 1046 3062 caruisse
1069 3020 1273 3070 videtum
1307 3019 1365 3062 cf.
1386 3021 1615 3076 Hesych.:
1649 3015 1851 3076 ἅγυιεύς,

294 3085 321 3132 δ
349 3085 441 3145 πρὸ
474 3089 568 3132 τῶν
595 3090 758 3147 θυρῶν
792 3087 934 3140 ἑστώς
972 3087 1127 3148 βωμὸς
1167 3090 1214 3135 ἐν
1247 3090 1444 3147 σχήματι
1471 3093 1640 3142 κίονος.
1700 3091 1852 3134 Schol.

295 3158 524 3214 Aristoph.
556 3161 687 3216 Vesp.
717 3159 828 3203 875:
860 3156 886 3204 ὁ
917 3159 1005 3219 πρὸ
1051 3161 1145 3204 τῶν
1178 3157 1376 3206 αὐλείων
1409 3163 1573 3221 θυρῶν
1601 3158 1854 3217 κωνοειδὴς

291 3228 421 3282 κίων,
451 3228 573 3288 ἱερὸς
599 3228 874 3282 ’Λπόλλωνος
902 3231 980 3274 καὶ
1010 3229 1154 3283 αὐτὸς
1182 3231 1311 3284 θεός.
1369 3234 1575 3277 Macrob.
1609 3235 1704 3278 Sat.
1734 3234 1769 3285 1,
1797 3231 1850 3274 92

294 3300 456 3355 „Apud
487 3302 686 3345 Graecos
714 3304 876 3358 Apollo
907 3302 1083 3356 colitur,
1112 3304 1190 3359 qui
1217 3306 1419 3364 θυραῖος
1440 3310 1640 3360 vocatur,
1665 3304 1852 3358 eiusque

298 3382 400 3413 aras
429 3376 532 3415 ante
559 3373 682 3416 fores
710 3388 816 3417 suas
848 3375 1090 3424 celebrant,
1119 3374 1308 3431 ipsum
1338 3378 1531 3420 exitus
1564 3380 1618 3418 et
1646 3373 1852 3418 introi-

292 3442 381 3483 tus
410 3441 887 3490 demonstrantes
915 3449 1224 3500 potentem.
1282 3447 1412 3491 Idem
1438 3447 1600 3503 Apollo
1643 3446 1763 3502 apud
1793 3445 1852 3487 il-
