2144 3854
1106 288 1225 346 156

334 436 425 489 viis
455 454 567 488 esse
599 452 690 502 pro
722 451 874 500 scopo
904 435 1032 485 senis
1066 441 1228 502 caput,
1263 436 1410 501 quod,
1441 437 1629 485 haustis
1659 438 1868 502 poculis,
1903 439 2002 489 vini

334 524 491 583 parte,
527 534 650 580 quae
683 516 858 566 relicta
892 521 1043 575 esset,
1078 515 1263 566 domini
1287 516 1508 578 ferirent,
1543 517 1677 580 quod
1706 510 1810 569 ludi
1844 533 1999 584 genus

335 597 540 646 Graecis
573 598 806 646 usitatum
841 600 978 645 erat:

463 678 686 735 πυκνοῖς
716 674 765 726 δ’
798 671 1021 740 ἔβαλλον
1054 674 1287 741 Βακχίου
1319 673 1630 742 τοξεύμασιν

462 755 601 820 κάρα
632 753 894 822 γέροντος,
927 756 1022 806 τὸν
1055 755 1284 820 βαλόντα
1319 753 1374 807 δὲ
1407 752 1615 820 στέφειν

462 833 565 904 ἐγὼ
599 836 890 902 ’τετάγμην,
925 830 1065 888 ἆθλα
1095 836 1355 902 κότταβον
1390 836 1571 898 διδούς
1591 837 1661 903 *).

333 917 426 967 His
459 918 587 967 adde
617 917 792 984 fragm.
826 918 975 968 Attii:

460 1026 524 1035 —
656 1024 717 1034 —-
852 1024 914 1035 -
1049 1026 1110 1036 -
1244 1026 1306 1035 —
1437 1000 1573 1060 „ita

463 1077 660 1127 Fletu
715 1083 779 1127 et
827 1078 1142 1127 tenebris
1204 1079 1647 1144 constipatus
1707 1074 2003 1143 speeiem

1158 1159 1352 1207 amisi
1383 1158 1710 1207 luminis.''

332 1237 427 1287 His
462 1237 695 1302 expositis
730 1238 1043 1286 excusatione
1074 1252 1192 1287 usus
1227 1244 1305 1287 est
1337 1254 1489 1288 senex
1522 1254 1596 1300 ea,
1632 1254 1777 1303 quam
1810 1239 2004 1293 Aristo-

330 1318 518 1383 phanes
551 1318 602 1366 in
635 1316 1030 1366 Acharnensibus
1064 1317 1280 1367 imitatus
1314 1323 1392 1366 est
1425 1319 1527 1367 sic:

463 1425 527 1434 —
591 1424 658 1433 —
721 1394 834 1446 ἀλλ’
869 1397 1071 1460 ἄπειμι·
1106 1394 1194 1448 καὶ
1226 1396 1328 1462 γάρ
1362 1395 1459 1462 εἰμ’
1494 1398 1633 1463 ἄγαν

456 1473 700 1541 ὀχληρός,
736 1475 804 1527 οὐ
837 1475 1015 1527 δοκῶν
1047 1492 1122 1541 γε,
1155 1477 1443 1541 κοιράνους
1473 1478 1702 1544 στυγεῖν.

330 1557 506 1620 Neque
538 1562 702 1606 tamen
733 1557 936 1605 dimittit
967 1557 1246 1618 Diomedes,
1282 1559 1373 1608 sed
1405 1559 1612 1608 ulterius
1646 1558 1886 1622 exquirit:
1928 1561 2007 1609 cui

331 1636 531 1686 miranti
564 1651 625 1684 eo
658 1635 947 1686 insolentiae
972 1636 1144 1687 hostes
1183 1653 1475 1703 progressos
1514 1654 1627 1688 esse
1663 1637 1862 1690 Oeneus
1884 1640 2008 1690 haec

331 1716 627 1781 respondet:

462 1792 591 1847 ὅταν
622 1792 780 1846 κακοὶ
811 1794 1096 1862 πράξωσιν,
1132 1787 1176 1847 ὦ
1209 1794 1363 1859 ξένοι,
1397 1796 1584 1865 καλῶς,

461 1877 600 1941 ἄγαν
632 1880 950 1940 κρατοῦντες
973 1876 1075 1928 κού
1107 1877 1406 1942 νομίζοντες
1440 1877 1593 1942 δίκην

461 1955 663 2018 δώσειν,
699 1953 930 2021 ἔδρασαν
963 1957 1132 2017 πάντ’,
1167 1954 1379 2022 ἐφέντες
1410 1957 1598 2024 ἡδονῇ.

966 2039 1061 2087 AI
1062 2037 1392 2089 ΟΜΗΔΗΣ.

461 2109 530 2167 σὺ
563 2115 612 2167 δ’
646 2104 739 2167 ὧδ’
775 2113 967 2182 ἔρημος
1001 2115 1284 2184 ξυμμάχων
1317 2117 1636 2178 ἀπόλλυσαι,-

1015 2199 1319 2252 ΟΙΝΕΤΣ.

375 2314 415 2354 0
461 2275 648 2329 πολλοὶ
678 2279 941 2344 παρῆσαν,
976 2277 1088 2330 ἀλλ’
1122 2281 1350 2345 ἄπιστοι,
1390 2276 1645 2329 Θεσσαλοί
1669 2277 1749 2343 **)

462 2435 516 2488 οἱ
549 2434 647 2501 μὲν
678 2435 782 2503 γὰρ
817 2437 985 2489 οὐκέτ’
1020 2437 1168 2502 εἰσίν,
1204 2438 1258 2490 οἱ
1289 2437 1337 2489 δ’
1372 2439 1520 2498 ὄντες
1550 2436 1735 2489 κακοί·

460 2595 533 2657 ὥς
566 2595 727 2648 οὐδὲν
760 2596 919 2664 α’νδρὶ
951 2600 1140 2651 πιστὸν
1173 2600 1299 2650 ἄλλο
1331 2595 1472 2665 πλὴν
1503 2596 1727 2650 τέκνων·

464 2675 690 2743 κέρδους
723 2677 771 2730 δ’
806 2677 951 2732 ἕκατι
975 2679 1065 2732 καὶ
1096 2680 1157 2732 τὸ
1190 2677 1441 2747 συγγενὲς
1472 2681 1635 2731 νοσεῖ.

332 2760 427 2810 His
460 2760 642 2810 auditis
675 2759 940 2811 Diomedes
975 2763 1086 2827 quis
1119 2763 1185 2811 sit
1215 2763 1405 2828 aperit:

462 2839 742 2902 „Adsum
777 2841 951 2910 apud
982 2849 1065 2902 te,
1099 2843 1291 2907 genic
1310 2841 1428 2893 or.’'

397 2981 449 3036 ²⁸‘)
474 2981 732 3023 Athenaeus
761 2981 852 3023 XV.
883 2996 928 3036 p.
959 2980 1057 3024 666.
1087 2981 1148 3023 G:
1195 2978 1417 3036 κότταβος
1444 2974 1487 3022 δ’
1515 2976 1719 3021 ἐκαλεῖτο
1746 2973 1801 3020 τὸ
1830 2977 2015 3033 τιθέμεέ-

472 3066 556 3094 νον
600 3044 748 3094 ἆθλον
786 3054 884 3100 τοῖς
914 3050 1177 3097 νικῶσινέν
1204 3052 1268 3108 τῷ
1294 3049 1447 3105 πότῳ,
1491 3045 1552 3098 ὥς
1580 3045 1834 3103 Εὐριπίδης
1861 3046 1909 3091 ἐν
1929 3049 2015 3092 Οἰ-

471 3123 545 3163 νεῖ
569 3118 710 3175 λέγων
738 3115 886 3171 οὕτως
912 3123 1006 3164 κτλ.
1062 3119 1131 3164 cf.
1159 3122 1332 3164 welck.
1363 3135 1408 3175 p.
1447 3117 1569 3172 586„
1609 3117 1684 3174 qui
1723 3116 2016 3161 imitationem

471 3190 856 3243 contumeliarum,
886 3205 994 3245 quas
1017 3192 1202 3249 Ulysses
1224 3205 1252 3235 a
1278 3189 1450 3246 sponsis
1480 3202 1636 3245 passus
1665 3190 1744 3240 est,
1771 3187 1846 3230 his
1871 3187 2015 3231 inesse

468 3264 591 3303 reete
621 3261 946 3304 animadvertit.
1768 3289 1771 3291 -

380 3332 444 3384 *·)
472 3331 657 3388 Fragm.
687 3331 773 3373 inc.
803 3329 901 3372 194.
957 3332 1066 3375 Cod.
1097 3332 1204 3374 Ven.
1233 3331 1373 3374 schol.
1401 3329 1623 3385 Aristoph.
1648 3329 1767 3371 Plut.
1795 3327 1908 3370 521:
1937 3327 2015 3372 καὶ

472 3398 726 3458 Εὐριπίδης
768 3399 818 3445 ἐν
855 3397 973 3445 Ἰνοῖ.
1030 3401 1301 3458 Saepissime
1338 3399 1514 3444 formae
1539 3395 1649 3444 Ἰνοῖ
1671 3402 1718 3442 et
1748 3398 1878 3443 Οἰνεῖ
1903 3399 2016 3442 inter

474 3485 523 3514 se
551 3474 833 3527 permutatae
861 3476 973 3515 sunt.
