2144 3854
919 268 1039 324 137

134 414 359 480 genuinis
390 418 685 479 praeponat,
729 412 844 476 quin
877 411 1030 461 etiam
1061 413 1200 477 regni
1231 418 1424 479 partem
1459 413 1715 465 maximam
1749 429 1805 465 re

136 492 209 543 illi
240 493 534 544 traditurum
566 507 695 554 esse,
729 491 773 542 si
804 496 1058 558 superstes
1092 492 1174 550 ait,
1207 493 1490 557 profitetur:

267 572 504 636 ,βαίνῃ
533 573 595 621 εἰ
625 571 777 622 hinc
807 572 1222 638 superescit,
1258 571 1571 638 Spartam
1605 581 1808 643 atque

955 649 1272 717 Amyclas
1303 651 1629 706 tradebo.”

140 731 248 795 Qua
290 747 348 781 re
378 736 511 781 mota
557 744 765 780 noverca
799 729 1129 796 Chrysippum
1171 730 1237 780 de
1269 730 1432 781 medio
1465 734 1642 785 tollere
1691 750 1809 786 con-

138 811 317 861 stituit.

272 890 488 941 Chorum
521 905 583 940 ex
602 888 716 938 viris
739 889 1022 941 constitisse
1038 890 1265 957 suspicor
1287 896 1491 958 propter
1511 893 1812 957 sublimiora,

140 985 269 1034 quae
316 986 379 1021 ex
422 971 738 1035 Anaxagorae
788 969 1013 1030 doctrina
1046 970 1259 1021 delibata
1298 972 1625 1036 protulerunt.
1692 972 1814 1025 Post

139 1051 378 1115 parodum
421 1051 644 1099 nuntium
687 1048 915 1114 prodisse
958 1067 1167 1102 necesse
1214 1057 1306 1102 est.
1371 1051 1481 1102 Non
1513 1053 1617 1102 sine
1649 1070 1815 1120 pugna

43 1200 46 1206 Ι
140 1127 450 1195 Chrysippus
483 1133 801 1194 recuperatus
846 1134 976 1180 erat:
1025 1131 1288 1181 comitibus
1334 1133 1463 1182 euim
1497 1136 1549 1183 et
1579 1131 1729 1183 Laius
1761 1139 1817 1185 et

139 1207 231 1256 filii
263 1209 460 1275 Pelopis
495 1209 664 1274 stipati
695 1214 863 1259 erant:

271 1315 338 1324 ——
370 1305 617 1356 „neque
649 1280 997 1356 quisquam
1031 1308 1065 1341 a
1096 1291 1259 1342 telis
1291 1306 1570 1343 vacuus.-

257 1367 408 1425 ,Sed
450 1369 554 1419 uti
595 1369 836 1437 cuique
885 1371 1136 1422 obviam
1181 1373 1488 1436 faverat,
1533 1375 1815 1440 ferrum,

974 1451 1151 1501 alius
1181 1468 1446 1515 saxum,
1494 1452 1775 1508 rodum.''

144 1532 221 1582 De
263 1529 456 1597 graecis
500 1528 791 1596 fragmentis
839 1529 940 1579 huc
991 1530 1159 1580 refero
1214 1533 1509 1597 septimum:
1562 1531 1820 1601 εἰάζων,

144 1604 228 1662 εἶα
259 1607 600 1662 ἐπικελεύων·
636 1606 932 1673 Εὐριπίδης
955 1607 1270 1677 Χρυσίππῳ.
1337 1611 1449 1661 Non
1483 1613 1644 1676 potuit
1672 1614 1820 1666 Laius

144 1706 353 1758 puerum
386 1693 599 1740 amatum
633 1705 664 1738 a
696 1705 752 1739 se
785 1689 1002 1739 abstrahi
1048 1690 1289 1742 tolerare:
1340 1691 1507 1756 itaque
1538 1694 1821 1760 redeuntes,

147 1774 357 1837 cogente
389 1769 629 1834 cupidinis
661 1769 732 1831 vi,
781 1769 910 1819 ultro
959 1774 1156 1820 secutus
1203 1776 1307 1832 est,
1358 1775 1409 1820 et
1440 1771 1493 1821 in
1525 1777 1822 1837 potestatem

147 1850 272 1912 eius,
308 1865 453 1914 quem
486 1848 661 1899 iniuria
683 1848 941 1910 affecerat,
976 1864 1032 1899 se
1063 1849 1286 1912 tradidit,
1319 1851 1612 1916 suppliciter
1644 1869 1821 1906 orans:

277 1927 368 1995 μή,
399 1922 535 1994 πρὸς
564 1925 790 1994 γενείου,
822 1927 876 1994 μ’
909 1923 1084 1996 ἐξέλῃς
1114 1926 1179 1981 τὰ
1211 1928 1437 1995 φίλτατα
1447 1927 1518 1996 *).

147 2008 267 2060 Inde
298 2013 507 2073 sequuta
538 2013 652 2059 sunt
682 2008 784 2069 illa,
819 2024 945 2072 quae
969 2008 1146 2059 Cicero
1181 2009 1334 2060 Tusc.
1359 2010 1447 2072 IV,
1465 2013 1547 2075 33,
1570 2015 1651 2067 ⁷1.
1674 2015 1824 2081 signi.

145 2089 290 2139 ficat:
318 2088 535 2153 „Atque,
559 2093 613 2138 ut
635 2088 900 2138 muliebres
919 2102 1113 2139 amores
1137 2089 1377 2152 omittam,
1400 2091 1577 2155 quibus
1586 2095 1825 2147 maiorem

144 2167 396 2219 licentiam
419 2173 590 2218 natura
614 2169 872 2230 concessit,
901 2170 1008 2233 quis
1032 2174 1117 2219 aut
1141 2169 1205 2219 de
1228 2169 1502 2235 Ganymedi
1522 2178 1664 2238 raptu
1682 2176 1826 2226 dubi-

114 2258 118 2261 “
147 2255 239 2313 tat,
271 2247 389 2312 quid
421 2252 596 2313 poetae
627 2247 795 2310 velint,
829 2252 915 2298 aut
946 2264 1066 2299 non
1098 2249 1446 2315 intelligit,
1481 2253 1626 2317 quid
1662 2258 1828 2320 apud

147 2327 524 2394 Euripidem
578 2333 642 2378 et
695 2327 997 2392 loquatur
1054 2333 1117 2379 et
1170 2330 1390 2395 cupiat
1452 2331 1719 2383 Laius?
1746 2334 1826 2403 **)

148 2408 311 2458 Huius
343 2408 572 2472 colloquii
602 2407 877 2472 fragmenta
909 2409 1148 2474 quaedam
1194 2411 1312 2460 satis
1358 2411 1603 2462 luculenta
1637 2422 1829 2466 servata

152 2491 281 2538 sunt.
343 2486 476 2537 Hinc
518 2487 650 2536 enim
697 2487 955 2552 depromta
1004 2505 1118 2539 esse
1159 2490 1302 2540 video
1347 2491 1459 2550 illa,
1503 2507 1630 2556 quae
1676 2493 1828 2546 habet

151 2567 444 2618 Plutarchus
474 2566 636 2616 Amat.
668 2583 717 2632 p.
750 2570 863 2616 ¹¹69.
897 2568 969 2616 B:

282 2643 613 2711 οἰκειότητος,
644 2641 928 2713 ἐμβλέπων,
961 2641 1261 2700 ὠλίσθανον

283 2804 519 2874 ἀγένειος
555 2803 755 2868 ἁπαλὸς
786 2805 876 2859 καὶ
907 2806 1120 2869 νεανίας
1151 2808 1310 2871 καλός

285 2965 506 3033 ἐμφύντ’
541 2965 837 3020 ἀποθανεῖν
868 2966 1301 3035 κάπιγράμματος
1333 2972 1526 3037 τυχεῖν.

159 3050 250 3098 His
293 3049 470 3098 auditis
516 3055 661 3115 pater
702 3054 872 3116 optat,
920 3055 975 3099 ut
1018 3051 1187 3116 potius
1233 3052 1365 3117 turpi
1397 3052 1528 3104 filius
1562 3053 1721 3104 forma
1753 3056 1835 3117 sit,

160 3145 303 3194 quam
324 3133 531 3195 propter
551 3131 769 3196 corporis
790 3135 1097 3180 venustatem
1115 3131 1304 3181 animus
1330 3132 1436 3182 eius
1467 3140 1834 3200 corrumpatur:

286 3207 471 3274 γνώμῃ
503 3208 671 3273 σοφός
701 3227 791 3274 μοι
823 3209 912 3262 καὶ
944 3207 1048 3276 χέρ’
1081 3207 1334 3277 ἀνδρείαν
1366 3205 1505 3278 ἔχοι·

290 3287 592 3355 δύςμορφος
623 3288 702 3357 εἴη
735 3292 951 3357 μᾶλλον,
987 3289 1022 3357 ἢ
1056 3290 1216 3352 καλὸς
1246 3290 1423 3353 κακός.

226 3402 270 3456 ἰ)
298 3403 481 3461 Fragm.
509 3404 596 3447 ine.
621 3402 722 3447 252.
1738 3439 1742 3442 -

210 3471 274 3525 ”·)
304 3472 374 3515 Cf.
404 3474 573 3518 Aelian.
604 3475 653 3517 V.
679 3476 738 3518 H.
769 3476 891 3530 xm,
919 3475 961 3518 5.
1004 3475 1173 3520 Aeliun.
1204 3476 1318 3521 nist.
1350 3477 1484 3522 anim.
1514 3477 1588 3532 vl,
1618 3475 1687 3522 14.
