2144 3854
929 268 1051 325 327

292 417 430 481 Quid
478 416 676 476 Danu
691 431 766 464 en
809 416 1122 481 Danaesque
1154 431 1339 464 nurum
1371 418 1687 482 matremque
1713 413 1815 482 Ly-

986 496 1110 543 aei?

385 575 846 640 Haemonaque
875 580 927 623 et
959 580 1134 623 noctes
1170 575 1257 624 cui
1287 574 1456 623 coiere
1489 574 1668 624 duae?

287 656 425 715 Quid
454 672 703 721 generum
736 653 952 703 Peliae?
999 653 1126 721 quid
1162 654 1451 723 Thesea?
1502 655 1689 722 quidve
1723 654 1818 705 Pe-

1000 735 1218 799 las-gum,

383 814 604 864 Iliacam
636 814 814 878 tetigit
851 813 936 879 'qui
967 820 1085 863 rate
1112 815 1312 880 primus
1344 813 1551 863 humum
1563 816 1623 863 ?''
1648 815 1702 879 ⁴¹)

153 894 264 945 Nou
297 896 451 959 magis
485 894 633 959 igitur
666 893 1012 958 Aristophanes
1032 929 1047 952 ,
1096 910 1242 958 quam
1277 893 1515 954 Ovidius,
1558 896 1818 945 mulierum

154 975 254 1024 odii
300 991 477 1024 revera
522 973 807 1038 Euripidem
848 988 1078 1023 accusare
1124 973 1302 1032 voluit,
1350 973 1438 1022 sed
1487 962 1818 1024 temeritatem

152 1054 480 1118 astutiamque
511 1053 779 1113 homiuum,
816 1070 938 1117 quos
972 1054 1272 1114 effinxisset,
1308 1053 1438 1102 nulla
1473 1054 1550 1102 vel
1583 1055 1821 1118 religione

151 1134 232 1182 vel
270 1134 434 1197 legum
486 1134 789 1192 reverentia,
836 1134 967 1182 nulla
1014 1135 1112 1183 fide
1158 1133 1235 1182 vel
1268 1134 1454 1198 pietate
1488 1151 1517 1182 a
1549 1135 1820 1184 sceleribus

149 1213 507 1276 fraudibusque
551 1214 913 1263 committendis
948 1215 1317 1279 prohibitorum.
1383 1214 1659 1265 Persuadet
1691 1217 1820 1264 enim

148 1291 416 1358 Euripides
451 1307 624 1341 socero
657 1309 777 1354 suo,
825 1299 880 1342 ut
924 1295 1138 1358 speciem
1171 1294 1390 1343 mulieris
1425 1310 1636 1360 corpore
1668 1295 1820 1344 vesti-

148 1374 339 1437 busque
368 1362 565 1421 imitaus
598 1373 648 1422 iu
680 1373 923 1437 templum
958 1374 1104 1422 intret
1136 1375 1294 1423 bonae
1327 1374 1450 1423 dese
1485 1376 1640 1424 sacris
1673 1375 1820 1424 femi-

146 1468 320 1503 narum
344 1452 553 1502 secretis
586 1453 909 1502 interfuturus
933 1455 1029 1513 ³²2²).
1097 1453 1164 1502 lbi
1196 1454 1280 1501 hic
1313 1454 1461 1502 homo
1493 1455 1819 1520 impudentis-

149 1534 322 1594 simus,
356 1532 634 1596 Telephum
670 1533 799 1581 illius
834 1534 1048 1593 imitanS,
1082 1534 1133 1582 iu
1164 1534 1273 1598 ipsa
1302 1521 1560 1583 mulierum
1582 1536 1820 1586 concione

148 1613 333 1677 flagitia
365 1612 651 1661 mulieribus
685 1614 985 1676 exprobrare
1018 1614 1164 1663 audet
1207 1614 1506 1678 turpissima.
1583 1614 1820 1664 Detectus

149 1692 609 1755 circumventusque
655 1693 864 1756 primum
914 1692 1101 1742 infante
1148 1695 1211 1744 de
1256 1695 1479 1743 manibus
1523 1696 1665 1743 unius
1709 1711 1819 1743 mu-

147 1773 323 1821 lierum
356 1776 497 1837 rapto
531 1771 751 1821 eiusdem
786 1771 998 1838 Telephi
1033 1775 1256 1839 exemplo
1290 1775 1563 1840 periculum
1597 1774 1821 1838 effugere

149 1858 380 1912 conatur3
415 1860 521 1900 tum
556 1868 724 1901 rursus
758 1852 1068 1902 Palamedem
1104 1848 1352 1919 Euripidis
1386 1855 1620 1914 imitatur,
1654 1855 1737 1918 qui
1770 1859 1821 1903 et

149 1932 242 1980 alia
275 1932 483 1980 artificia
514 1931 729 1980 inaudita
768 1934 1062 1998 excogitavit
1094 1938 1145 1983 et
1176 1935 1370 1982 litteras
1405 1934 1607 1992 invenit,
1642 1935 1819 1998 quibus

147 2011 303 2061 nuntii
335 2010 396 2058 ad
430 2012 657 2060 absentes
693 2012 1043 2077 perferrentur.
1105 2014 1294 2063 Deinde
1319 2014 1585 2078 Euripides
1616 2015 1725 2078 ipse
1757 2014 1820 2062 ad

147 2090 457 2140 liberandum
500 2092 631 2140 malo
674 2107 903 2142 socerum
947 2094 1357 2154 machinatioueS,
1408 2110 1724 2157 quascunque
1768 2093 1820 2142 iu

145 2170 415 2234 tragoediis
460 2172 731 2221 scribendis
776 2180 1078 2222 commentus
1125 2179 1233 2234 est,
1284 2174 1626 2223 callidissimus
1674 2173 1819 2222 aliam

147 2267 300 2316 super
343 2250 489 2298 aliam
528 2252 731 2302 adhibet
758 2252 881 2315 ἶζιῖζεῄ’).
972 2255 1159 2316 Quibus
1195 2255 1276 2303 ubi
1307 2254 1429 2302 nibil
1463 2254 1641 2320 profici
1674 2252 1818 2303 intel-

149 2331 302 2390 lexit,
350 2330 581 2379 mulieres
633 2334 830 2396 quidem
883 2333 1174 2395 flagitiorum
1233 2334 1533 2382 conscientia
1586 2334 1820 2393 devincit,

151 2426 345 2459 servum
379 2415 540 2458 autem
575 2413 820 2474 publicum
868 2413 1140 2475 prostibulo
1172 2413 1386 2462 adducto
1418 2413 1703 2479 traditoque
1735 2430 1818 2464 ca-

151 2491 250 2554 pit:
286 2490 358 2537 sic
390 2489 587 2537 taudem
622 2498 791 2539 conata
825 2492 1037 2555 perficit.

283 2569 424 2617 Hanc
459 2568 857 2617 dissertationem
891 2571 1297 2633 praemittendam
1333 2588 1445 2620 esse
1480 2573 1643 2636 putavi
1677 2572 1819 2620 dida-

154 2649 334 2698 scaliae
367 2647 432 2706 ei,
468 2649 544 2695 cui
577 2649 704 2696 inest
736 2649 899 2697 fabula
933 2650 1253 2698 Philoctetes:
1289 2666 1431 2714 quam
1467 2666 1577 2699 cum
1613 2651 1818 2700 eandem

151 2736 256 2778 tres
290 2727 504 2791 tragicae
537 2744 746 2792 poeseos
783 2729 1031 2794 principes
1065 2735 1342 2790 ornassent,
1388 2729 1480 2778 Dio
1515 2731 1819 2795 Chrysosto-

208 2896 275 2949 ²⁴²),
291 2894 374 2936 His
399 2894 552 2937 Ovidii
573 2894 776 2937 versibus
798 2894 1057 2951 tragoediae
1079 2894 1382 2951 significantur
1401 2895 1516 2937 hae:
1547 2895 1820 2952 Hippolytus

290 2965 426 3021 prior,
454 2965 631 3019 Aeolus,
662 2966 931 3019 Oenomaus,
959 2967 1144 3018 Medea,
1173 2966 1386 3016 Cressae,
1417 2965 1594 3022 Scylla,
1622 2968 1817 3020 Electra,

290 3035 600 3088 Stheneboea,
628 3037 960 3085 Andromache,
991 3037 1242 3092 Meleager,
1270 3037 1496 3088 Troades,
1525 3038 1700 3089 Danae,
1727 3038 1817 3080 An-

292 3106 520 3159 dromeda,
546 3105 785 3163 Antigone,
815 3106 1016 3159 Alcestis,
1045 3107 1257 3160 Theseus,
1287 3107 1573 3151 Protesilaus.

183 3176 267 3232 **)
294 3177 346 3220 V.
374 3175 455 3218 93:

399 3242 453 3289 τὸ
484 3247 670 3303 πρᾶγμα
697 3246 878 3302 κομψὸν
905 3245 984 3290 καὶ
1011 3242 1168 3301 σφόδρ’
1195 3245 1245 3290 ἐκ
1271 3247 1356 3290 τοῦ
1383 3247 1467 3291 σοῦ
1493 3245 1669 3305 τρόπον
1685 3262 1695 3273 ·

402 3316 486 3359 τοῦ
515 3316 602 3375 γὰρ
629 3315 858 3373 τεχνάζειν
886 3315 1103 3375 ἡμέτερος
1130 3312 1152 3360 ὁ
1181 3317 1434 3374 πυραμοῦς.

157 3384 274 3440 Ήιῆι)
301 3386 352 3428 V.
380 3383 494 3428 884:

407 3451 465 3511 ἢν
492 3455 555 3514 μὴ
585 3455 834 3516 προλίπωὸ
863 3458 912 3502 αἱ
940 3457 1100 3516 μυρίαι
1122 3471 1176 3514 με
1204 3458 1416 3515 μηχαναί.
