2144 3854
898 256 1015 313 183

114 406 355 463 miserior,
389 403 440 452 in
466 403 696 453 exsilium
723 402 1070 468 proficiscitur,
1104 403 1380 467 etquidem
1411 403 1676 453 horrendis
1702 418 1794 452 ex-

115 486 472 537 secrationibus
508 484 640 533 diras
674 483 817 532 fratri
848 483 1159 546 imprecans:

246 566 435 633 „Ipse
461 565 727 614 summis
757 562 947 611 saxis
966 563 1165 625 fixus
1200 564 1490 628 asperis,
1544 565 1796 613 evisce-

772 705 774 707 .
964 647 1175 704 ratu&

245 724 492 775 Latere
521 721 852 791 pendens,
899 737 1069 770 saxa
1110 738 1436 788 spargens
1470 724 1655 783 tabo,
1700 740 1796 772 sa-

962 803 1073 851 nie
1108 808 1174 851 et
1209 803 1545 867 sanguine
1579 810 1744 854 atro.

247 962 487 1031 Neque
517 963 929 1028 sepulcrum,
973 978 1095 1029 quo
1141 958 1479 1028 redipiat,
1526 962 1798 1023 habeat,

475 1052 479 1055 ·
938 1047 1200 1108 portum
1235 1044 1552 1109 emporia,

252 1122 398 1184 Ubi,
449 1123 735 1173 remissa
768 1123 1058 1172 humana
1090 1124 1262 1181 vita,
1309 1139 1550 1188 corpus
1584 1126 1798 1191 requi-

948 1209 1139 1252 escat
1174 1201 1493 1266 malis'’²'·².)

245 1282 358 1332 Hoc
383 1283 582 1333 fabulae
603 1286 950 1348 argumentum
975 1284 1152 1332 mirum
1185 1288 1420 1348 quantum
1443 1283 1670 1346 congruit
1690 1298 1801 1332 cum

112 1364 205 1424 iis,
257 1379 386 1428 quae
417 1364 469 1413 in
504 1362 744 1426 Aeschyli
779 1363 1150 1428 Agamemnone
1181 1380 1225 1412 v.
1263 1365 1629 1414 1583—-1602,
1662 1363 1801 1412 refe-

110 1449 300 1505 runtur,
333 1444 439 1494 sive
461 1444 586 1492 haec
611 1444 721 1508 ipsa
748 1442 1019 1507 Euripides
1044 1445 1269 1509 respexit
1293 1445 1397 1493 sive
1425 1445 1634 1492 eundem
1661 1448 1798 1492 uter-

110 1539 208 1594 que
236 1529 488 1573 auctorem
523 1528 726 1572 secutus
763 1528 841 1571 est
859 1520 954 1584 ²²²²).
1023 1524 1065 1571 A
1100 1524 1276 1586 quibus
1312 1524 1523 1572 multum
1547 1524 1809 1586 discrepam

111 1603 230 1651 bant
261 1618 390 1666 quae
424 1605 719 1653 exhibuerat
746 1602 1036 1667 Sophocles.
1083 1602 1262 1651 Statim
1292 1604 1441 1659 enim,
1477 1618 1588 1652 cum
1619 1603 1800 1651 Atreus

114 1699 144 1731 a
175 1683 355 1732 minori
388 1689 508 1732 natu
540 1683 714 1743 fratre,
748 1682 1009 1731 adiuvante
1042 1698 1199 1732 uxore
1231 1682 1480 1742 adultera,
1515 1687 1692 1731 exutus
1719 1696 1801 1732 es-

112 1768 192 1811 set
221 1778 396 1828 regno,
429 1777 640 1828 poenam
675 1763 852 1811 sumsit
884 1763 1304 1821 crudelissimam,
1338 1769 1444 1811 tres
1477 1761 1712 1827 Thyestis
1741 1763 1801 1810 fi-

111 1843 223 1904 lios,
257 1843 433 1907 quibus
467 1842 663 1891 nomina
698 1848 838 1891 eraut
871 1842 1070 1906 Aglaus,
1107 1842 1449 1892 Orchomenus
1487 1848 1537 1891 et
1572 1842 1801 1904 Calaeus,

109 1922 379 1988 epulandos
414 1921 559 1971 fratri
585 1922 875 1986 apponendo
908 1922 1172 1986 ipsumque
1210 1923 1413 1987 insuper
1440 1923 1800 1986 interficiendo,

110 2017 315 2051 uxorem
364 2007 532 2052 autem
578 2002 627 2049 in
674 2018 812 2050 mare
845 2003 1215 2067 praecipitando
1234 2003 1359 2066 ²¹²²¹‘²¹²).
1428 2002 1604 2067 Neque
1633 2004 1686 2052 in
1720 2019 1801 2052 re-

109 2083 393 2148 cuperando
427 2098 582 2147 regno
618 2099 646 2130 a
680 2082 790 2131 love
819 2078 932 2146 ipso
966 2082 1045 2130 vel
1081 2083 1187 2131 eius
1222 2083 1433 2132 ostentis
1468 2085 1674 2142 AtreuS,
1710 2081 1802 2132 sed

110 2163 218 2212 sola
262 2161 463 2211 ultionis
510 2163 712 2210 saevitia
755 2163 950 2211 adiutus
985 2169 1077 2212 est.
1149 2162 1361 2211 Cursum
1397 2169 1560 2212 autem
1595 2162 1670 2212 sol
1705 2177 1802 2211 non

109 2250 246 2298 iussu
279 2241 406 2292 lovis
439 2243 637 2300 avertit,
686 2246 740 2290 ut
786 2247 924 2291 esset
968 2243 1233 2292 voluntatis
1269 2243 1462 2292 divinae
1494 2243 1803 2308 significatio,

109 2323 200 2372 sed
232 2324 440 2372 horrore
471 2328 608 2371 retro
642 2323 822 2385 cessit,
868 2323 1169 2372 nefariarum
1216 2323 1473 2388 epularum
1508 2324 1801 2389 adspectum

108 2401 322 2466 fugiens,
388 2401 529 2451 Haec
563 2404 690 2450 ratio
725 2403 836 2466 plus
869 2404 1033 2451 valere
1067 2405 1130 2452 ad
1163 2404 1416 2452 hominum
1451 2405 1641 2453 animos
1665 2419 1800 2452 com-

111 2481 379 2531 movendos
413 2483 517 2528 visa
553 2488 630 2529 est
661 2484 851 2544 poetis,
901 2484 1037 2532 velut
1071 2484 1321 2545 Senecae,
1374 2484 1577 2545 ovidio,
1627 2485 1799 2545 Statio,

112 2561 197 2609 illa
232 2561 440 2610 eruditis
486 2561 767 2609 hominibus
818 2566 1025 2626 probata
1068 2568 1175 2623 est,
1222 2568 1276 2611 ut
1310 2564 1530 2625 Platoni,
1579 2565 1800 2628 Polybio,

112 2641 344 2691 Straboni
377 2641 584 2704 aliisque
599 2642 756 2703 ²²²²³²²²²²¹²)‚
792 2630 925 2704 quod
956 2641 1068 2690 fore
1104 2641 1365 2706 Euripides
1398 2645 1510 2708 ipse
1541 2645 1799 2709 praevide-

110 2726 190 2770 rat
216 2720 600 2784 ostenderatque
632 2721 682 2769 in
714 2721 918 2770 Electra
951 2737 994 2769 v.
1029 2721 1126 2768 726
1161 2738 1299 2786 seqq.
1377 2723 1609 2772 Ceterum
1654 2723 1801 2789 longe

111 2800 414 2866 Sophoclem
451 2800 691 2865 Euripide
725 2800 1010 2849 inferiorem
1044 2800 1204 2850 fuisse
1260 2818 1323 2851 ex
1377 2803 1486 2868 ipsa
1522 2803 1799 2867 argumenti

114 2882 507 2932 conformatione
537 2882 821 2930 existimare
843 2880 978 2931 licet.
1024 2881 1277 2946 Euripidis
1301 2883 1398 2931 hoc
1427 2883 1666 2947 imprimis
1690 2882 1797 2932 lau-

111 2963 327 3011 dandum
361 2966 453 3021 est,
489 2962 621 3024 quod
655 2977 750 3009 non
785 2959 1024 3024 simplici,
1069 2962 1161 3010 sed
1192 2963 1373 3012 iterata
1405 2962 1580 3011 iniuria
1614 2967 1797 3012 tantam

112 3042 415 3090 iracundiam
457 3041 747 3090 inflammari
780 3046 977 3104 tamque
1009 3042 1270 3092 immanem
1303 3043 1506 3093 ultionis
1541 3044 1795 3092 saevitiam

179 3169 228 3223 ¹¹⁵)
259 3167 390 3210 Ennii
412 3168 578 3225 fragm.
603 3183 645 3209 n.
670 3168 740 3209 11.
771 3171 813 3209 et
835 3166 904 3208 12.
936 3168 1005 3210 Cf.
1029 3169 1119 3211 cic.
1139 3169 1185 3211 in
1208 3168 1298 3211 Pis.
1317 3185 1355 3211 c.
1380 3168 1449 3211 19.
1479 3170 1794 3225 Horat.Epod.

252 3237 393 3290 v,86:
419 3239 538 3281 misit
554 3239 806 3294 Th5esteas
829 3252 1000 3292 preces.

155 3308 221 3363 ‘*)
250 3309 319 3351 cf.
346 3309 487 3352 schol.
512 3309 570 3351 ad
590 3309 734 3351 Orest.
756 3307 854 3350 988.

113 3378 225 3432 **‘¹‘)
253 3378 323 3421 ef.
345 3380 486 3422 schol.
506 3380 564 3422 ad
580 3378 733 3434 Eurip.
753 3379 896 3422 Orest.
917 3392 961 3420 v.
977 3377 1062 3421 800
1082 3383 1128 3423 et
1144 3379 1213 3423 16.

115 3447 229 3503 ****)
257 3447 327 3491 Cf.
352 3450 520 3492 Welck.
542 3450 598 3492 Τ.
624 3449 659 3491 1.
679 3464 725 3504 p.
749 3449 847 3492 361.
