2176 3874
1139 317 1262 374 482

358 465 699 517 desistendum
747 480 861 514 esse
908 463 1153 513 ostendit:
1203 478 1366 527 neque
1413 464 1542 512 enim
1589 464 1738 513 deum
1783 480 2043 531 passurum

358 563 470 597 esse
504 562 560 594 se
590 547 639 593 in
676 560 762 593 sua
795 545 944 593 domo
976 543 1147 610 probri
1181 544 1345 606 argui,
1379 559 1542 606 neque
1578 544 1811 593 salutaria
1839 546 1935 596 dii·
1967 548 2043 598 in-

356 627 472 675 vitis
508 626 806 688 extorqueri.
873 624 996 673 Fert
1030 625 1254 673 iniuriam
1289 638 1440 688 aegro
1475 624 1636 672 animo
1656 624 1873 686 Creusa3
1907 632 2045 676 cete-

354 722 463 756 rum
507 710 649 771 rogat
696 705 1097 766 adolescentem,
1132 721 1196 754 ne
1229 720 1431 762 eorum,
1485 719 1609 767 quae
1662 704 1892 755 collocuti
1926 708 2042 769 sint,

355 787 615 850 quicquam
659 786 870 846 marito,
919 786 1015 833 hoc
1047 785 1157 849 ipso
1206 788 1435 846 tempore
1481 783 1789 846 advenienti,
1836 786 2040 837 indicet.

353 865 578 926 Xuthus‚
615 865 675 912 ad
712 864 991 927 Apollinem
1027 882 1055 913 a
1090 864 1377 927 Trophonio
1411 879 1521 911 cum
1557 879 1647 928 spe
1681 865 1893 928 quadam
1927 882 2042 916 auc-

355 961 526 994 cessus
560 945 828 1009 relegatus,
863 950 1126 1009 postquam
1158 945 1335 991 hostiis
1386 945 1444 1009 ab
1480 944 1677 992 advenis
1714 945 2044 996 communiter

354 1026 514 1075 caesis
548 1026 739 1073 litatum
776 1029 870 1083 est,
907 1025 1010 1072 sine
1043 1039 1180 1071 mora
1228 1023 1288 1070 ad
1334 1024 1529 1071 oracula
1563 1025 1775 1087 petenda
1807 1026 1856 1074 in
1887 1041 2042 1091 peue-

355 1105 493 1154 tralia
525 1105 707 1165 intrat,
758 1103 945 1151 Creusa
979 1109 1142 1168 autem
1177 1103 1238 1150 ad
1273 1119 1382 1151 aras
1418 1104 1545 1165 abit,
1581 1105 1666 1152 ubi
1701 1104 1878 1153 sumtis
1914 1104 2040 1154 lauri

352 1185 488 1233 foliis
537 1184 663 1241 diis,
707 1187 764 1231 ut
811 1183 1007 1231 oracula
1049 1183 1212 1231 fausta
1247 1184 1500 1242 eveniant,
1551 1184 1888 1248 supplicatura
1934 1190 2042 1245 est;

353 1263 440 1312 Ion
475 1263 687 1325 denique
735 1262 797 1310 ad
846 1279 1048 1311 munera
1096 1279 1185 1310 sua
1232 1264 1457 1312 obeunda
1505 1265 1554 1312 in
1600 1265 1843 1327 templum
1889 1264 2040 1326 redit,

351 1344 675 1392 vehementer
708 1347 868 1402 antea,
904 1347 961 1390 ut
981 1342 1327 1408 philosophuS,
1364 1343 1581 1391 facinora
1607 1344 1811 1392 deorum
1829 1359 2043 1408 persona

350 1423 550 1488 indigna
585 1422 806 1470 miratus.
875 1421 945 1470 Et
987 1423 1112 1471 haec
1163 1423 1362 1487 quidem
1408 1423 1676 1486 disputatio
1724 1439 1787 1471 ex
1831 1439 2040 1472 numero

350 1520 521 1553 earum
556 1508 649 1562 est,
686 1517 808 1564 quas
843 1501 902 1550 ab
939 1503 1242 1565 argumentis
1272 1503 1547 1551 fabularum
1585 1501 1854 1550 abhorrere
1889 1503 2039 1567 signi—

349 1584 563 1632 ficarunt
585 1582 877 1631 Aristoteles
901 1587 1051 1647 atque
1079 1583 1344 1646 Dionysius
1365 1581 1496 1645 (vide
1523 1597 1649 1643 quae
1676 1596 1826 1646 supra
1851 1597 1901 1646 p.
1921 1584 2039 1633 382.

350 1650 894 1725 commemoravimus),
940 1663 1218 1726 quibusque
1252 1660 1518 1726 Euripides
1555 1676 1610 1708 se
1644 1660 1892 1725 duplicem
1923 1675 2040 1724 per-

348 1758 575 1807 sonam„
619 1746 802 1807 poetae
860 1747 1010 1804 atque
1066 1741 1392 1807 philosophi,
1454 1756 1604 1804 agere
1668 1741 2042 1790 demonstravit.

348 1822 523 1871 Poesis
554 1822 686 1870 enim
719 1822 771 1869 in
805 1821 902 1870 illis
939 1824 1232 1870 commentis
1268 1821 1440 1870 sedem
1465 1837 1523 1869 ac
1546 1820 1851 1870 domicilium
1886 1819 2040 1869 collo-

349 1905 565 1959 caverat,
591 1917 720 1964 quae
745 1900 1062 1964 philosophia
1089 1901 1350 1949 damnabat
1368 1901 1751 1964 spernebatque.
1818 1899 2040 1963 Quarum

347 1996 500 2045 quum
534 1980 772 2029 deserere
810 1986 980 2029 noster
1013 1986 1240 2029 neutram
1275 1980 1455 2041 vellet,
1503 1995 1598 2028 non
1631 1981 1794 2045 potuit
1825 1995 1924 2030 uon
1955 1980 2039 2029 in-

346 2060 544 2110 terdum
589 2059 734 2107 alteri
778 2059 1135 2107 detrimentum
1178 2059 1376 2106 afferre.
1455 2058 1670 2107 Omnino
1714 2065 1880 2108 autem
1914 2066 2070 2109 nun-'

348 2152 492 2204 quam
526 2139 811 2186 infirmitate
845 2138 1031 2200 ingenii
1072 2137 1326 2202 peccavit,
1377 2137 1468 2185 sed
1517 2138 1798 2200 ubicunque
1839 2139 2038 2201 vitupe-

345 2219 530 2266 randus
565 2221 660 2278 est,
697 2232 760 2265 ex
795 2218 936 2280 copia
969 2222 1117 2279 atque
1151 2215 1447 2264 abundantia
1478 2220 1592 2264 nata
1611 2220 1726 2264 sunt
1749 2216 1885 2268 vitia.
1931 2216 2035 2265 Re-

347 2297 537 2361 liquum
570 2296 844 2346 diverbium
877 2296 1363 2359 praestantissimum
1389 2300 1469 2344 est
1495 2300 1645 2358 atque
1670 2296 1731 2344 ad
1764 2295 2036 2346 movendos

347 2376 535 2425 animos
570 2375 697 2423 mire
731 2381 916 2438 aptum,
953 2375 1086 2437 quod
1114 2375 1174 2423 fit
1196 2375 1443 2423 beneficio
1471 2375 1743 2439 prooemii:
1776 2375 1873 2424 hoc
1905 2375 2037 2425 enim

348 2454 534 2516 demto,
568 2453 635 2503 nil
669 2454 764 2501 nisi
799 2454 1015 2517 suspicio
1051 2454 1292 2517 quaedam
1327 2459 1474 2518 atque
1508 2455 1818 2519 exspectatio
1860 2454 2036 2504 animis

345 2539 681 2598 spectatorum
716 2533 1033 2594 iniiceretur3
1078 2534 1231 2583 iidem
1282 2537 1420 2599 gnari
1463 2551 1632 2584 rerum
1665 2534 1926 2584 moventur
1956 2535 2035 2598 iis,

347 2631 474 2680 quae
507 2631 535 2664 a
569 2613 797 2680 personis
831 2613 1012 2679 ignaris
1047 2614 1309 2679 invitisque
1343 2631 1460 2663 vera
1496 2614 1828 2675 enuntiantur,
1861 2619 1916 2663 et
1946 2629 2034 2664 ve-

343 2694 607 2744 hementer
642 2694 848 2759 cupiunt
892 2699 1102 2743 matrem
1135 2695 1267 2754 filio,
1302 2695 1461 2744 filium
1495 2694 1663 2755 matri,
1697 2694 1878 2743 demtis
1909 2692 2034 2744 feli-

343 2775 474 2824 citer
506 2775 773 2833 erroribuS,
808 2774 1023 2834 restitui,
1059 2778 1112 2823 et
1143 2776 1326 2824 acriter
1359 2775 1548 2833 dolent,
1583 2775 1716 2837 quod
1737 2773 1928 2843 veniam
1947 2773 2033 2824 dei

342 2854 684 2919 interrogandi
716 2869 774 2901 ac
806 2852 1097 2902 facultatem
1141 2855 1363 2904 veritatis
1398 2853 1726 2918 exquirendae
1757 2853 1906 2903 matri
1936 2853 2032 2903 mi-

343 2949 488 2982 serae
533 2932 662 2998 eripi
702 2932 871 2981 vident
904 2949 1064 2996 neque
1109 2941 1314 2999 praeter
1356 2933 1646 3000 patientiam
1690 2933 2030 2983 malorum-et

344 3013 670 3061 contumeliae
719 3013 983 3077 quicquam
1028 3014 1256 3078 relinqui.
1325 3014 1583 3074 Carmine,
1626 3017 1904 3077 quoactus
1949 3011 2029 3061 di-

345 3092 689 3157 stinguuntur,
739 3092 921 3141 chorus
956 3093 1233 3143 Minervam
1269 3100 1322 3143 et
1354 3094 1590 3153 Dianam,
1642 3094 1765 3142 duas
1809 3090 2025 3155 virgines

342 3170 533 3221 Phoebi
567 3186 791 3231 sororeS‚
829 3172 918 3220 sed
952 3172 1223 3238 praecipue
1255 3175 1418 3235 illam,
1465 3173 1524 3221 in
1560 3188 1688 3221 sum
1703 3171 1819 3221 mis.
1849 3170 2027 3220 Iovis

343 3251 487 3300 sive
521 3250 697 3300 coeli
732 3252 1190 3302 cacuminibus
1226 3255 1577 3303 adiuvante
1611 3251 1848 3300 Titane
1881 3250 2026 3302 Pro·

341 3330 605 3380 metheo
639 3334 875 3390 natam,
912 3331 1119 3393 invocat,
1154 3338 1209 3382 ut
1242 3334 1307 3382 de
1340 3332 1516 3382 faustis
1543 3331 1798 3395 responsis
1833 3335 1886 3395 et
1905 3345 2026 3396 pro-

339 3411 598 3474 pagatione
630 3409 902 3458 Erechthei
932 3413 1124 3474 generis
1158 3413 1289 3477 apud
1319 3411 1595 3476 Apollinem
1627 3410 1929 3463 intercedat:
1950 3451 1952 3454 ,
1971 3409 2024 3459 in

338 3489 602 3540 liberorum
638 3489 767 3539 enim
801 3489 960 3554 stirpe
993 3495 1043 3539 et
1075 3492 1377 3556 voluptatem
1411 3495 1463 3541 et
1477 3490 1779 3556 praesidium
1798 3493 1853 3540 et
1881 3502 2024 3554 spem
