2144 3854
1131 294 1253 351 322

357 449 545 513 arguit,
595 459 692 493 non
741 443 804 492 ad
851 440 1105 506 prologo*
1117 441 1250 490 solos
1284 439 1531 505 pertinent
1557 438 1628 500 *).
1694 440 2019 506 Antiquarum

355 528 650 590 scriptorum
686 538 845 582 nemo,
878 537 941 569 ne
974 520 1327 585 Aristophanes
1361 520 1576 584 quidem,
1611 519 1841 585 prologos
1876 522 2020 570 Euri-

342 608 483 671 pidis
517 602 825 669 vituperavit,
861 601 950 649 sed
983 616 1082 649 uno
1115 617 1202 648 ore
1237 615 1406 648 omnes
1439 599 1572 648 laudi
1592 599 1885 650 tribuerunt.
1920 600 2021 650 Te-

354 690 456 734 stes
502 689 616 732 sunt
650 698 760 731 cum
794 681 875 729 alii
908 686 1014 728 tum
1049 679 1266 728 Thomas
1302 679 1407 740 Μ..,
1445 680 1525 742 qui
1558 680 1843 728 criticorum
1875 681 2023 729 verba

352 763 685 827 transcripsit:
734 760 928 822 „Multa
960 761 1008 809 in
1041 766 1197 808 artem
1234 760 1399 808 intulit
1431 775 1571 819 nova,
1623 775 1748 822 quae
1771 775 1914 808 nemo
1934 774 2018 808 an-

306 822 318 835 ·
352 851 430 894 tea
463 845 728 892 invenerat.
797 840 921 888 Nam
955 841 1085 903 quod
1120 840 1169 888 in
1203 840 1414 887 exordiis
1449 839 1724 888 dramatum
1757 854 2021 903 argumen-
2107 875 2109 878 ι

352 929 456 974 tum
502 922 760 987 exponitur
802 924 852 968 et
896 920 1035 982 quasi
1080 936 1227 967 manu
1275 919 1468 967 auditor
1518 919 1568 966 in
1603 919 1822 983 priorum
1855 933 2018 967 rerum

351 1002 679 1068 cognitionem
724 1000 1081 1056 introducitur,
1132 999 1384 1062 Euripidis
1444 1002 1522 1047 est
1570 998 1847 1057 inventum;
1912 1002 2018 1046 tum

348 1082 752 1148 perspicuitatem
801 1084 852 1127 et
900 1078 1182 1141 planitatem
1244 1078 1389 1126 dictis
1448 1079 1710 1127 tribuendo
1756 1092 2020 1140 rerumque

349 1160 727 1225 explicationem
767 1158 1262 1222 argumentationibus
1312 1164 1364 1207 et
1411 1157 1622 1206 iucundo
1656 1173 1860 1206 numero
1891 1157 2018 1205 vari-

349 1240 494 1298 ando,
529 1239 742 1301 denique
777 1237 1041 1285 sententias
1064 1235 1350 1298 frequentes
1375 1244 1426 1286 et
1446 1238 1587 1286 valde
1613 1238 1798 1287 caussis
1820 1252 2017 1286 accom-

350 1319 570 1368 modatas
612 1316 893 1366 adhibendo
936 1315 1237 1363 admirabilis
1292 1322 1415 1365 est.”
1492 1317 1615 1366 Nam
1673 1316 1802 1380 quod
1863 1316 2019 1366 nostri

348 1413 519 1448 omnes
553 1413 701 1462 aegre
734 1396 925 1455 ferunt,
973 1397 1304 1444 narrationem
1337 1397 1529 1445 institui
1563 1397 1758 1445 nemine
1789 1397 1838 1445 in
1871 1412 2019 1445 scena

347 1484 642 1543 praesente,
689 1477 774 1541 qui
825 1491 1121 1539 cognoscere
1170 1476 1335 1539 cupiat
1381 1476 1459 1524 vel
1492 1475 1872 1539 interloquatur,
1919 1476 2018 1525 hoc

346 1558 546 1606 minime
592 1557 838 1605 veteribus
885 1554 1146 1603 offensioni
1183 1562 1311 1614 erat;
1356 1555 1504 1604 iidem
1550 1556 1748 1605 minime
1788 1554 2019 1604 tulissent

346 1636 623 1700 soliloquia,
659 1652 784 1700 quae
817 1650 906 1683 nos
939 1635 1263 1699 appellamus,
1296 1636 1570 1699 quibusque
1602 1635 1726 1684 nihil
1754 1634 1807 1684 in
1834 1635 2018 1684 nostris

345 1715 525 1764 fabulis
562 1715 867 1780 frequentius
903 1720 995 1762 est.
1064 1713 1242 1763 Coram
1277 1717 1487 1765 testibus
1521 1731 1668 1778 agere
1701 1729 2018 1778 quaecunque

345 1802 573 1858 agerent,
620 1795 980 1843 communicare
1025 1795 1225 1843 consilia
1275 1796 1379 1843 sive
1412 1811 1523 1844 cum
1558 1795 1880 1844 familiaribus
1913 1795 2017 1843 sive

346 1890 456 1922 cum
491 1874 806 1938 popularibus
842 1875 945 1922 sive
980 1889 1091 1921 cum
1125 1875 1424 1937 peregrinis,
1473 1875 1556 1938 qui
1602 1874 1736 1922 forte
1769 1873 2016 1934 adessent,

343 1958 444 2002 tam
477 1954 574 2001 illis
608 1954 883 2001 hominibus
915 1952 1156 2000 familiare
1189 1952 1314 2012 fuit,
1360 1959 1417 2002 ut
1464 1954 1527 2003 ad
1570 1953 1743 2019 populi
1774 1952 2014 2017 frequen-

399 2131 451 2184 ²⁸)
481 2127 723 2183 Δηκύθιον
765 2130 983 2184 appellari
1023 2132 1212 2172 alteram
1241 2134 1414 2184 partem
1450 2130 1752 2174 trimatu-orum
1792 2131 2012 2175 iambico-

480 2213 597 2251 rum,
627 2212 740 2252 quae
769 2201 967 2242 detracta
996 2200 1345 2254 penthemimere
1375 2201 1662 2256 relinquatur,
1691 2201 1799 2245 dicit
1825 2204 2013 2246 Tzetzes

478 2269 526 2311 in
563 2269 763 2311 Crameri
799 2270 962 2311 Anecd.
994 2271 1029 2311 1.
1069 2286 1112 2324 p.
1142 2270 1238 2323 ⁷8„
1279 2273 1394 2325 quod
1429 2276 1576 2313 utrum
1613 2285 1668 2314 ex
1705 2272 2013 2327 Aristophanis

479 2341 580 2381 lusu
609 2339 868 2392 coniecerit,
909 2353 965 2381 an
994 2339 1182 2382 alicuius
1211 2341 1401 2382 auctoris
1428 2340 1677 2384 testimonio
1704 2343 1861 2384 doctus
1886 2348 2010 2385 retu-

479 2409 593 2461 lerit,
623 2409 796 2458 nesci03
836 2410 922 2450 hoc
951 2424 1058 2451 vero
1088 2410 1307 2467 intelligo,
1338 2412 1483 2467 magis
1517 2411 1693 2455 fatuum
1732 2413 1795 2454 nil
1823 2413 2012 2456 inveniri

480 2492 633 2534 posse,
673 2491 807 2533 quam
845 2481 935 2520 tale
974 2480 1282 2536 Aristophanis
1325 2480 1588 2533 artificium,
1622 2482 1660 2524 si
1697 2483 2011 2526 substituendis

479 2548 630 2590 verbis
667 2548 933 2590 inanissimis
970 2565 1127 2592 versus
1167 2551 1389 2606 Euripidis
1416 2552 1636 2606 corrumpi
1664 2544 2008 2608 posseputavit.

478 2615 697 2672 Λήκυθος
739 2618 835 2660 sive
876 2619 1100 2674 ληκύθιον
1138 2621 1449 2675 appellabatur
1487 2623 1667 2673 arcula,
1716 2636 1804 2678 qua
1842 2618 2006 2676 oleum,

476 2689 705 2744 pigmenta
733 2687 946 2742 sucusque
975 2691 1281 2743 servabantur,
1312 2690 1471 2744 quibus
1501 2693 1697 2745 corporis
1725 2692 1840 2735 nitor
1868 2706 2006 2747 supra

478 2758 683 2799 habitum
711 2762 959 2801 naturalem
988 2767 1243 2816 augeretur.
1299 2761 1423 2802 Unde
1451 2761 1621 2803 factum
1650 2766 1739 2812 est,
1777 2767 1826 2804 ut
1865 2761 2007 2817 λήκυ-

475 2830 565 2877 θος
593 2829 729 2870 etiam
758 2842 839 2882 pro
868 2829 1009 2871 nitore
1038 2831 1227 2884 fucoque
1258 2830 1378 2885 ipso,
1417 2830 1492 2884 qui
1533 2831 1654 2873 succi
1691 2832 2006 2888 sanguinisque

475 2896 712 2952 incorrupti
741 2899 935 2952 speciem
976 2900 1233 2954 corporibus
1270 2901 1510 2958 tribueret,
1550 2908 1851 2957 usurparetur.
1910 2903 2001 2946 Cic.

474 2967 559 3009 Att.
593 2969 627 3019 1,
659 2966 739 3008 14:
789 2970 935 3023 „Quid
974 2970 1147 3012 multa?
1199 2971 1360 3013 Totum
1390 2971 1507 3012 hunc
1536 2973 1712 3025 locum,
1754 2987 1887 3028 quem
1915 2986 2001 3028 ego

472 3036 598 3078 varie
619 3036 731 3078 meis
760 3039 1030 3081 orationibus
1056 3043 1176 3082 soleo
1205 3040 1458 3097 pingere,
1492 3042 1545 3083 de
1574 3042 1770 3094 flamma,
1800 3043 1855 3084 de
1882 3041 2002 3084 ferro

474 3105 610 3159 (nosti
647 3106 749 3148 illas
787 3105 1043 3163 ληκύθους)
1082 3112 1213 3153 valde
1253 3111 1450 3166 graviter
1488 3111 1750 3166 pertexuit.”
1799 3112 2003 3167 ‚Tzetzes

472 3175 503 3215 l.
530 3175 586 3215 L:
627 3174 787 3234 διόπερ
826 3178 902 3222 καὶ
932 3182 1215 3237 Καλλίμαχος
1243 3181 1358 3235 λέγει
1386 3178 1470 3235 τὴν
1498 3181 1754 3237 τραγῳδίαν
1783 3179 1862 3224 διὰ
1890 3179 2001 3231 τοὺς

470 3241 678 3298 θρήνους
720 3247 796 3290 καὶ
835 3248 1104 3305 κλαυθμούς
1140 3252 1479 3305 ,Ληκυθίων
1517 3251 1808 3294 Μοῦσαν.”
1879 3252 2000 3294 Huic

472 3314 636 3356 nomini
671 3316 884 3360 Horatius
923 3320 1109 3363 latinum
1149 3323 1468 3376 ampullam
1507 3321 1753 3374 substituit,
1794 3321 2000 3376 idemque

471 3386 792 3438 ampullari
821 3403 874 3430 eo
903 3403 1047 3443 sensu,
1079 3405 1163 3446 quo
1192 3391 1355 3438 Graeci
1382 3392 1655 3446 ληκυθίζειν,
1683 3392 1832 3446 posuit
1856 3391 1998 3447 Epist.

469 3453 502 3506 Ι,
530 3452 574 3505 3,
604 3453 679 3496 14:
710 3455 807 3508 „An
834 3460 1009 3515 tragica
1037 3462 1233 3505 desaevit
1261 3466 1305 3504 et
1331 3462 1600 3516 ampullatur
1624 3461 1669 3504 in
1699 3466 1793 3505 arte
1805 3459 1856 3502 ‘2”
