2144 3854
1110 322 1217 359 vlu

315 454 489 508 tilitas
528 452 748 521 iudicii,
800 453 859 506 in
898 451 1073 507 altera
1111 451 1399 508 Welckeri
1441 453 1680 509 eruditio
1719 461 1776 512 et
1810 458 2003 512 multi-

314 567 452 641 plex
484 584 670 620 rerum
708 564 958 640 cognitio
996 566 1288 621 utilissime
1325 573 1576 621 versatae
1613 573 1768 622 sunt:
1810 586 2004 625 verum

315 677 688 732 consummari
740 682 1034 749 utramque
1071 697 1192 732 rem
1228 685 1346 734 tum
1381 678 1609 734 demum
1647 697 1819 753 posse
1851 679 2002 735 iudi-

313 790 463 859 cavi,
519 789 570 844 ἐἰ
612 789 777 843 simul
814 808 997 856 rerum
1033 791 1371 865 compositio
1412 797 1466 845 et
1501 792 1746 865 partium
1786 791 2001 847 descri-

311 902 437 976 ptio
477 907 533 955 et
573 902 829 956 universa
865 903 1180 956 dramatum
1206 903 1576 957 conformatio
1601 903 1780 975 qualis
1804 904 2002 966 fuisset

312 1013 804 1068 demonstraretur.
903 1015 1089 1083 Quam
1129 1034 1246 1068 rem
1288 1015 1332 1069 si
1372 1015 1439 1084 ii,
1484 1014 1581 1086 qui
1620 1016 1799 1070 minus
1842 1022 2001 1070 erunt

309 1126 555 1201 experti,
600 1144 668 1181 ex
702 1126 972 1201 fingendo
1011 1133 1067 1180 et
1099 1126 1574 1181 comminiscendo
1603 1127 1881 1200 putabunt
1903 1134 1997 1181 to-

307 1246 425 1292 tam
456 1237 709 1313 pendere
746 1245 801 1292 et
839 1239 1086 1293 libidinis
1120 1239 1299 1314 magis
1337 1258 1503 1312 quam
1545 1239 1829 1293 sollertiae
1861 1257 1999 1308 esse,
2050 1307 2053 1309 ,

307 1369 422 1405 non
475 1350 732 1404 mirabor.
832 1351 1231 1406 Verumtamen
1282 1352 1327 1406 si
1363 1351 1734 1425 reputabunt,
1792 1357 1999 1423 quanta

306 1463 378 1518 sit
417 1481 655 1538 graecae
692 1463 1017 1538 tragoediae
1042 1464 1389 1538 simplicitas,
1432 1482 1599 1535 quam
1626 1470 1811 1517 certae
1839 1480 1998 1516 com-

303 1575 601 1650 positionis
639 1574 830 1649 legeS,
874 1594 1041 1646 quam
1064 1581 1184 1629 rata
1210 1576 1455 1648 partium
1480 1575 1835 1649 temperatio,
1878 1580 1999 1628 tum

303 1686 595 1760 Euripidis
643 1705 811 1757 quam
855 1693 1115 1740 constans
1153 1692 1322 1758 atque
1357 1693 1639 1759 perpetua
1676 1685 1820 1740 ratio
1860 1703 1998 1768 con-

302 1797 725 1854 formandorum
775 1798 1173 1872 prologorum,
1245 1798 1614 1867 canticorum,
1680 1797 1998 1851 contentio-

303 1929 465 1980 num,
510 1909 965 1979 altercationum,
1011 1909 1368 1983 epilogorum
1410 1916 1466 1962 et
1492 1908 1783 1978 similium,
1827 1926 1996 1982 posse

303 2023 363 2078 in
392 2022 506 2077 hoc
552 2021 823 2094 scriptore
859 2038 1138 2094 prospero
1179 2032 1306 2074 cum
1345 2039 1599 2074 successu
1628 2020 1836 2094 suscipi
1858 2039 1996 2089 rem,

303 2154 473 2208 quam
514 2134 572 2188 in
608 2133 729 2187 aliis
771 2140 987 2188 tentare
1033 2132 1387 2187 temerarium
1427 2139 1602 2202 esset,
1658 2132 1993 2206 intelligent.

303 2247 574 2315 Accedit,
643 2245 796 2318 quod
840 2244 1175 2320 'argumenta
1226 2246 1402 2318 partis
1459 2245 1775 2299 dramatum
1822 2244 1995 2318 longe

303 2359 576 2416 maximae
613 2358 823 2431 passim
862 2357 1017 2431 apud
1053 2363 1267 2411 veteres
1308 2357 1607 2430 scriptores
1642 2355 1995 2410 inveniuntur

304 2471 543 2546 vestigia
577 2470 816 2524 auctoris
856 2470 935 2524 sic
974 2469 1092 2523 fere
1135 2474 1464 2540 sequenteS,
1519 2474 1581 2521 ut
1617 2485 1731 2521 non
1773 2485 1992 2521 caussas

303 2590 520 2638 tantum
567 2588 910 2654 eventusque
956 2599 1141 2635 rerum
1182 2579 1500 2647 retulerint,
1582 2578 1682 2634 sed
1731 2578 1994 2652 implica-

303 2696 469 2750 tionis
519 2713 744 2767 quoque
795 2700 851 2748 et
901 2692 1323 2767 compositionis
1374 2690 1581 2744 indicia
1625 2689 1993 2764 suppeditent

305 2808 437 2862 satis
483 2807 797 2875 luculenta,
866 2804 1132 2878 quodque
1183 2803 1626 2857 doctissimarum
1672 2787 1991 2854 fabularum

304 2918 554 2993 cognitio
604 2918 747 2972 adeo
800 2916 876 2970 ad
929 2921 1157 2969 cunctos
1211 2913 1507 2980 mortaleS,
1573 2910 1848 2983 quidquid
1883 2909 1991 2964 fuit

302 3029 493 3104 graeci
542 3028 870 3100 romanique
918 3026 1183 3094 nominis,
1240 3029 1689 3099 permanaverat,
1751 3029 1813 3076 ut
1850 3039 1987 3095 pas-

305 3140 407 3194 sim
462 3140 765 3209 imitando,
827 3137 1144 3204 laudando,
1211 3135 1546 3203 alludendO,
1611 3131 1988 3208 respiciendo,
2019 3142 2021 3144 ’

306 3251 566 3325 exempla
607 3249 955 3325 promendo,
997 3249 1300 3304 sententias
1330 3246 1688 3320 decerpendo
1723 3251 1989 3316 tanquam

304 3363 610 3438 imaginem
645 3362 926 3434 quandam
957 3361 1253 3434 scriptores
1294 3359 1539 3414 referant
1577 3356 1728 3411 vocis
1753 3352 1986 3427 Euripi-

306 3474 461 3530 deae.
529 3474 626 3530 Sic
665 3492 762 3528 sua
799 3473 1003 3528 virtute
1039 3479 1211 3547 poeta
1237 3469 1761 3546 praestantissimus,
1805 3481 1989 3537 quern,
