2176 3874
156 424 224 476 de
247 437 422 475 caussa
445 419 625 482 voluit3
660 424 766 471 tum
790 419 1093 486 pertinentes
1119 417 1183 468 ad
1218 415 1426 484 gloriam
1444 417 1838 481 Atheniensium,

155 506 220 555 ad
251 503 492 554 maiorum
527 518 609 550 res
652 509 816 565 gestas
863 499 997 564 (nam
1033 500 1307 548 Amazonas
1341 499 1594 547 invasione
1626 500 1674 547 in
1709 500 1842 550 Atti-

156 601 265 635 cam
295 583 430 633 facta
465 583 655 648 proelio
690 585 947 647 superatas
982 595 1095 628 esse
1114 579 1414 643 constabat),
1450 578 1510 626 ad
1538 579 1840 629 divinitatem

155 665 351 729 originis
385 664 610 729 picturae
662 679 772 711 cum
805 661 1033 710 universo
1069 659 1305 708 dramatis
1339 664 1628 724 argumento
1663 662 1843 709 mirum

153 746 205 794 iu
238 744 439 794 modum
476 744 775 808 conspirant.
843 740 1030 790 Omitto
1066 740 1249 799 dicere,
1285 755 1432 802 quam
1467 739 1594 787 scite
1611 755 1699 788 eae
1721 740 1844 788 ima—

154 825 297 892 gines
332 825 589 885 inventae,
638 823 915 887 descriptae
960 836 1017 868 ac
1066 819 1331 882 dispositae
1375 820 1489 867 sint.
1559 819 1843 869 Convivium

154 916 274 956 vero
308 906 490 972 ipsum,
525 902 817 952 ministratio
853 900 1017 960 seniS,
1052 899 1300 961 ingenium
1333 899 1662 948 adolescentis
1698 917 1844 965 quam

154 987 286 1036 veris
319 1001 565 1050 quamque
598 983 769 1032 vividis
797 981 1044 1030 coloribus
1069 979 1266 1044 depicta
1309 980 1455 1027 sunt!
1491 983 1599 1027 tota
1630 981 1845 1029 narratio

157 1083 302 1132 quam
338 1073 455 1131 apta
487 1065 548 1113 ad
583 1062 928 1118 delectandos,
974 1060 1240 1120 tenendos,
1286 1060 1557 1108 movendos
1592 1066 1846 1123 spectato-

157 1147 270 1196 res!
339 1146 440 1196 lam
473 1145 535 1193 ad
562 1158 807 1191 summum
831 1141 972 1207 quasi
990 1140 1184 1188 culmen
1211 1140 1511 1188 discriminis
1535 1156 1616 1188 res
1643 1145 1847 1190 evectae

159 1231 291 1290 sunt,
325 1226 457 1275 unde
489 1229 572 1272 aut
606 1223 856 1289 pernicies
874 1222 958 1270 au't
977 1222 1109 1270 salus
1135 1221 1428 1269 brevissimo
1453 1225 1682 1285 tempore
1700 1237 1847 1271 even-

154 1311 266 1356 tura
298 1308 394 1357 est.
464 1302 770 1370 Trepidante
806 1304 960 1351 choro
995 1318 1088 1350 uec
1121 1303 1368 1362 habente,
1417 1317 1515 1364 quo
1562 1300 1739 1350 evadat
1784 1317 1848 1351 ex

154 1386 330 1451 capitis
363 1385 616 1451 periculo,
667 1384 888 1440 Creusa,
941 1399 1090 1447 quum
1125 1398 1284 1447 paene
1319 1397 1379 1429 ex
1414 1381 1592 1430 mediis
1626 1381 1849 1431 hostium

152 1468 271 1517 telis
307 1483 363 1516 se
398 1466 678 1529 eripuisset,
713 1465 772 1512 ad
809 1479 944 1511 aram
980 1461 1219 1525 confugit,
1253 1463 1547 1526 insequente
1583 1461 1698 1510 lone
1735 1478 1849 1511 cum

151 1548 406 1599 militibus.
476 1545 715 1608 Sequitur
748 1544 1020 1592 diverbium
1065 1543 1334 1591 vehemens
1379 1547 1528 1606 atque
1572 1543 1848 1604 incitatum,

153 1632 392 1691 urgente,
438 1626 656 1674 minante
689 1631 838 1689 atque
873 1624 1077 1672 insidias
1113 1623 1443 1688 exprobrante
1474 1623 1619 1685 Ione,
1657 1623 1847 1672 Creusa

159 1714 329 1756 autem
363 1705 445 1755 dei
479 1706 657 1754 auxilio
695 1723 751 1754 se
786 1711 976 1753 tutante
1008 1709 1061 1753 et
1095 1704 1274 1752 merito
1323 1720 1378 1752 se
1411 1703 1574 1764 hosti,
1623 1703 1710 1767 qui
1758 1704 1850 1752 do-

155 1803 290 1836 mum
327 1792 378 1835 et
411 1776 540 1836 bona
584 1802 673 1835 sua
718 1787 968 1850 direptum
1017 1785 1159 1842 ierit,
1206 1790 1415 1833 mortem
1460 1784 1682 1832 molitam
1734 1800 1849 1833 esse

156 1867 485 1926 defendente,
533 1883 631 1931 quo
667 1867 775 1916 loco
812 1867 964 1915 multa
998 1866 1058 1913 ab
1094 1870 1308 1929 utroque
1338 1865 1493 1914 inscio
1528 1881 1642 1913 vera
1675 1865 1849 1913 dicun-

156 1952 255 2008 tur,
292 1948 472 2012 quibus
507 1947 668 1995 minus
704 1953 1019 1996 moverentur
1047 1951 1370 2011 spectatores,
1408 1945 1451 1992 si
1484 1945 1645 1994 minus
1680 1961 1850 1994 rerum

155 2028 296 2092 gnari
332 2031 516 2078 essent.
588 2026 711 2074 Cum
747 2028 844 2075 iam
881 2043 940 2075 eo
970 2027 1234 2075 deventum
1272 2031 1423 2087 esset,
1459 2031 1513 2074 ut
1546 2028 1605 2075 ab
1633 2026 1742 2090 ipsa
1766 2042 1850 2074 ara

152 2108 253 2170 dei,
290 2107 390 2172 qui,
424 2106 555 2171 quod
589 2107 820 2156 destituit
853 2107 1111 2156 mulierem
1149 2108 1395 2171 quondam
1429 2112 1657 2166 amatam,
1693 2107 1850 2155 malo-

152 2205 266 2238 rum
325 2189 543 2242 omnium
592 2203 916 2251 errorumque
977 2195 1147 2236 auctor
1195 2193 1303 2250 est,
1354 2193 1565 2236 matrem
1613 2186 1742 2235 filius
1787 2179 1850 2235 ad

156 2269 451 2333 supplicium
486 2273 701 2331 raperet,
736 2267 915 2331 Pythia
947 2268 1227 2328 intervenit,
1263 2285 1388 2332 quae
1423 2266 1668 2331 quondam
1696 2283 1850 2333 expo-

158 2349 308 2397 situm
343 2347 541 2395 sustulit
591 2363 836 2410 quamque
886 2347 973 2395 ille
1020 2348 1192 2395 matris
1228 2348 1340 2396 loco
1377 2348 1542 2396 colere
1578 2349 1851 2400 consuevit.

158 2428 298 2490 Quae
334 2426 553 2475 Creusae
588 2428 788 2490 quidem
819 2427 1023 2475 caedem
1059 2426 1302 2487 defendit,
1338 2426 1442 2475 Ioni
1477 2432 1641 2475 autem
1677 2429 1850 2477 cistam

155 2524 271 2557 cum
307 2506 506 2566 fasciiS,
547 2508 598 2555 iu
634 2508 812 2571 quibus
849 2508 1105 2570 expositus
1142 2506 1265 2567 fuit,
1314 2523 1406 2571 pro
1441 2508 1646 2572 pignore
1679 2509 1849 2560 tradit.

154 2587 252 2637 His
286 2587 438 2636 dictis
472 2587 859 2644 adolescentem,
896 2589 1033 2650 quasi
1065 2588 1448 2651 emancipatum,
1485 2587 1648 2636 valere
1679 2593 1732 2636 et
1765 2605 1849 2638 ve-

156 2684 265 2718 ram
299 2673 510 2716 matrem
544 2683 637 2732 per
670 2668 828 2715 totum
865 2673 1110 2716 terrarum
1160 2668 1332 2716 orbem
1366 2667 1662 2734 investigare
1695 2668 1846 2718 iubet.

154 2749 270 2798 Hoc
303 2748 443 2811 quasi
478 2748 651 2796 matris
685 2748 975 2797 haeredium
1012 2748 1129 2796 dum
1163 2747 1283 2805 Ion,
1335 2751 1388 2796 et
1422 2765 1561 2797 suam
1597 2755 1646 2796 et
1680 2750 1851 2799 matris

155 2828 387 2878 acerbam
422 2833 606 2876 sortem
644 2827 938 2892 deplorans,
985 2828 1156 2876 infulis
1190 2827 1367 2888 nudat,
1403 2832 1610 2893 repente
1644 2828 1849 2893 Creusa,

156 2908 354 2974 cognita
387 2924 518 2968 area,
553 2908 604 2957 in
638 2924 733 2972 qua
767 2908 1007 2957 infantem
1043 2909 1288 2973 exposuit,
1322 2910 1460 2958 illum
1484 2914 1541 2958 ut
1573 2910 1731 2959 filium
1767 2926 1849 2959 sa-

156 2989 298 3050 lutat,
332 2989 494 3053 ipsum
531 3004 642 3036 cum
677 2990 883 3053 pignore
917 3005 1007 3053 pro
1042 3007 1128 3039 ara
1163 2990 1467 3054 amplectens
1490 3006 1650 3053 neque
1670 3007 1849 3041 curans

155 3070 367 3136 amplius
403 3069 603 3117 strictos
638 3069 850 3118 militum
884 3070 1076 3134 gladios
1101 3069 1171 3134 *).
1238 3071 1368 3120 Tum
1406 3071 1630 3136 symbola
1657 3077 1708 3120 et
1740 3087 1849 3120 cre-

211 3195 264 3251 *)
293 3196 420 3238 Male
451 3196 741 3237 Hermanuus
771 3195 913 3238 verba
951 3196 1202 3251 σφάζοντες
1243 3193 1299 3240 οὗ
1340 3195 1514 3251 λήγοιτ’
1553 3194 1614 3242 ἄν
1643 3199 1849 3252 mutavit,

297 3265 456 3321 quibus
485 3280 534 3309 se
562 3271 753 3309 mortem
782 3280 871 3309 non
899 3267 1092 3323 amplius
1133 3282 1289 3311 curare
1318 3269 1481 3310 mulier
1511 3271 1734 3313 declarat:
1777 3275 1850 3312 tu-

296 3336 383 3378 tius
412 3327 739 3393 enim'asylum
768 3351 850 3390 ea,
891 3352 1003 3392 quae
1031 3353 1147 3382 nunc
1187 3341 1511 3396 amplectatur,
1558 3356 1691 3396 quam
1721 3354 1848 3383 aram

301 3406 388 3458 dei,
416 3420 465 3449 se
494 3411 672 3452 nactam
702 3422 800 3451 esse
829 3409 1086 3452 arbitratur.
1143 3411 1268 3454 Idem
1296 3426 1342 3453 v.
1368 3410 1495 3452 1411.
1526 3415 1647 3454 recte
1671 3411 1849 3466 quidem

298 3479 583 3534 emendavit,
622 3479 700 3522 sed
741 3480 888 3524 minus
923 3467 1050 3526 ‘recte
1086 3481 1404 3538 interpretatus
1446 3485 1526 3526 est.
1586 3482 1738 3525 Tace
1774 3485 1847 3531 tu,
