2144 3854
924 298 1009 356 49

248 447 512 510 CarminiS‚
547 449 679 514 quod
713 446 832 497 huic
863 446 996 496 actui
1035 445 1419 510 annectebatur,
1469 449 1663 513 partem
1699 445 1824 498 mihi

117 529 513 618 deprehendisse
545 530 716 578 videor
746 527 799 577 in
830 527 1008 593 fragm.
1044 525 1142 575 inc.
1177 542 1224 575 n.
1262 529 1388 577 165:

246 607 517 675 παίδευμα
548 607 597 659 δ’
616 600 792 673 Ἔρως
824 605 1045 673 σοφίας,
1082 604 1274 674 ἀρετῆς

246 693 495 743 πλεῖστον
538 686 778 754 ὖπαρχει,
827 687 920 742 καὶ
951 689 1296 754 προςομιλεῖν

250 763 406 833 οὗτος
440 770 471 823 ὁ
506 767 715 834 δαίμων

245 852 463 906 πάντων
492 849 707 918 ἥδιστος
739 848 845 915 ἔφυ
870 851 1110 917 θνητοῖς.

247 933 338 986 καὶ
365 931 467 1000 γὰρ
492 934 702 983 ἄλυπον
725 929 911 997 τέρψιν
943 934 1043 983 τιν’
1079 929 1216 999 ἔχων

243 1014 316 1076 εἰς
349 1013 513 1066 ἐλπίδ’
551 1015 682 1080 ἄγει.

241 1098 353 1156 τοῖς
386 1094 434 1147 δ’
470 1094 761 1156 α’τελέστοις
791 1094 902 1146 τῶν
934 1094 1095 1146 τοῦδε
1120 1094 1307 1149 πόνων

238 1177 370 1246 μήτε
402 1176 622 1243 συνείην
654 1175 816 1244 χωρίς
848 1178 894 1228 τ’
928 1175 1134 1243 ἀγρίων

239 1258 444 1327 ναίοιμι
480 1258 712 1326 τρόπων.

237 1339 310 1393 τὸ
345 1340 393 1392 δ’
428 1339 591 1405 ἐραν
623 1337 942 1407 προλέγω
976 1341 1162 1393 τοῖσι
1206 1337 1480 1393 νέοισιν

238 1421 327 1490 μή
361 1439 521 1474 ποτε
563 1422 866 1490 φεύγειν,

239 1507 549 1572 χρῆσθαι
584 1503 633 1555 δ’
670 1503 921 1571 ὀρθῶς,
957 1499 1127 1555 ὅταν
1160 1502 1344 1570 ἔλθῃ.

107 1585 261 1636 Redit
294 1586 478 1636 deinde
511 1587 742 1635 Theseus
779 1602 842 1635 ex
874 1585 1082 1634 inferis:

240 1656 283 1715 ὦ
315 1665 558 1730 λαμπρὸς
592 1663 757 1732 αἰθὴρ
792 1662 992 1732 ἡμέρας
1024 1665 1082 1716 θ’
1119 1660 1289 1730 ἁγνὸν
1322 1662 1481 1730 φοξος,

241 1743 314 1806 ὡς
345 1739 452 1813 ἡδὺ
486 1745 726 1797 λεύσσειν
757 1749 871 1806 τοῖς
904 1762 959 1796 τε
990 1745 1327 1811 πράσσουσιν
1369 1745 1545 1808 καλῶς

239 1824 331 1878 καὶ
362 1830 501 1878 τοῖσι
533 1826 903 1892 δυςτυχοῦσιν,
941 1815 1018 1876 ὧν
1051 1826 1249 1891 πέφυκ’
1285 1825 1406 1893 ἐγώ.

106 1905 352 1958 Miserum
389 1924 444 1958 se
479 1924 592 1958 esse
627 1909 777 1957 etiam
812 1908 943 1972 apud
979 1908 1220 1958 Senecam
1258 1909 1509 1959 ostendit:

234 1987 405 2051 „Pars
437 2005 546 2038 una
579 1990 724 2039 vitae
756 1989 951 2038 mansit
986 1989 1219 2038 extincto
1252 1989 1383 2039 mihi

238 2067 437 2120 Sensus
473 2098 541 2107 —

240 2148 353 2199 Sed
371 2152 524 2216 sessa
557 2152 722 2201 virtus
755 2150 934 2201 robore
969 2150 1185 2218 antiquo
1226 2156 1388 2215 caret,

240 2229 631 2300 Trepidantque
663 2231 920 2299 gressus.''

104 2310 285 2362 Statim
319 2312 501 2362 deinde
535 2313 724 2363 luctum
761 2318 814 2363 et
847 2313 1061 2362 lamenta
1095 2328 1156 2362 ex
1192 2313 1400 2363 aedibus
1434 2313 1601 2366 audit:

234 2391 402 2455 „Quis
420 2395 673 2458 fremitus
708 2410 863 2443 aures
883 2393 1083 2457 flebilis
1109 2394 1321 2461 pepulit
1354 2397 1538 2446 meas?

234 2473 534 2540 Expromat
569 2475 796 2541 aliquis!
829 2474 1029 2524 Luctus
1065 2482 1116 2524 et
1154 2475 1406 2526 lacrimae
1443 2483 1495 2527 et
1529 2475 1692 2541 dolor,

235 2552 303 2602 In
335 2554 515 2602 limine
549 2554 660 2620 ipso
692 2562 896 2604 maesta
928 2554 1283 2606 lamentati0.'’

102 2632 219 2684 Huc
251 2633 396 2683 traho
427 2633 605 2698 fragm.
640 2634 734 2684 inc.
773 2637 903 2684 195:

435 2711 487 2764 τί
518 2711 671 2780 χρέος
704 2711 803 2777 ἔβα
837 2712 1024 2781 &dmm

100 2793 222 2845 Inde
254 2791 443 2844 Seneca
463 2834 478 2858 .,
516 2795 820 2862 Sophoclem
857 2813 1101 2862 sequenS,
1149 2797 1428 2848 Phaedram
1462 2798 1610 2849 finxit
1643 2800 1801 2851 vivam

101 2892 132 2926 a
163 2873 366 2925 Theseo
402 2882 693 2926 conventam
729 2893 860 2942 esse,
897 2877 1208 2930 simulantem
1244 2895 1300 2928 se
1321 2879 1449 2929 mori
1477 2881 1801 2932 constituisse

100 2959 154 3006 et
186 2961 303 3022 post
334 2957 515 3007 multas
549 2958 781 3024 ambages
817 2963 1044 3024 stuprum
1078 2975 1172 3024 per
1202 2959 1303 3008 vim
1349 2960 1442 3010 sibi
1494 2962 1556 3011 ab
1604 2963 1799 3028 Hippo—

98 3035 208 3101 lyto
253 3036 458 3087 inlatum
506 3054 620 3088 esse
665 3039 1036 3101 criminantem,
1094 3039 1388 3105 prolatoque
1431 3040 1582 3092 huius
1633 3043 1800 3107 gladio

99 3117 493 3168 criminationem
543 3121 848 3184 probantem.
917 3119 1029 3169 Alio
1063 3119 1252 3169 ducunt
1283 3121 1545 3188 Euripidis
1590 3123 1799 3190 vestigia

99 3203 154 3247 et
186 3197 681 3264 Pseudopiutarchus
716 3217 828 3250 cum
856 3200 1073 3265 Hygino,
1110 3202 1194 3266 qui
1211 3200 1478 3251 manifesto
1502 3202 1798 3268 Euripidem

99 3282 302 3328 secutus
338 3284 418 3329 est
453 3278 580 3344 (fab.
615 3282 748 3343 4⁷.):
782 3281 980 3344 „Quem
1006 3294 1120 3330 cum
1147 3297 1244 3331 uon
1277 3283 1526 3348 potuisset
1559 3283 1623 3332 ad
1657 3298 1798 3334 suam

96 3358 377 3423 perducere
421 3359 754 3421 voluntatem,
811 3360 1088 3411 tabellas
1150 3363 1434 3429 scriptas
1491 3364 1567 3413 ad
1617 3379 1797 3413 suum

97 3437 306 3487 virum
353 3440 566 3503 misit,
603 3458 660 3492 se
692 3444 754 3493 ab
785 3442 1062 3508 Hippolyto
1098 3457 1437 3510 compressam
1472 3459 1604 3507 esse,
1640 3460 1796 3509 seque

95 3515 208 3582 ipsa
257 3521 527 3586 suspendio
573 3520 822 3574 necavit.’'
906 3521 1127 3589 Πεύκην
1177 3524 1340 3574 nutrix
1373 3524 1480 3575 sive
1541 3524 1792 3589 tabellam,

1506 3607 1538 3653 4
