2144 3854
1177 267 1259 326 62

374 418 588 485 perdere
634 414 969 466 decrevisse.'⁷
1052 415 1352 466 Accuratius
1403 419 1567 466 autem
1613 420 1764 482 atque
1794 418 2064 486 copiosius,

373 498 619 565 quomodo
654 514 713 546 ea
745 502 887 560 gesta
918 498 1033 554 sint,
1067 496 1315 546 Diodorus
1348 496 1526 555 refert,
1559 497 1700 546 cuius
1730 499 2062 550 narrationem

371 580 470 627 iam
504 583 660 626 totam
707 594 818 627 cum
863 578 1134 627 lectoribus
1182 577 1582 627 communicabo:
1631 578 1832 641 „Quum
1881 579 2063 630 ducum

370 658 594 707 reversio
620 659 874 708 etiamtum
901 675 992 723 per
1020 657 1333 706 Thessaliam
1359 660 1685 722 ignoraretur,
1719 659 1851 708 fama
1875 676 2062 721 omnes,

371 739 455 801 qui
488 743 628 787 erant
661 755 772 787 cum
806 739 979 787 Iasone
1011 739 1244 803 profecti,
1279 740 1330 788 in
1363 738 1810 803 Pontiregionibus
1831 741 2064 790 interisse

372 819 657 881 nuntiante,
707 819 887 880 Pelias,
924 820 1344 885 opportunitatem
1381 820 1614 868 omittere
1648 821 1847 881 nolens,
1892 836 2065 869 omnes

371 899 511 961 regni
546 915 863 949 successores
906 898 1167 949 sustulisse
1217 899 1408 949 dicitur.
1478 898 1679 949 Patrem
1715 901 1843 949 enim
1878 899 2063 948 Iasonis

372 979 600 1044 coegisse
633 980 693 1028 ad
742 981 869 1028 tauri
903 980 1187 1044 sanguinem
1222 979 1567 1039 hauriendum,
1620 979 1824 1029 fratrem
1860 979 2062 1029 Proma-

371 1058 553 1119 chum,
589 1060 847 1109 etiamtum
892 1075 1117 1125 puerum,
1155 1059 1418 1111 occidisse.
1501 1060 1865 1124 Amphinomen
1899 1065 2064 1109 autem

369 1143 580 1188 matrem
614 1139 811 1201 ferunt,
849 1155 960 1188 cum
996 1140 1055 1187 ad
1091 1146 1302 1189 mortem
1337 1139 1649 1205 adigeretur,
1694 1140 1836 1190 virile
1871 1145 1922 1190 et
1954 1156 2062 1189 me-

370 1223 563 1268 moratu
597 1220 794 1284 dignum
831 1219 1021 1269 facinus
1069 1226 1413 1286 perpetrasse:
1459 1237 1570 1269 nam
1617 1237 1767 1286 quum
1813 1220 2064 1284 confugis-

370 1303 449 1348 set
481 1299 544 1348 ad
579 1299 744 1349 focum
779 1302 956 1350 domus
1000 1302 1168 1366 regiae
1217 1307 1270 1350 et
1307 1307 1511 1366 precata
1553 1305 1722 1363 esset,
1769 1298 1843 1351 ut'
1867 1299 2065 1365 dignam

370 1379 454 1429 ille
487 1380 1080 1450 impietatisvmercedem
1107 1381 1373 1446 acciperet,
1410 1387 1618 1447 pectore
1641 1381 1804 1449 gladio
1821 1396 2064 1447 percusso

369 1466 582 1510 mortem
618 1462 713 1511 sibi
748 1461 1022 1510 fortissime
1056 1462 1323 1513 conscisse.
1390 1462 1577 1511 Peliam
1612 1467 1818 1524 autem,
1853 1462 1948 1511 hac
1981 1478 2064 1512 ra-

370 1541 507 1590 tione
567 1542 794 1590 omnibus
851 1541 1038 1590 Iasonis
1095 1543 1319 1606 cognatis
1380 1543 1619 1600 sublatis,
1683 1543 1851 1592 statim
1910 1543 2063 1592 meri-

369 1624 471 1669 tam
546 1621 851 1670 nefariorum
912 1621 1185 1669 facinorum
1246 1638 1453 1687 poenam
1523 1622 1738 1671 dedisse.
1836 1622 2064 1671 Iasonem

370 1702 501 1751 enim
548 1707 698 1751 noctu
747 1703 796 1750 in
840 1700 1132 1751 Thessaliae
1182 1703 1424 1768 quendam
1459 1707 1656 1768 portum
1690 1701 1824 1751 Iolco
1858 1703 2063 1768 propin-

369 1798 537 1847 quum,
575 1799 637 1831 ex
673 1783 795 1831 urbe
829 1798 927 1831 non
962 1784 1299 1847 conspicuum,
1334 1800 1455 1832 nave
1489 1783 1711 1847 appulsa,
1750 1799 1812 1831 ex
1836 1782 2066 1848 populari

370 1862 583 1926 quodam
618 1863 846 1911 miseram
883 1878 1084 1910 suorum
1131 1868 1313 1912 nortem
1359 1864 1663 1928 cognovisse.
1734 1862 1940 1911 Cunctis
1977 1878 2063 1911 au-

368 1947 472 1992 tem
508 1944 714 1992 ducibus
749 1943 810 1990 ad
844 1942 1182 1991 ulciscendum
1218 1959 1380 2006 neque
1428 1944 1692 2006 quidquam
1727 1943 1934 2006 periculi
1968 1942 2064 1991 de-

367 2023 677 2073 trectandum
706 2023 906 2088 paratis,
945 2022 1006 2071 de
1030 2023 1219 2072 ratione
1247 2023 1566 2089 aggrediendi
1599 2023 1958 2072 dubitationem
1989 2024 2063 2073 iu-

370 2105 581 2154 cidisse:
618 2104 737 2152 alios
773 2104 904 2152 enim
940 2104 1183 2163 suasisse,
1237 2110 1321 2165 ut,
1372 2104 1561 2169 impetu
1596 2105 1762 2153 statim
1806 2105 1854 2154 in
1889 2105 2064 2154 urbem

370 2185 523 2248 facto,
558 2201 727 2250 regem
755 2184 1055 2248 inopinatum
1082 2184 1446 2249 opprimerent3
1483 2184 1774 2248 quibusdam
1797 2184 2065 2249 placuisse,

371 2271 443 2329 ut,
477 2266 717 2315 militibus
752 2280 815 2314 ex
846 2281 934 2313 sua
970 2265 1176 2329 quisque
1209 2266 1367 2328 patria
1401 2265 1671 2325 arcessitis,
1705 2264 1890 2314 bellum
1927 2281 2064 2314 com-

372 2363 522 2398 mune
557 2346 901 2411 susciperent3
938 2360 1098 2407 neque
1133 2346 1264 2393 enim
1300 2362 1327 2393 a
1363 2345 1716 2410 quinquaginta
1748 2345 1910 2394 tribus
1944 2346 2064 2395 viris

371 2429 503 2478 vinci
535 2443 684 2493 posse
717 2442 887 2489 regem
920 2426 1313 2491 potentissimum
1348 2426 1699 2489 civitatumque
1733 2424 2064 2490 amplissima-

372 2524 482 2558 rum
518 2506 834 2572 possessione
867 2506 1124 2556 muuitum.
1193 2505 1250 2553 In
1283 2506 1377 2554 hac
1419 2505 1718 2554 difficultate
1742 2506 2064 2554 haerentibus

371 2588 605 2638 Medeam
642 2587 909 2652 pollicitam
945 2602 1059 2634 esse
1104 2601 1160 2634 se
1194 2585 1347 2634 solam
1383 2585 1568 2634 Peliam
1603 2584 1719 2634 dolo
1766 2584 2063 2635 interfectu-

373 2685 476 2718 ram
512 2684 817 2731 regnumque
847 2666 1146 2730 dignissimis
1181 2665 1470 2716 tradituram
1506 2682 1619 2715 esse
1652 2666 1760 2714 sine
1793 2665 1895 2714 ullo
1930 2666 2063 2730 peri-

373 2749 500 2799 culo.
568 2748 727 2810 Quam
764 2749 1033 2796 orationem
1081 2762 1228 2812 quum
1279 2762 1452 2795 omnes
1495 2745 1883 2806 admirarentur,
1927 2745 2063 2794 illam

373 2829 676 2889 ostendisse,
713 2828 874 2876 teneri
923 2845 952 2876 a
985 2844 1041 2876 se
1075 2826 1229 2876 multa
1260 2841 1386 2874 nova
1419 2826 1806 2882 medicamenta,
1842 2842 1871 2874 a
1903 2831 2064 2875 matre

372 2910 568 2959 Hecate
602 2911 653 2956 et
688 2923 860 2957 sorore
895 2907 1042 2956 Circe
1073 2907 1285 2968 inventa,
1321 2904 1503 2972 quibus
1531 2911 1675 2956 antea
1709 2904 1911 2970 quidem
1935 2921 2063 2955 nun-

371 3006 520 3055 quam
553 2987 613 3036 ad
649 2988 901 3037 hominum
937 2987 1210 3053 perniciem
1243 3003 1348 3048 usa,
1381 3002 1510 3036 nunc
1542 2991 1707 3038 autem
1740 2987 1947 3036 meritos
1986 2985 2062 3035 fa-

376 3071 471 3121 cile
507 3073 641 3118 esset
674 3068 850 3117 ultura.
919 3068 988 3117 Et
1023 3085 1171 3133 quum
1208 3068 1359 3118 duces
1393 3068 1457 3115 de
1493 3067 1699 3116 consilio
1734 3083 1824 3115 suo
1859 3082 2062 3115 accura-

373 3151 475 3200 tius
511 3149 786 3210 docuisset,
831 3149 1155 3214 praedixisse,
1208 3166 1264 3199 se
1298 3148 1520 3213 signum,
1571 3148 1704 3213 quod
1749 3149 1813 3196 de
1858 3146 2063 3213 specula

373 3231 759 3298 prospiceretur,
792 3229 1008 3278 interdiu
1043 3229 1195 3291 fumo,
1230 3235 1378 3279 noctu
1412 3229 1552 3293 igne,
1590 3244 1619 3277 e
1652 3229 1798 3292 regia>
1819 3228 2060 3278 daturam.

374 3312 565 3363 Deinde
598 3326 725 3369 eam,
761 3326 911 3374 quum
944 3311 994 3359 in
1017 3309 1200 3360 Dianae
1224 3326 1341 3359 cavo
1361 3308 1637 3369 simulacro,
1673 3308 1889 3361 adhunc
1917 3323 2061 3357 usum

373 3396 566 3458 parato,
599 3390 734 3439 varia
767 3390 1127 3440 medicamenta
1155 3390 1474 3450 condidisset,
1509 3404 1674 3438 comas
1693 3389 1929 3438 remediis
1953 3388 2060 3452 qui-

373 3473 582 3524 busdam
615 3473 668 3522 in
702 3487 848 3522 canas
881 3477 1127 3532 mutasse,
1175 3487 1231 3522 os
1273 3474 1435 3523 autem
1469 3473 1727 3534 totumque
1760 3484 1942 3535 corpus
1974 3485 2061 3518 ru-
