2144 3854
942 297 1065 355 33⁶6

164 445 243 497 dis
275 447 536 510 laesaeque
568 444 690 495 fidei
729 444 931 495 crimina
963 443 1147 492 futura.
1213 443 1550 510 Indignissima
1585 449 1749 496 autem
1783 451 1838 497 et

162 528 436 577 miserrima
483 542 596 575 esse
640 542 767 590 quae
810 539 958 589 passa
1001 524 1065 571 sit
1108 522 1289 572 Medea
1340 541 1370 573 e
1415 526 1570 589 patria
1603 526 1836 586 abducta,

159 608 210 657 in
246 607 505 673 peregrina
539 612 673 654 terra
708 605 961 662 destituta,
996 603 1202 667 insuper
1235 605 1461 654 exsulare
1495 607 1641 670 iussa,
1676 623 1838 671 neque

160 689 350 738 habens
385 703 480 751 quo
516 704 572 736 se
607 687 844 736 conferat.

294 767 445 818 Venit
478 769 525 816 in
561 766 855 830 colloquium
900 761 1147 822 Medeae,
1191 761 1252 810 ad
1297 764 1502 812 audacia
1549 781 1694 828 quam
1746 767 1836 816 do·-

157 846 269 896 losa·
298 848 498 895 consilia
532 844 880 912 propensioris,
915 842 1072 901 Iason,
1107 841 1342 890 simulans
1389 843 1586 906 quidem
1615 861 1670 894 se
1700 863 1836 895 com-

159 926 307 975 modo
342 932 393 975 et
426 927 557 977 illius
594 933 647 976 et
679 927 940 975 liberorum
979 922 1283 986 prospicere,
1319 938 1495 971 revera
1529 931 1691 973 autem
1724 943 1836 991 par-

143 1007 248 1060 ¹tim
285 1007 486 1073 virginis
521 1007 798 1069 desponsae
844 1018 1013 1050 amore
1057 1008 1227 1065 captus
1262 1006 1314 1051 et
1347 1003 1583 1052 barbarae
1616 1006 1837 1055 mulieris

159 1087 439 1151 coniugium
474 1087 762 1141 fastidiens,
813 1082 992 1147 partim
1046 1083 1230 1146 proprii
1263 1083 1510 1131 commodi
1545 1084 1706 1133 studio
1741 1086 1836 1134 du-

159 1171 288 1215 ctuS.
355 1167 423 1215 Et
467 1182 642 1215 novam
674 1163 893 1213 iniuriam
931 1162 1268 1227 superioribus
1306 1163 1474 1224 addit,
1525 1180 1674 1228 quum
1709 1165 1836 1215 libe-

156 1262 324 1296 rorum
359 1246 677 1311 possessione
705 1243 932 1292 Medeam
959 1243 1140 1291 cedere
1166 1242 1347 1291 iubeat.
1417 1242 1571 1293 Cuius
1598 1245 1835 1304 caecitas,

157 1341 220 1376 ex
253 1327 482 1391 cupidine
514 1329 654 1385 nata,
702 1329 839 1372 tanta
884 1331 990 1381 est,
1038 1327 1092 1371 ut
1135 1323 1282 1372 etiam
1316 1323 1526 1373 Medeae
1561 1324 1834 1384 libidinem,

156 1421 254 1470 qua
288 1408 533 1471 quondam
570 1404 822 1454 carissima
858 1418 1079 1466 quaeque
1114 1402 1300 1452 Iasonis
1348 1404 1502 1452 amori
1537 1406 1835 1469 postposuit,

157 1501 393 1552 superare
443 1486 684 1535 videatur.
763 1482 888 1531 Nam
934 1483 1028 1531 nisi
1073 1482 1220 1547 plane
1263 1483 1442 1532 mentis
1476 1484 1632 1533 aciem
1668 1486 1715 1534 ei
1746 1502 1834 1535 vo-

156 1567 356 1631 luptatis
380 1565 714 1628 utilitatisque
748 1564 869 1611 ratio
905 1563 1276 1623 obstrinxisset,
1323 1579 1419 1612 non
1454 1570 1627 1627 posset
1660 1571 1834 1629 postu-

154 1646 276 1704 lare,
310 1651 367 1696 ut
399 1645 578 1695 mulier
610 1644 733 1692 tanti
777 1643 928 1691 animi
980 1649 1240 1706 tantaeque
1287 1644 1643 1704 confidentiae,
1692 1646 1834 1695 cuius

155 1742 306 1791 opera
340 1731 392 1775 et
425 1724 645 1775 consiliis
679 1725 787 1788 ipse
821 1724 996 1782 omnia,
1034 1724 1403 1786 quibuscunque
1437 1724 1710 1786 gloriatur,
1745 1727 1833 1776 ad-

156 1812 303 1872 eptus
330 1811 424 1863 est,
460 1805 706 1870 patienter
730 1802 856 1851 ferat
891 1818 946 1851 se
972 1818 1070 1851 non
1111 1802 1269 1851 solum
1295 1804 1452 1867 gratia
1481 1804 1834 1855 beneficiorum

154 1886 354 1951 privari,
391 1886 480 1933 sed
515 1884 662 1932 etiam
697 1882 928 1946 reliquis,
964 1898 1087 1946 quae
1123 1884 1310 1946 optimo
1345 1883 1452 1932 iure
1486 1889 1652 1947 tenet,
1702 1887 1833 1948 exui,

154 1966 375 2029 satisque
408 1964 621 2018 habeat,
657 1964 790 2026 quod
823 1963 968 2010 liceat
1001 1962 1047 2010 ei
1084 1964 1259 2011 marito
1293 1962 1559 2027 liberisque
1594 1966 1835 2029 spoliatae

151 2047 200 2095 in
235 2046 383 2095 domo
430 2043 654 2092 aemulae
684 2042 831 2090 vitam
868 2042 1067 2090 trahere
1102 2043 1522 2093 contumeliosam.
1592 2044 1830 2094 Ceterum

152 2142 250 2190 quo
285 2123 532 2188 stupidior
565 2127 642 2170 est
675 2121 725 2169 in
761 2122 1018 2185 explenda,
1038 2121 1150 2170 ‘hoc
1184 2123 1373 2170 acutior
1406 2123 1755 2188 sollertiorque
1782 2126 1832 2176 in

150 2204 464 2255 defendenda
497 2201 743 2266 cupidine,
779 2203 1000 2265 satisque
1027 2201 1265 2266 speciosis
1293 2205 1595 2267 argumentis
1625 2221 1832 2254 accusa-

148 2286 334 2335 tionem
368 2282 596 2342 Medeae,
633 2297 823 2330 summa
857 2298 969 2331 cum
1003 2282 1335 2345 indignatione
1368 2284 1419 2332 in
1453 2301 1567 2333 eum
1591 2285 1831 2349 invectae,

150 2365 342 2415 diluere
402 2366 622 2410 conatur.
709 2361 831 2409 Nam
883 2377 1030 2424 quum
1085 2361 1166 2409 illa
1227 2361 1583 2427 impudentiam
1642 2366 1689 2414 ei
1746 2382 1832 2415 ex-

149 2444 455 2510 probrasset,
489 2440 620 2504 quod
655 2440 813 2504 ipsius
849 2456 945 2488 non
979 2441 1184 2488 vitasset
1219 2450 1558 2505 conspectum,
1596 2460 1745 2508 quum
1780 2451 1832 2495 et

149 2522 391 2574 beneficia
448 2520 818 2586 percensuisset
880 2525 929 2567 et
991 2519 1344 2583 promissorum
1407 2521 1649 2586 dataeque
1709 2525 1832 2574 fidei

150 2619 263 2653 eum
287 2601 643 2662 admonuisset,
678 2615 822 2663 quam
852 2598 983 2648 nulla
1022 2600 1319 2648 necessitate
1347 2606 1547 2650 coactus
1576 2603 1831 2666 violasset,

149 2683 363 2746 denique
410 2696 465 2728 se
509 2681 556 2729 in
592 2680 905 2744 desperatam
942 2683 1127 2726 sortem
1160 2678 1295 2727 illius
1331 2680 1541 2741 perfidia
1575 2682 1830 2732 detrusam

148 2780 263 2813 esse
296 2760 625 2818 ostendisset,
660 2759 744 2807 hic
779 2758 991 2823 primum
1027 2758 1214 2823 gratiae
1248 2757 1543 2809 referendae
1575 2761 1740 2810 officio
1776 2778 1831 2811 se

150 2844 365 2894 solutum
409 2857 523 2890 esse
571 2839 754 2888 iudicat
801 2837 947 2896 ideo,
998 2838 1129 2902 quod
1163 2838 1231 2886 nil
1266 2854 1362 2886 non
1396 2838 1594 2888 Venere
1629 2841 1831 2892 iubente

149 2929 454 2988 cogenteque
489 2937 517 2968 a
551 2918 733 2968 Medea
768 2917 1004 2967 effectum
1040 2917 1107 2966 sit
1131 2916 1215 2982 *),
1266 2918 1449 2969 deinde
1493 2920 1654 2968 omnia
1697 2920 1831 2971 illius

201 3121 255 3177 ²⁶)
283 3120 473 3178 Insignis
496 3123 763 3178 corruptela,
785 3135 898 3177 quae
919 3107 1030 3164 latet
1052 3118 1097 3161 in
1120 3119 1323 3162 versibus
1346 3117 1625 3173 529-ss531„
1654 3118 1830 3176 pridem

287 3205 373 3246 ope
401 3191 675 3234 scholiorum
704 3192 850 3234 sanari
880 3190 1024 3247 potuit
1051 3189 1115 3232 sic
1144 3189 1402 3233 scribendo:

391 3258 418 3306 ὁ
449 3257 491 3304 δ’
521 3259 614 3304 ἔστι
641 3260 725 3316 μέν
752 3277 832 3316 μοι
860 3257 1038 3311 λεπτός,
1069 3255 1164 3303 ἀλλ’
1193 3259 1452 3317 ἐπίφθονος

395 3328 541 3387 λόγος,
571 3332 788 3385 διελθεῖν,
819 3333 880 3383 ὥς
910 3330 1056 3389 Ἔρως
1089 3332 1128 3374 σ’
1156 3327 1384 3387 ἠνάγκασε

390 3399 548 3445 πόνων
578 3398 798 3456 ἅφύκτων
825 3399 1002 3458 τούμὸν
1031 3400 1227 3447 ἐκσῶσαι
1255 3402 1410 3459 δέμας.

285 3471 354 3515 De
381 3472 590 3518 vocabuli
618 3471 781 3526 λεπτός
807 3474 854 3518 vi
884 3474 943 3516 cf.
976 3488 1017 3517 v.
1048 3472 1174 3517 1081.
