2144 3854
1127 280 1245 336 164

1149 510 1240 579 V.

374 639 982 712 Continuat-ur
1049 637 1150 706 de
1213 635 1800 731 philosophia
1853 661 2017 707 mo-

555 746 725 816 rali
772 769 873 815 ae
927 744 1031 814 de
1087 743 1280 813 vita
1333 743 1833 814 domestica

946 849 1439 944 Euripidis.

479 1118 591 1168 Non
626 1131 888 1182 possumus
935 1114 998 1164 de
1030 1115 1128 1163 vita
1162 1114 1479 1179 moribusque
1512 1114 1767 1180 Euripidis
1802 1115 2037 1165 disserta-

349 1200 536 1251 tionem
571 1197 846 1254 absolvere,
883 1196 998 1259 quin
1034 1196 1214 1252 etiam,
1250 1211 1377 1259 quae
1410 1176 1474 1243 d}
1508 1195 1783 1245 domestica
1815 1197 1915 1245 vita
1948 1196 2035 1245 de—

347 1296 444 1345 que
491 1277 724 1327 uxoribus
773 1276 879 1324 eius
926 1275 1197 1325 memoriae
1242 1280 1359 1325 sunt
1402 1274 1625 1340 prodita,
1685 1276 2037 1325 examinemus.

348 1357 673 1408 Grammatici
706 1355 816 1404 fere
850 1371 1022 1404 omnes
1058 1371 1206 1418 quum
1258 1356 1454 1404 tristem
1508 1371 1836 1420 severumque
1888 1357 2037 1406 Euri-

343 1439 512 1504 pidem
546 1437 705 1485 fuisse
738 1436 917 1494 dicant,
953 1439 1059 1483 tum
1093 1440 1144 1483 et
1178 1450 1474 1501 congressus
1495 1435 1752 1485 hominum
1775 1437 1956 1486 vitasse
1983 1441 2036 1486 et

345 1518 579 1568 mulieres
613 1502 780 1564 odisse
815 1514 1065 1562 affirmant
1091 1510 1160 1576 *).
1237 1514 1351 1562 Ηοο
1384 1530 1447 1562 ex
1481 1515 1648 1579 specie
1681 1516 1917 1581 vultuque
1947 1516 2038 1566 viri

345 1602 538 1645 temere
573 1593 836 1643 collectum
872 1592 1031 1642 fuisse
1089 1593 1242 1642 multa
1285 1598 1549 1644 testantur.
1635 1593 1859 1644 Primum
1905 1596 2038 1645 enim

345 1675 615 1740 Euripides
649 1675 758 1738 ipse
782 1674 1073 1722 contrariam
1101 1673 1394 1722 sententiam
1422 1689 1588 1722 veram
1613 1680 1903 1740 rectamque
1926 1690 2039 1727 esse

345 1756 521 1815 docet,
568 1754 917 1803 commendans
954 1754 1267 1815 comitatem,
1311 1752 1676 1816 affabilitatem,
1725 1757 1841 1820 quin
1888 1756 2037 1805 etiam

346 1834 592 1892 Venerem
619 1849 730 1882 cum
761 1833 969 1894 Gratiis,
998 1839 1170 1882 contra
1195 1834 1530 1882 austeritatem
1556 1841 1609 1883 et
1633 1835 1835 1884 nimium
1855 1837 2038 1885 sancti-

344 1915 460 1963 tatis
494 1914 712 1962 studium
747 1914 807 1962 ab
852 1913 1114 1962 insolentia
1155 1914 1408 1978 proficisci
1460 1915 1726 1964 ostendens
1760 1915 1811 1964 in
1843 1916 2037 1982 Hippo-

344 1994 451 2058 lyto
473 1990 573 2057 **).
641 1993 778 2042 Idem
814 1993 864 2041 in
901 1993 1107 2042 Bacchis
1140 1994 1470 2059 insipientiam
1506 2011 1620 2044 esse
1668 1994 1818 2046 docet
1860 2011 2035 2062 super-

343 2074 461 2124 bum
497 2073 769 2138 sapientiae
803 2074 1045 2123 studium:

293 2142 296 2147 ’
476 2147 537 2202 τὸ
571 2151 747 2216 σοφὸν
781 2151 847 2202 οὐ
882 2151 1049 2218 σοφία

473 2230 535 2283 τό
567 2248 622 2282 τε
656 2230 729 2298 μὴ
761 2233 937 2298 θνητὰ
970 2237 1211 2298 φρονεῖν,

342 2313 608 2379 fugiendos
644 2329 757 2362 esse
791 2315 921 2362 viros
956 2314 1102 2362 nimis
1137 2330 1364 2364 severos:

474 2391 650 2457 σοφὸν
683 2391 730 2442 δ’
764 2391 975 2458 ἀπέχειν
1005 2393 1242 2457 πραπίδα
1275 2392 1447 2459 φρένα
1478 2413 1533 2446 τε

475 2473 740 2536 περισσῶν
771 2472 915 2539 παρὰ
948 2476 1160 2539 φωτῶν,

341 2553 602 2604 ridendum
637 2570 750 2603 esse
785 2561 836 2604 et
867 2556 915 2604 in
949 2562 1179 2621 tempore
1213 2557 1579 2607 insaniendum:

472 2632 745 2685 θιασεύειν
775 2650 831 2685 τε
863 2638 1044 2700 χοροῖς,-

471 2713 602 2778 μετά
632 2715 678 2763 τ’
713 2714 884 2768 αὐλοῦ
917 2714 1135 2781 γελάσαι

472 2792 781 2846 α’ποπαῢσαὶ
812 2813 868 2847 τε
895 2797 1152 2864 μερίμνας
1183 2797 1291 2846 κτλ.

340 2890 503 2938 neque
535 2875 666 2924 enim
702 2878 951 2927 Bacchum
985 2877 1219 2944 probitati
1252 2875 1551 2924 contrarium
1586 2890 1727 2924 esse:

474 2958 541 3009 οὐ
573 2957 675 3024 γὰρ
711 2956 741 3008 ὁ
774 2957 899 3018 θεὸς
933 2957 1004 3025 μὴ
1040 2957 1341 3022 σωφρονεῖν
1372 2953 1657 3019 ἀναγκάσει

473 3042 732 3104 γυναῖκας
767 3034 820 3098 ἐς
851 3035 951 3104 τὴν
986 3038 1216 3105 Κύπριν,
1250 3036 1381 3087 ἀλλ’
1417 3033 1486 3086 ἐν
1517 3040 1594 3102 τῇ
1629 3034 1833 3102 φύσει

470 3119 543 3170 τὸ
580 3121 976 3185 σωφρονεῖν
1009 3116 1285 3170 ἔνεστιν
1318 3114 1382 3177 ἐς
1415 3115 1489 3167 τὰ
1523 3117 1706 3182 πάντ’
1741 3113 1862 3192 ἀεί.

412 3247 456 3301 *)
484 3247 669 3290 Suidas:
702 3246 979 3305 σκυθρωπὸς
1008 3245 1058 3292 δὲ
1094 3239 1155 3303 ἧν
1181 3245 1234 3290 τὸ
1267 3237 1386 3301 ἦθος
1410 3243 1489 3287 καὶ
1518 3239 1708 3299 οἷμειδὴς
1735 3241 1814 3287 καὶ
1844 3239 2027 3297 φεύγων

475 3315 560 3368 τὰς
589 3320 849 3369 συνουσίας,
882 3315 997 3362 ὅθεν
1025 3316 1103 3361 καὶ
1131 3314 1377 3373 μισογύνης
1417 3313 1729 3372 ἐδοξάσθη.
1795 3313 1920 3357 Adde
1954 3311 2022 3355 vi-

477 3391 547 3429 tas
575 3388 779 3431 codicum
803 3389 939 3440 Med„
968 3388 1094 3432 Vind.
1124 3392 1206 3431 etc.

392 3457 451 3513 ”)
481 3458 550 3501 Cf.
580 3474 623 3501 v.
654 3459 711 3503 92
737 3474 858 3515 seqq.
