2176 3874
1122 275 1247 332 488

339 429 487 476 homo
520 426 700 490 partim
734 437 960 487 serpenS,
995 437 1110 471 cum
1141 421 1339 471 filiabus
1362 419 1592 487 depictus
1622 426 1748 472 erat.
1809 420 2019 489 Delphis

337 506 562 555 omnibus
600 504 662 552 ad
710 503 881 568 epulas
928 502 1146 563 vocatiS,
1191 502 1504 567 paedagogus
1554 501 1617 551 ad
1661 501 1838 566 pocula
1869 504 2018 552 mini-

337 584 540 635 stranda
570 600 624 632 se
643 584 822 632 obtulit
857 587 907 631 et
941 583 1154 648 phialam
1184 583 1329 647 longe
1353 582 1722 645 amplissimam,
1755 583 1896 646 quasi
1927 583 2021 632 ho-

337 665 473 714 noris
509 679 710 724 caussa,
746 669 860 712 ante
893 663 1090 722 Ionem,
1125 662 1346 710 immisso
1381 677 1598 723 veneno,
1632 663 1830 726 plenam
1863 663 2022 712 collo-

338 744 480 793 cavit.
550 743 651 791 Sed
686 744 1003 803 adolescenS,
1058 759 1171 791 cum
1207 742 1360 790 libare
1394 741 1567 801 vellet,
1616 743 1766 791 verbo
1811 742 2022 807 quodam

337 823 467 872 servi
500 823 629 871 male
665 824 880 872 ominato
916 823 1161 882 monitus,
1197 822 1250 870 in
1282 827 1468 870 terram
1505 821 1756 887 extemplo
1789 822 2024 872 libamina

340 903 502 952 omnia
537 903 722 951 effundi
757 904 917 951 iussit.
985 902 1212 966 Repente
1245 903 1391 950 turba
1422 902 1778 960 columbarum,
1812 918 1941 966 quae
1971 903 2023 953 in

335 981 559 1031 delubris
595 983 833 1046 Apollinis
868 983 1202 1041 habitabant,
1229 982 1291 1047 ²¹51
1334 981 1661 1030 hauriendum
1707 983 1872 1032 vinum
1903 998 2023 1048 pro-

336 1062 505 1111 fusum
541 1063 828 1113 convolavit.
895 1062 966 1111 lbi
1001 1077 1149 1125 quum
1184 1059 1389 1125 reliquis
1414 1063 1604 1111 innoxia
1628 1062 1811 1111 fuisset
1835 1060 2023 1125 libatio,

338 1157 431 1203 ea,
475 1159 601 1207 quae
636 1142 764 1191 Ionis
800 1147 971 1206 potum
1020 1141 1259 1205 gustavit,
1306 1143 1471 1190 statim
1504 1142 1779 1208 palpitante
1813 1155 2024 1207 corpore

338 1221 602 1285 missisque
637 1222 838 1270 vocibus
885 1221 1004 1269 diris
1053 1221 1334 1285 exspiravit.
1402 1221 1455 1270 ln
1501 1222 1633 1271 facto
1682 1222 2023 1287 deprehensus

340 1315 492 1349 senex
540 1302 599 1349 ab
648 1302 965 1350 adolescente
1013 1301 1238 1349 confiteri
1285 1300 1447 1349 scelus
1498 1308 1699 1351 coactus
1746 1305 1838 1352 est.
1906 1302 2026 1351 lnde

341 1379 448 1427 sine
482 1396 621 1429 mora
655 1382 738 1431 ille
773 1399 887 1431 cum
923 1381 1139 1430 convivis
1175 1382 1238 1429 ad
1284 1382 1597 1444 magistratus
1631 1381 1933 1446 Delphorum
1969 1398 2026 1431 se

335 1459 612 1524 proripuit,
650 1463 734 1525 qui
760 1461 1089 1511 consentienti
1109 1461 1291 1510 iudicio
1316 1460 1571 1523 Creusam,
1598 1462 1728 1525 quod
1752 1462 2025 1511 antistitem

336 1540 511 1603 templi
544 1541 670 1590 intra
706 1544 919 1590 sacraria
953 1542 1035 1590 dei
1069 1541 1353 1589 interficere
1388 1546 1562 1590 conata
1598 1546 1758 1601 esset,
1803 1541 1868 1589 de
1899 1556 2027 1605 rupe

335 1621 651 1684 praecipitari
684 1623 934 1671 iusserunt
970 1628 1022 1670 et
1054 1622 1314 1684 miserunt,
1351 1621 1435 1685 qui
1460 1622 1703 1669 inventam
1746 1619 1810 1669 ad
1834 1619 2025 1686 suppli-

339 1697 470 1747 cium
505 1707 754 1765 raperent.

471 1779 894 1845 sapientissimum
930 1787 1038 1830 erat
1070 1781 1252 1830 veteris
1277 1781 1563 1847 tragoediae
1595 1779 1893 1838 institutum,
1928 1793 2027 1842 quo

338 1859 509 1923 epicae
559 1877 771 1924 poeseos
832 1863 987 1911 virtus
1038 1878 1149 1910 cum
1205 1861 1502 1910 dramaticae
1559 1861 1925 1910 consociaretur
1973 1862 2028 1908 et

339 1938 578 2002 rhapsodi
614 1958 876 2006 personam
911 1943 1091 1990 histrio
1128 1947 1406 2005 opportune
1439 1943 1747 2006 susciperet,
1783 1940 1917 2004 quod
1949 1939 2028 1988 in·-

337 2018 563 2067 stitutum
601 2028 882 2070 manaverat
915 2039 976 2070 ex
1011 2021 1184 2069 eadem
1218 2021 1386 2069 iudicii
1421 2022 1734 2080 sinceritate,
1781 2035 1878 2083 qua
1912 2019 2027 2068 reli-

339 2113 544 2161 quarum
579 2102 760 2149 artium
803 2116 1138 2164 generumque
1182 2115 1393 2163 poeseos
1441 2099 1782 2148 confusionem
1827 2103 2026 2146 veteres

340 2177 575 2229 vitabant.
647 2169 771 2228 Sunt
821 2181 951 2229 enim
999 2196 1125 2244 quae
1176 2195 1339 2242 neque
1374 2184 1611 2244 apparatu
1647 2177 1847 2227 scenico
1882 2176 2028 2240 digne

337 2260 703 2319 repraesentari·
734 2276 895 2324 neque
929 2259 1118 2324 agendo
1154 2260 1412 2307 commode
1445 2258 1684 2322 explicari
1717 2259 1922 2320 queant3
1974 2262 2028 2305 et

338 2337 381 2383 si
414 2337 491 2385 vel
526 2340 739 2387 maxime
773 2346 947 2403 posset
982 2341 1124 2387 turba
1172 2339 1476 2403 epulantium
1527 2343 1580 2386 et
1613 2332 1876 2401 apparatus
1907 2350 2028 2402 con-

338 2416 451 2464 vivii
486 2423 538 2466 et
574 2419 858 2468 aulaeorum
892 2420 1088 2484 pictura
1136 2424 1186 2466 et
1229 2435 1492 2467 consessus
1533 2417 1811 2481 principum
1854 2413 2031 2482 populi

340 2511 453 2544 cum
479 2498 774 2546 iudiciorum
803 2499 1123 2547 sollemnibus
1158 2498 1306 2562 digne
1340 2504 1555 2562 apteque
1581 2496 1823 2556 exhiberi,
1857 2495 2028 2544 nolue-

336 2583 454 2624 runt
504 2578 689 2626 animos
724 2580 868 2627 variis
905 2585 957 2626 et
991 2578 1347 2642 multiplicibus
1383 2577 1682 2641 spectaculis
1715 2576 1943 2624 distineri
1976 2579 2030 2624 et

338 2671 367 2703 a
403 2672 592 2705 summa
642 2675 809 2707 rerum
856 2658 1090 2706 abstrahi.
1159 2657 1335 2721 Neque
1374 2657 1505 2706 enim
1540 2671 1774 2705 sensuum
1810 2653 2028 2704 delecta-

337 2735 458 2785 tioni
491 2753 688 2807 scenam
724 2740 1021 2787 destinatam
1056 2754 1199 2800 esse,
1244 2754 1406 2802 neque
1440 2737 1663 2801 corporis
1697 2735 2029 2799 voluptatibus

340 2816 679 2879 serviendum,
741 2819 830 2867 sed
876 2820 1120 2867 actionum
1166 2818 1431 2866 momentis
1487 2816 1713 2866 homines
1761 2813 2028 2864 movendos

341 2911 455 2944 esse
490 2898 788 2960 iudicabant,
825 2915 1037 2963 quarum,
1067 2900 1166 2947 vim
1200 2898 1371 2964 augeri
1396 2896 1673 2946 revocando
1700 2894 1763 2943 ad
1793 2893 2028 2959 simplici-

336 2979 494 3024 tatem
540 2983 686 3041 atque
737 2979 1142 3043 perspicuitatem
1195 2994 1276 3026 res
1323 2977 1542 3042 quamvis
1590 2975 1776 3041 amplas
1827 2974 2028 3037 lateque

335 3061 566 3120 patentes
600 3060 797 3123 planum
834 3065 929 3110 est.
999 3059 1053 3106 ln
1086 3059 1179 3106 hac
1223 3063 1388 3106 autem
1425 3057 1704 3105 narratione
1728 3068 2022 3118 componen-

339 3135 402 3183 da
435 3139 655 3199 quamvis
691 3139 899 3188 multum
934 3145 1106 3186 noster
1139 3138 1381 3200 voluptati
1415 3136 1689 3198 studiisque
1718 3134 1899 3193 civium
1934 3132 2026 3181 de-

339 3217 502 3277 derit,
548 3222 712 3268 tamen
745 3219 867 3267 nihil
912 3218 1178 3267 immiscuit
1213 3219 1357 3267 alieni
1390 3221 1536 3279 atque
1569 3213 1734 3265 otiosi.
1800 3211 2027 3260 Donariis

338 3299 491 3346 sacris
525 3299 791 3347 tentorium
830 3299 1093 3347 convestiri
1125 3299 1293 3358 finxit,
1339 3312 1432 3362 quo
1466 3295 1657 3359 gravius
1693 3296 1829 3342 esset
1862 3292 2026 3341 scelus

337 3377 468 3426 inter
498 3378 605 3442 ipsa
639 3378 719 3427 dei
753 3394 892 3427 sacra
929 3378 1278 3439 commissum3
1328 3376 1517 3426 coelum
1561 3389 1676 3422 cum
1712 3372 1870 3422 stellis
1913 3371 2025 3420 uni-

337 3458 522 3519 versis,
568 3458 709 3522 quasi
742 3459 946 3508 deorum
984 3458 1276 3519 concilium,
1309 3456 1556 3529 inspicere
1586 3453 1698 3504 illas
1732 3468 1814 3504 res
1847 3452 2023 3503 eadem
