2144 3854
1111 321 1234 378 18⁰

454 469 714 521 obstinate
756 467 998 517 infitiante
1043 469 1239 533 Aerope
1251 505 1267 528 ,
1330 465 1526 514 simulat
1573 465 1669 514 sibi
1717 467 2005 532 persuaderi

325 551 556 615 omnique
590 548 872 611 suspicione
905 563 961 597 se
994 547 1256 598 liberatum
1291 562 1422 605 esse,
1459 545 1557 594 hoc
1591 545 1796 595 con-ilio
1807 582 1821 607 ‚
1855 549 1911 594 ut
1943 547 2005 595 il-

325 631 419 679 lius
453 630 515 678 ad
549 628 751 676 fratrem
787 628 1077 693 capiendum
1110 643 1262 693 opera
1294 630 1461 675 utatur
1478 642 1493 673 ε

454 707 629 774 „Imp
646 713 857 756 etrem
877 708 1102 772 facile
1137 708 1213 756 ab
1249 708 1493 765 animm
1539 711 1611 753 ut
1645 709 1883 754 cernat
1915 704 2004 754 vi-

1148 787 1358 835 talem
1395 784 1737 835 bahulum”
1764 780 1832 848 *).

322 867 494 931 ltaque
537 871 767 930 tanquam
820 868 946 916 bono
992 869 1151 917 animo
1186 869 1317 915 hunc
1348 866 1490 914 initio
1523 865 1804 914 arcessierit
1836 867 1887 912 et
1917 877 2005 911 no·
2079 907 2085 913 ,

321 946 523 994 vissimo
571 944 769 994 demum
814 952 1043 1012 tempore
1089 947 1322 996 delatoris
1373 945 1627 994 cuiusdam
1661 942 2006 993 criminationi·

320 1024 413 1073 bus
447 1040 476 1072 a
507 1030 646 1072 recta
675 1027 749 1072 via
782 1026 1023 1074 abductus
1058 1026 1226 1086 fuerit,
1261 1041 1464 1075 uxorem
1513 1030 1679 1089 rogat,
1729 1028 1783 1072 ut
1826 1021 2006 1072 blande

321 1104 529 1153 invitans
575 1101 779 1152 fratrem
825 1103 876 1151 in
924 1104 1125 1153 domum
1171 1104 1402 1154 deducat.
1470 1102 1546 1151 Ad
1593 1108 1825 1153 mutatam
1860 1099 2005 1152 animi
2051 1117 2054 1118 ⁷

321 1183 612 1234 sententiam
648 1182 912 1234 manifesto
943 1184 1193 1248 pertinent
1225 1185 1434 1232 haecce:

487 1300 500 1314 .
535 1300 547 1312 .
582 1260 710 1327 πρὶν
743 1259 1003 1327 ἐκφλῆναί
1034 1279 1098 1329 με
1131 1260 1220 1314 καὶ
1253 1264 1448 1326 μαθεῖν
1482 1262 1645 1327 λόγον
1673 1261 1774 1326 ²³³²).

323 1341 478 1392 Grata
508 1342 736 1406 Aeropae
766 1342 892 1391 haec
926 1344 1062 1391 Atrei
1117 1350 1195 1392 est
1237 1344 1457 1392 voluntas
1499 1343 1720 1406 speranti
1766 1340 1904 1400 fore,
1951 1342 2006 1387 ut

321 1421 535 1486 decepto
579 1423 777 1486 penitus
825 1422 1003 1471 marito
1049 1422 1259 1471 facultas
1303 1423 1475 1471 redeat
1508 1423 1784 1471 adulterum
1817 1418 2004 1485 ample-

323 1502 506 1551 ctendi.
573 1501 773 1564 Aerope
818 1516 930 1548 cum
976 1501 1129 1550 Atreo
1177 1502 1239 1549 ad
1287 1500 1564 1565 Thyestem
1596 1500 1895 1550 invitandum
1928 1497 2003 1546 di-

321 1579 537 1645 gressis,
590 1579 728 1627 locus
773 1579 833 1628 fit
867 1579 1008 1628 chori
1043 1568 1243 1628 carmini
1275 1581 1444 1631 tertio.
1512 1579 1667 1628 Redit
1697 1580 1878 1628 Atreus
1911 1577 2004 1626 ho-

322 1660 521 1724 spitem,
555 1658 633 1706 cui
668 1659 930 1723 scrupulus
964 1665 1187 1707 exemtus
1221 1665 1300 1708 est
1332 1660 1529 1723 reginae
1561 1658 1861 1724 praesentia,
1893 1671 2006 1705 cum

321 1738 492 1788 liberis
527 1738 632 1786 eius
679 1738 945 1788 adducens,
1012 1738 1210 1804 Quippe
1259 1738 1534 1803 ThyesteS‚
1585 1753 1697 1787 cum
1739 1736 1865 1786 falsa
1909 1735 2008 1785 sint

321 1818 562 1884 plurima,
609 1833 732 1880 quae
767 1819 1024 1868 videantur
1058 1835 1170 1867 esse
1202 1835 1346 1878 vera,
1397 1834 1546 1882 posse
1578 1822 1716 1883 putat
1749 1833 1779 1866 e
1810 1820 2006 1865 contra-

322 1899 398 1948 rio
442 1899 589 1947 etiam
636 1913 806 1946 verum
859 1913 972 1946 esse
1016 1897 1231 1962 aliquid,
1293 1899 1427 1961 quod
1471 1899 1623 1946 fidem
1667 1911 1905 1962 superare
1935 1894 2005 1943 vi-

322 1977 525 2028 deutur:

454 2054 564 2106 ἀλλ’
599 2053 739 2118 εἴπερ
773 2051 914 2104 ἐστὶν
945 2049 1003 2103 ἐν
1035 2052 1248 2118 βροτοῖς
1279 2053 1636 2120 ψευδηγορεῖν

452 2134 706 2193 πιθανόν,
740 2132 971 2199 νομίζειν
1003 2131 1100 2198 χρή
1134 2148 1193 2197 γε
1225 2130 1314 2182 καὶ
1348 2132 1665 2185 τούναντίον

454 2216 625 2265 ἄπιστ’
660 2212 833 2282 ἀληθῆ
868 2211 1034 2265 πολλὰ
1067 2211 1378 2279 συμβαίνειν
1411 2214 1642 2279 βροτοῖς.

324 2295 531 2360 Reliqua
564 2296 711 2344 huius
743 2295 971 2359 colloquii
1004 2295 1163 2358 qualia
1192 2294 1399 2353 fuerint,
1435 2308 1732 2359 cognoscere
1765 2298 1909 2359 potes
1942 2309 2005 2344 ex

324 2375 543 2425 Senecae
577 2390 730 2438 opere
765 2374 868 2439 (ΙΙΙ.
903 2391 950 2422 v.
984 2374 1349 2440 512.—545.)‚
1394 2391 1522 2439 quae
1566 2375 1672 2423 eius
1718 2374 2004 2440 tragoediae

323 2471 439 2521 pars
475 2455 590 2518 quin
626 2470 686 2503 ex
719 2453 958 2520 Euripide
991 2470 1226 2520 expressa
1261 2454 1339 2515 sit,
1375 2451 1472 2504 non
1501 2455 1686 2504 dubito.
1735 2454 2004 2518 Postquam

325 2535 448 2584 satis
482 2533 574 2582 sibi
608 2534 879 2596 gratulatus
914 2539 994 2584 est
1025 2534 1204 2583 Atreus
1230 2533 1385 2583 fratre
1409 2540 1610 2599 recepto
1632 2535 1850 2599 satisque
1873 2535 2006 2583 hunc

324 2614 441 2662 ficta
474 2612 686 2661 laetitiae
720 2613 1076 2677 significatione
1110 2613 1367 2676 delenivit,
1416 2631 1617 2664 uxorem
1653 2630 1762 2663 cum
1794 2614 1894 2664 hoc
1927 2614 2004 2664 in-

324 2692 479 2742 troire
513 2696 565 2741 et
587 2693 692 2741 sine
718 2709 854 2742 mora
877 2694 1149 2743 convivium
1174 2709 1350 2756 parare
1375 2694 1512 2743 iubet
1536 2694 2000 2758 splendidissimum.

323 2771 455 2821 Tum
490 2787 635 2832 vero,
691 2778 885 2836 captum
920 2774 1017 2822 iam
1050 2778 1222 2822 tenens
1257 2778 1402 2837 atque
1436 2773 1754 2822 constrictum
1786 2773 2001 2836 hostem,

323 2850 474 2902 animi
506 2851 583 2899 sui
617 2851 906 2900 sententiam
942 2853 1296 2915 consiliumque
1329 2852 1514 2915 aperit:

454 2928 681 2994 „Ergo
715 2930 1079 2997 incipiam,
1118 2936 1364 2981 conata
1400 2930 1779 2996 exsequar”
1808 2930 1934 2995 ΜΨ).

346 3032 351 3036 ’
394 3041 447 3095 *)
475 3040 607 3083 Ennii
638 3040 804 3097 fragm.
829 3038 872 3081 5.
929 3042 1074 3098 Vulgo
1109 3042 1358 3085 vitalem
1386 3042 1650 3084 Babium.
1707 3045 1998 3100 Deploratum

460 3110 611 3152 locum
633 3124 728 3152 esse
753 3110 860 3152 dicit
890 3110 1100 3166 Bothius‚
1139 3112 1271 3155 simul
1307 3125 1658 3155 commemorans
1686 3129 1726 3156 v.
1753 3116 1785 3157 l.
1818 3115 1997 3158 babu-

461 3181 596 3231 lum,
625 3181 743 3234 quod
772 3180 1041 3223 vocabulum
1065 3181 1230 3238 legitur
1255 3182 1373 3237 apud
1398 3182 1635 3237 Apuleium
1667 3187 1711 3227 et
1741 3185 1997 3241 significare

458 3249 636 3291 videtur
655 3252 928 3309 'stultum-

349 3317 430 3373 *ἢ
462 3320 606 3376 Vulgo
634 3318 743 3381 πρὶν
771 3316 829 3363 ἂν
849 3317 1072 3376 ἐκφλῆναί
1098 3335 1167 3377 με.
1221 3322 1393 3365 Eadem
1416 3322 1588 3366 ratione
1614 3323 1799 3368 Schoell
1818 3325 1873 3368 Τ.
1892 3326 1927 3368 Ῑ.
1949 3339 1995 3381 p.

458 3388 558 3431 131.
588 3390 675 3431 hoe
707 3389 1007 3447 fragmentum
1028 3391 1353 3448 interpretatur.

320 3457 434 3513 κῊ)
460 3457 568 3500 Attii
593 3457 757 3516 fiagm.
777 3475 819 3516 n,
840 3460 910 3504 14.
940 3463 1108 3518 Vulgo:
1134 3464 1233 3520 Ego
1256 3462 1427 3528 incipio.
1464 3463 1585 3521 Ergo
1604 3462 1884 3509 scribendum
1896 3477 1994 3508 esse

455 3526 566 3572 vidit
604 3526 814 3574 Bothins(
