2176 3874
1123 289 1249 349 518

337 440 546 492 maxima
590 437 831 487 malorum
879 438 1012 487 mole
1059 453 1329 504 oppressa,
1387 444 1575 490 tantam
1619 441 1757 493 filiae
1790 443 2032 495 =virtntem

338 519 659 571 considerans
687 518 849 566 animo
869 519 1206 570 confirmatur.
1275 520 1431 570 Cuius
1457 522 1534 571 rei
1559 522 1898 573 testimoninm
1933 530 2034 584 est,

339 599 471 667 quod
507 598 568 647 ad
605 597 971 648 meditationem
1007 616 1034 648 a
1069 600 1423 650 lamentatione
1467 603 1712 652 transiens
1758 603 1940 654 effatur
1970 605 2033 654 il-

338 680 442 741 lud,
478 679 608 742 quod
637 677 919 743 Polyxenae
945 681 1174 745 exemplo
1211 682 1508 744 declaratur,
1541 683 1777 734 virtutem
1812 701 1909 735 non
1945 700 2034 734 ex-

337 760 590 810 trinsecus
625 759 877 822 religatam
913 762 1151 826 pendere,
1187 762 1275 811 sed
1303 763 1464 811 omnia
1499 779 1587 811 sua
1621 764 1929 829 complexam
1965 763 2035 814 nil

337 855 579 906 quaerere
612 839 824 890 aliunde.
892 840 1054 906 Negat
1099 842 1253 906 igitur
1295 859 1404 892 eam
1452 856 1564 893 cum
1619 844 1818 893 fortuna
1850 845 2035 894 mutari

335 926 419 970 aut
452 921 603 970 rebus
638 920 857 970 adversis
894 922 1175 986 corrumpi,
1211 923 1341 972 sicut
1375 924 1481 988 agri
1516 924 1644 973 malo
1679 924 1820 973 coelo
1855 925 2032 988 malos,

335 1002 467 1051 bono
501 1004 702 1050 utentes
737 1002 894 1051 bonos
931 1003 1079 1051 edant
1111 1002 1326 1066 fructu8‚
1360 1005 1450 1053 sed
1474 1005 1526 1054 in
1554 1004 1684 1054 omni
1711 1004 1806 1053 sibi
1833 1004 2035 1055 fortuna

336 1085 592 1140 constare3
642 1086 696 1130 et
729 1083 926 1146 quidem
963 1099 1025 1131 ex
1058 1099 1214 1147 aequa
1249 1089 1391 1148 parte
1425 1101 1535 1134 eam
1570 1092 1741 1133 natura
1775 1090 1924 1150 atque
1957 1085 2036 1135 di-

335 1161 544 1226 sciplina
577 1160 728 1224 gigni.
796 1162 1081 1227 Improbata
1126 1163 1254 1212 haec
1298 1168 1378 1213 est
1409 1164 1532 1213 eius
1567 1165 1827 1214 meditatio
1860 1182 1890 1215 a
1925 1166 2034 1230 qui-

333 1241 545 1291 busdam
581 1241 1012 1302 aestimatoribus,
1061 1243 1123 1290 ab
1159 1243 1296 1304 aliis,
1343 1250 1395 1293 et
1428 1245 1606 1293 merito
1641 1246 1870 1308 quidem,
1915 1261 2036 1310 pro-

332 1320 448 1369 bata
482 1317 554 1384 *).
619 1319 800 1371 Verbis
835 1322 966 1370 enim
993 1322 1206 1388 exprimi
1234 1339 1309 1384 ea,
1344 1339 1470 1387 quae
1493 1324 1679 1374 docere
1711 1325 1868 1374 voluit
1886 1331 2037 1391 poeta

332 1400 618 1479 Polyxenae
651 1401 932 1466 exemplum
971 1404 1315 1471 proponendo,
1348 1404 1494 1469 plane
1527 1420 1737 1454 necesse
1768 1405 1895 1466 fuit3
1943 1421 2034 1455 ne·-

333 1498 431 1547 que
478 1487 564 1531 aut
610 1497 823 1547 persona
873 1486 959 1531 aut
1007 1487 1207 1547 tempus
1257 1485 1412 1548 magis
1457 1489 1798 1550 opportunum·
1823 1485 2035 1550 reperiri

331 1563 512 1627 potuit.
582 1562 685 1612 Aut
715 1562 866 1626 igitur
899 1564 1223 1613 omittendum
1262 1565 1492 1630 Euripidi
1526 1565 1621 1614 fuit
1653 1565 1775 1614 illud
1810 1565 2036 1629 discipli-

331 1658 446 1691 nam
482 1643 610 1692 bene
643 1644 834 1692 vivendi
869 1644 1140 1707 tragoediis
1175 1646 1277 1694 suis
1310 1645 1588 1694 illustrandi
1617 1645 1912 1707 institutum,
1946 1661 2036 1695 ne-

333 1739 429 1787 que
454 1723 586 1772 ullae
611 1739 669 1772 ea
688 1724 968 1773 eruditione
990 1726 1216 1775 excultae
1231 1742 1493 1791 personae,
1531 1725 1688 1789 qualia
1713 1730 1763 1774 et
1785 1725 2037 1790 Polyxena

332 1807 384 1851 et
419 1803 626 1853 Hecuba
662 1810 794 1862 sunt,
831 1805 1163 1871 effingendam,
1202 1811 1289 1855 aut
1323 1806 1486 1855 eidem
1523 1811 1821 1872 praecepta,
1858 1806 2035 1871 quibus

331 1884 559 1949 exempla
594 1885 991 1950 explicarentur,
1043 1887 1173 1951 aptis
1219 1887 1344 1935 locis
1395 1887 1723 1952 disponenda.
1795 1885 2035 1936 Officium

329 1965 459 2012 enim
496 1969 575 2014 est
606 1971 869 2031 poetarum
902 1965 1264 2032 intelligentiae
1299 1968 1579 2016 auditorum
1620 1982 1916 2017 succurrere
1959 1970 2036 2016 at-

332 2060 431 2108 que
466 2060 542 2103 ea,
578 2061 707 2108 quae
743 2047 841 2094 sint
875 2051 927 2095 et
960 2047 1023 2094 ad
1053 2046 1474 2110 interpretandam
1503 2047 1787 2096 fabularum
1812 2051 2034 2096 structu-

331 2140 438 2173 ram
475 2130 528 2174 et
561 2126 623 2174 ad
661 2127 1022 2175 ostendendum
1059 2126 1317 2175 consilium
1365 2142 1510 2176 suum
1551 2126 1756 2188 idonea,
1800 2127 2034 2191 operibus

327 2203 453 2268 ipsis
489 2205 733 2257 inserere.
1235 2264 1238 2267 ,

467 2282 735 2334 Meditatio
769 2285 961 2350 primus
996 2289 1075 2334 est
1109 2285 1248 2349 quasi
1283 2285 1466 2350 gradus
1501 2283 1894 2335 confirmationis
1927 2283 2035 2333 ani-

328 2362 399 2411 mi
435 2380 498 2413 ex
532 2369 741 2430 torpore
775 2365 998 2425 excitati,
1050 2365 1299 2414 secundus
1346 2371 1424 2415 est
1468 2382 1637 2415 rerum
1673 2364 1832 2424 actio,
1881 2379 2035 2427 quum

331 2445 470 2507 quasi
515 2460 578 2494 ex
629 2446 770 2495 ruina
816 2445 987 2493 miseri
1032 2461 1089 2494 se
1138 2445 1337 2511 erigunt
1382 2449 1533 2510 atque
1579 2462 1607 2493 a
1653 2444 1794 2504 loco,
1839 2443 1891 2493 in
1936 2458 2035 2507 quo

329 2525 572 2588 prostrati
620 2525 910 2584 iacuerant,
957 2526 1158 2575 abeunt.
1227 2526 1340 2574 Hoc
1374 2525 1498 2574 facit
1531 2524 1768 2586 Hecuba,
1805 2523 1924 2573 dum
1970 2523 2035 2572 ad

330 2605 748 2669 componendum,
783 2606 1084 2655 abluendum
1115 2607 1560 2672 sepeliendumque
1593 2604 1729 2653 filiae
1762 2619 1943 2668 corpus
1977 2619 2036 2653 se

329 2685 539 2750 accingit
571 2690 623 2735 et
656 2701 785 2750 quae
819 2687 1103 2736 necessaria
1136 2702 1253 2736 esse
1296 2687 1526 2735 videntur
1553 2684 1824 2735 constituit.
1891 2683 2038 2734 lubet

386 2845 438 2900 ²¹²)
470 2848 627 2890 schol.
670 2848 730 2890 ad
770 2861 816 2891 v.
856 2845 969 2890 5962
1008 2845 1130 2898 τινὲς
1169 2844 1565 2905 ἐπιλαμβάνονται
1601 2845 1692 2889 τοῦ
1727 2844 1930 2900 ποιητοῦ
1967 2844 2036 2901 τῷ

471 2914 710 2975 βάρβαρον
749 2916 946 2974 εἰςάγειν
986 2919 1064 2963 καὶ
1103 2917 1273 2974 λέγειν,
1317 2918 1408 2974 (τί)
1449 2916 1647 2973 γνωρίσῃ
1686 2915 1794 2974 περὶ
1820 2913 2035 2970 φόσεως.

471 2984 606 3032 Ἀλλ’
635 2985 705 3033 οὖ
741 2987 809 3033 τὸ
837 2984 1019 3044 τυχὸν
1057 2990 1373 3047 πρόςωπον
1413 2986 1442 3044 ἢ
1481 2984 1717 3044 Ἑκάβη,
1755 2982 2033 3045 ἀξιοπρε-

468 3073 504 3101 π
519 3057 539 3101 ὲ
554 3074 577 3109 ς
600 3057 666 3103 δὲ
694 3057 730 3102 αἱ
745 3074 769 3110 ς
799 3056 906 3117 ἇρχ
920 3057 1063 3104 ικόν.
1112 3061 1320 3103 Eustath.
1357 3059 1416 3102 ad
1437 3060 1490 3102 n.
1520 3073 1561 3102 ν.
1582 3056 1684 3108 930,
1707 3055 1778 3099 39.
1799 3057 1864 3111 (v.
1878 3053 2031 3110 2920:

469 3127 728 3186 Εὐριπίδης
755 3128 839 3187 μὲν
869 3123 956 3174 ov'v
1001 3128 1090 3187 τὴν
1124 3129 1323 3187 Ἑκάβην
1353 3125 1694 3184 ἦθικευομένην
1731 3123 1911 3177 πλάσας
1949 3124 2029 3168 καὶ

473 3195 742 3256 φιλοσόφως
771 3200 1150 3259 προβαλλομένην
1198 3196 1402 3259 ἀπορίαν
1435 3198 1515 3244 καὶ
1545 3196 1750 3242 λύουσαν
1778 3194 1920 3254 ἐντῷ
1949 3187 2035 3252 ἄρ’

473 3271 530 3314 οὶ
559 3288 584 3315 τ
601 3286 660 3315 εκ
675 3268 699 3315 ό
712 3286 810 3315 ντε
824 3287 847 3322 ς
874 3274 968 3315 κτλ.
983 3304 995 3325 ,
1026 3269 1127 3316 εἶτα
1156 3268 1416 3328 καταγνοὺς
1445 3266 1663 3324 ἀκαιρίαν
1700 3268 1784 3323 τῆς
1813 3263 2034 3322 τοιαύτης

472 3343 752 3399 φιλοσοφίας
778 3343 867 3386 τοῦ
897 3342 1037 3397 λόγου
1070 3338 1320 3399 ἐπήνεγκεν
1360 3339 1590 3398 Ὁμηρικῷ
1629 3337 1786 3395 δήπου
1828 3334 1947 3396 ζήλῳ
1974 3334 2030 3380 τὸ

469 3414 663 3458 ταῦτα
690 3414 832 3464 νοῦς
860 3410 1179 3467 ἐτόξευσεν
1221 3407 1429 3470 μάτην.
1485 3407 1589 3454 Ἀλλ’
1619 3406 1704 3455 ἐὰν
1730 3409 1908 3466 μάτην,
1947 3403 2031 3453 διὰ

469 3483 530 3537 τί,
561 3476 600 3528 ὦ
628 3481 875 3542 Εὖριπίδη,
905 3478 1024 3536 ὅλως
1054 3482 1322 3539 ἐτόξευσεν,·
1836 3478 1842 3482 ’
1953 3500 1956 3503 ·
