2176 3874
1094 275 1219 334 388

329 431 463 480 annis
495 445 524 477 e
556 428 650 476 vita
685 423 980 474 decesserit.
1014 437 1111 486 quo
1145 422 1380 488 temporis
1414 421 1574 487 spatio
1609 437 1762 502 quum
1794 419 1987 473 Arche-

327 509 474 568 laum,
508 505 751 564 BacchaS,
798 502 1098 567 Iphigeniam
1146 503 1198 552 in
1232 501 1410 552 Aulide
1460 506 1512 550 et
1556 491 1907 554 Alcmaeonem
1928 487 2013 550 ἲιιὲ

328 586 562 635 Corintho
595 584 804 648 scriptas
839 597 952 631 esse
985 585 1203 643 constet,
1249 583 1310 630 ad
1343 581 1511 646 plures
1559 580 1769 634 fabulas
1785 596 1989 646 compo-

325 665 509 714 nendas
555 668 752 727 tempus
798 662 878 710 vix
924 661 1182 710 suffecisse
1237 662 1447 712 videtur.
1523 661 1609 710 Ex*
1643 660 2023 726 Aristophanej‘«⁴

325 760 476 808 quum
519 747 719 806 praeter
753 740 915 789 Ranas
961 740 1030 803 (v.
1063 743 1218 789 1082.
1254 743 1395 789 1187.
1430 739 1598 804 1391.)
1641 747 1884 805 nusquam
1925 740 1989 789 ad

323 823 619 888 Antigonam
639 820 927 885 respexerit,
957 821 1019 869 de
1038 825 1264 884 tempore
1283 820 1353 867 nil
1369 819 1599 883 colligere
1615 819 1751 870 licet.
1803 818 1992 869 Caussa

323 905 490 950 autem
521 900 643 949 mihi
676 905 754 948 est
786 899 914 948 hanc
946 901 1248 963 tragoediam
1279 915 1390 948 cum
1424 900 1514 957 iis,
1552 915 1674 964 quas
1708 899 1838 957 dixi,
1872 914 1990 949 con-

322 979 582 1045 iungendi,
643 979 774 1042 quod
815 978 1078 1041 genuinum
1123 979 1281 1028 filium
1331 979 1493 1028 Creon
1527 984 1593 1028 ut
1641 979 1991 1043 degeneratum

323 1059 531 1124 respuit,
566 1059 761 1107 dicens.

457 1136 675 1203 ὀνόματι
706 1133 940 1201 μεμπτὸν
971 1134 1032 1186 τὸ
1065 1135 1252 1197 νόθον,
1285 1135 1321 1202 ἦ
1353 1135 1515 1200 φύσις
1548 1130 1597 1187 δ’
1619 1136 1726 1203 ἰ’ση,

325 1219 552 1282 quodque
583 1221 751 1282 patres
786 1232 898 1264 cum
931 1215 1047 1264 filiis
1079 1216 1328 1281 litigantes
1362 1218 1513 1267 etiam
1561 1219 1611 1267 in
1643 1217 1902 1284 Hippolyti
1934 1229 2055 1268 εισι·

324 1296 717 1360 Bellerophontis
749 1294 931 1344 fabulis
965 1295 1275 1344 exhibentur.

447 1374 668 1438 Denique
701 1374 780 1422 his
808 1374 1041 1439 Cyclopis
1074 1373 1295 1423 fabulam
1329 1375 1592 1439 satyricam
1624 1375 1809 1426 addere
1840 1375 1992 1438 lubet.

324 1470 467 1518 quam
501 1459 759 1516 antequam
793 1455 842 1502 in
860 1454 1079 1504 Siciliam
1111 1454 1283 1503 classis
1306 1455 1677 1504 Atheniensium
1701 1455 1992 1520 proficisce-

323 1538 461 1582 retur
493 1538 651 1580 actam
686 1549 799 1582 esse
839 1534 1059 1583 coniicio.

679 1863 749 1917 A.
826 1861 1631 1938 Bellerophontes.

455 2005 529 2054 De
560 2006 706 2055 huius
741 2005 1022 2068 tragoediae
1065 2011 1354 2070 argumento
1400 2022 1545 2055 nemo
1592 2020 1681 2055 nos
1715 2007 1994 2057 accuratius

325 2085 474 2134 docet
519 2091 721 2133 auctore
765 2085 1199 2147 epigrammatum,
1260 2101 1385 2148 quae
1440 2085 1684 2149 qnondam
1730 2086 1900 2149 Cyzici
1943 2087 1993 2136 in

324 2163 529 2226 templo,
564 2163 695 2225 quod
713 2163 864 2210 Attali
897 2162 1229 2228 Eumenisque
1261 2165 1470 2212 fratrum
1504 2165 1662 2228 pietas
1695 2166 1842 2214 matri
1875 2175 1992 2214 con-

325 2246 622 2302 secraverat,
658 2241 948 2306 imaginibus
975 2243 1221 2308 adscripta
1245 2243 1465 2304 fuerunt,
1492 2259 1713 2308 quaeque
1734 2260 1795 2293 ex
1820 2244 1993 2294 codice

324 2306 562 2371 Vaticano
597 2320 750 2368 edidit
780 2320 961 2369 iterum
994 2321 1243 2371 Iacobsius
1278 2323 1326 2371 in
1353 2323 1554 2372 Anthol.
1590 2322 1703 2374 Vol.
1739 2322 1817 2372 111.
1849 2328 1994 2389 parte

324 2399 403 2448 ΙΙΙ.
437 2415 486 2463 p.
519 2401 618 2446 620
650 2414 785 2462 seqq.
851 2398 1044 2448 Horum
1088 2402 1234 2464 igitur
1268 2402 1514 2450 decimum
1548 2398 1772 2466 quintum
1805 2401 1879 2466 (n.
1913 2405 1992 2453 22.

323 2493 376 2542 p.
408 2479 545 2540 6:34.)
582 2478 655 2525 sic
689 2492 744 2525 se
776 2478 953 2526 habet:

449 2548 541 2605 'Ev
575 2553 633 2606 δὲ
676 2555 750 2625 τῷ
791 2556 1231 2627 πεντεκαιδεκάτῳ
1277 2559 1700 2627 Βελλεροφόντης
1723 2559 1848 2612 Δὑπὸ
1879 2564 1992 2617 4,τοῦ

323 2634 512 2695 παιδὸς
545 2633 793 2686 Γλαύκου
827 2637 1135 2702 σωζόμενος,
1168 2638 1353 2706 ἡνίκα,
1382 2639 1723 2707 ’κατενεχθεὶς
1752 2640 1859 2693 ὑπὸ
1891 2646 1993 2695 τοῦ

327 2715 587 2782 Πηγάσου
609 2715 682 2774 εἰς
699 2712 759 2766 τὸ
775 2711 985 2783 Ἀλήϊον
1004 2719 1205 2782 πεδίον,
1241 2717 1446 2785 ἔμελλεν
1469 2720 1573 2772 ὑπὸ
1597 2720 1991 2787 Μεγαπένθους

324 2799 422 2846 τοῦ
458 2794 697 2860 Προίτου
727 2796 1069 2860 φονεύεσθαι.
1138 2801 1323 2851 Deinde
1351 2808 1624 2867 sequuntur
1653 2803 1750 2851 tria
1776 2803 1990 2854 disticha

325 2877 561 2926 mendose
593 2876 644 2924 in
677 2877 852 2926 codice
883 2879 1070 2945 scripta
1102 2880 1205 2929 sic.

454 2951 628 3004 οὐκέτι
661 2954 900 3020 Προίτου
933 2957 1123 3019 παιδὸς
1155 2958 1330 3025 φόνον
1362 2956 1541 3024 ε’σχεθε
1566 2959 1990 3074 Βελλεροφόντης

523 3028 723 3101 τοῦδ’
701 3051 759 3087 εκ
788 3039 891 3087 τοῦ
923 3038 1110 3099 παιδὸς
1141 3037 1445 3105 τειρομένου
1478 3035 1717 3090 θάνατον

459 3111 708 3164 Γλαύκου
741 3131 1254 3183 κρανταγενους
1281 3114 1520 3184 Ἰοβατου
1554 3111 1604 3168 δ’
1633 3117 1906 3188 ὖπαλύξει·
1944 3144 1945 3147 “

522 3190 692 3253 Οὕτως
723 3191 825 3259 γὰρ
860 3196 1088 3262 Μοιρῶν
1120 3238 1131 3251 .
1169 3236 1183 3250 .
1217 3195 1468 3250 ἐπέκλωσε
1496 3196 1629 3248 λίνα.

416 3310 418 3312 »
460 3270 569 3323 Καὶ
620 3266 688 3324 σὺ
733 3275 928 3340 πατρὸς
985 3277 1161 3343 φόνον
1206 3278 1366 3338 αὐτὸς
1413 3276 1716 3343 α’πήλουσας
1762 3275 1988 3345 ἐγγύθεν

1139 3425 1142 3429 .
1302 3356 1492 3420 ἐλθών,

522 3429 612 3483 καὶ
643 3432 837 3499 μύθων
870 3431 1076 3490 ἐσθλῶν
1107 3437 1310 3504 μάρτυς
1339 3435 1679 3504 ἐπεφράσατο.
