2144 3854
1161 255 1237 310 12

365 400 557 464 prologi
589 396 914 462 fragmentum
939 396 1266 458 damnassent,
1300 403 1437 447 recte
1463 397 1729 461 docuisset,
1762 400 2023 451 levissimis

366 481 475 544 ipse
508 474 806 543 argumentis
839 491 957 524 usus
990 477 1119 525 idem
1168 478 1371 526 efficere
1416 482 1616 527 conatus
1661 483 1754 527 est.
1831 479 2024 543 „Duo‚‘’

367 558 541 620 inquit,
575 554 833 616 „videntur
851 571 931 604 me
957 571 1172 617 movere,
1205 557 1429 618 alterum,
1457 557 1587 622 quod
1609 558 1912 622 grammatici
1938 576 2023 609 ve-

368 643 501 684 teres
534 637 602 684 ita
636 638 936 694 statuerunt,
971 635 1211 699 siquidem
1247 635 1424 701 legitur
1455 638 1506 684 in
1538 641 1826 701 argumento
1858 637 2025 703 priore

366 715 444 763 lin.
461 717 522 762 11
536 730 666 778 seq.:
691 709 722 763 ὁ
745 713 901 778 χορὸς
929 709 1246 779 συνέστηκεν
1270 711 1327 764 ἐκ
1351 714 1623 779 φυλάκων,
1651 715 1711 775 οἳ
1735 733 1768 767 κ
1783 712 1848 766 αὶ
1867 730 2024 781 προ-

362 791 747 859 λογίζουσι;
793 794 944 857 magis
988 810 1131 856 vero,
1176 797 1306 858 quod
1353 795 1450 845 duo
1494 797 1685 862 prologi
1716 796 2022 860 ferebantur,

362 878 416 922 ut
443 873 688 922 Matthiae
717 873 876 922 verbis
911 877 1045 934 utar,
1081 874 1212 937 quod
1244 875 1402 938 ipsum
1438 876 1730 925 documento
1765 892 1877 925 esse
1909 882 2023 942 pot—

363 957 442 1002 est
473 958 699 1002 neutrum
733 955 792 1002 ab
827 953 936 1018 ipso
970 957 1114 1017 poeta
1137 952 1417 1017 profectum
1445 955 1607 1006 esse.”
1663 955 1855 1005 Horum
1881 971 2026 1020 argu·

362 1037 635 1082 mentorum
669 1034 948 1097 posteriuS,
991 1032 1044 1081 id
1079 1033 1210 1095 quod
1245 1031 1449 1096 quilibet
1482 1034 1643 1094 vide-t,
1686 1034 1894 1084 nullum*
1921 1038 2024 1096 est3

364 1128 456 1163 nec
487 1112 646 1161 minus
679 1113 823 1161 inane
856 1118 951 1169 est,
987 1113 1117 1175 quod
1151 1111 1316 1160 addit:
1350 1127 1494 1173 „nam
1530 1113 1573 1161 si
1598 1113 1863 1178 antiquitus
1890 1115 2026 1180 prior

361 1191 638 1242 eXstitisset
691 1192 923 1258 prologus
977 1190 1250 1255 Euripideo
1307 1206 1445 1240 more
1502 1192 1836 1256 conscriptus,
1894 1192 2027 1242 nulla

361 1288 531 1322 caussa
565 1276 672 1320 erat
707 1272 913 1320 alterum
950 1271 1114 1329 scribi,
1151 1272 1232 1334 qui
1265 1271 1325 1319 iis
1353 1270 1606 1335 Euripidis
1634 1271 1866 1335 exordiis,
1902 1287 2027 1336 quae

359 1354 649 1416 supersunt,
699 1367 904 1416 prorsus
951 1352 1222 1400 contrarius
1271 1351 1396 1399 est.''
1466 1350 1616 1413 Quasi
1662 1366 1759 1400 non
1803 1351 2026 1416 quotidie

361 1432 474 1480 fieri
506 1430 784 1493 videamuS‚
831 1436 915 1494 ut,
962 1433 1044 1495 qui
1076 1430 1267 1480 fabulas
1300 1430 1351 1478 in
1385 1431 1591 1479 theatris
1625 1430 1836 1496 agendas
1871 1431 2027 1481 suaci-

358 1513 526 1576 piunt,
572 1515 787 1568 temere,
839 1512 880 1558 si
923 1527 1047 1574 quae
1080 1515 1246 1576 partes
1282 1510 1553 1559 dramatum
1590 1511 1696 1558 sine
1730 1510 1914 1559 theatri
1947 1509 2025 1559 of-

361 1590 584 1639 fensione
617 1591 792 1638 abesse
826 1605 973 1653 posse
1007 1591 1128 1655 ipsis
1163 1589 1440 1647 videantur,
1491 1589 1777 1638 abscindant
1823 1594 1873 1639 et
1906 1604 2024 1654 quas

359 1670 454 1734 ipsi
489 1668 709 1718 efficiunt
742 1669 940 1718 lacunas
970 1670 1069 1717 suis
1098 1669 1519 1732 interpolamentis
1545 1669 1788 1732 expleant,
1821 1667 2026 1733 amplio-

355 1744 495 1799 'ribus
528 1749 780 1809 breviora,
822 1749 1214 1813 impeditioribus
1247 1749 1467 1796 faciliora
1501 1748 1865 1797 substituentes,
1931 1748 2024 1796 Fa-

359 1830 541 1879 cillime
584 1833 748 1876 autem
791 1828 1024 1892 prologus
1069 1827 1205 1888 talis,
1253 1828 1445 1891 qualem
1479 1828 1595 1875 huic
1628 1828 1832 1875 dramati
1866 1825 2023 1875 fuisse

360 1908 604 1959 ostensuri
648 1923 842 1968 sumus,
894 1908 1036 1956 abiici
1081 1907 1241 1971 potuit
1284 1907 1424 1967 ideo7
1471 1906 1598 1969 quod
1635 1907 1684 1954 in
1721 1905 2023 1955 Graecorum

358 1988 532 2040 castris
567 1987 836 2051 agebantur
869 2003 980 2047 res,
1029 2003 1154 2050 quae
1186 1987 1271 2034 illo
1307 1987 1703 2047 continebantur,
1751 2001 1912 2049 neque
1944 2001 2023 2034 ar-

357 2069 577 2118 ctissime
622 2067 908 2116 videbantur
956 2083 1066 2115 cum
1111 2066 1203 2126 iis,
1252 2083 1377 2130 quae
1410 2066 1456 2114 in
1489 2064 1812 2116 Troianorum
1849 2065 2023 2114 castris

359 2152 596 2215 aguntur,
632 2147 914 2196 cohaerere.
972 2145 1271 2204 Accedebat,
1309 2146 1455 2211 quod,
1491 2146 1646 2194 recisa
1679 2145 1761 2193 illa
1787 2144 2023 2192 dramatis

354 2232 526 2294 parte,
575 2226 785 2291 simplici
830 2231 1068 2291 apparatu
1117 2227 1313 2274 scenico
1346 2242 1428 2273 res
1463 2226 1539 2288 agi
1572 2229 1829 2289 poterant,
1874 2239 2021 2288 quum

357 2314 547 2358 servata
582 2307 751 2357 eadem
790 2321 913 2370 opus
948 2304 1129 2353 fuisset
1163 2305 1361 2370 duplici.
1427 2304 1651 2353 Alterum
1686 2307 2024 2370 argumentum

358 2388 637 2437 testimonio
671 2387 841 2435 nititur
873 2385 1083 2433 hominis
1117 2401 1278 2449 neque
1313 2384 1440 2432 cauti
1476 2384 1818 2448 diligentisque
1862 2398 2023 2446 neque

359 2468 518 2529 acuti,
568 2466 655 2516 sed
700 2465 823 2514 levis
869 2469 918 2512 et
961 2465 1212 2513 oculorum
1259 2479 1404 2512 sensu
1451 2463 1604 2526 magis
1650 2479 1792 2526 quam
1837 2449 2025 2510 ratione

355 2547 632 2596 iudicantis.
701 2544 827 2594 Nam
874 2544 1004 2608 quod
1039 2562 1066 2592 a
1109 2545 1208 2593 suis
1242 2543 1382 2592 libris
1426 2542 1684 2608 prologum
1731 2542 1906 2590 abesse
1949 2540 2022 2590 vi-

357 2628 504 2676 debat
550 2631 602 2675 et
647 2629 811 2673 tamen
857 2624 1088 2689 prologos
1122 2623 1374 2689 praemitti
1406 2609 1587 2672 fabulis
1622 2621 1784 2670 solere
1817 2620 2020 2683 sciebat,

357 2707 494 2757 chori
538 2706 777 2771 parodum
817 2719 907 2768 pro
955 2703 1159 2768 prologo
1207 2719 1318 2751 esse
1351 2702 1485 2750 haud.
1519 2704 1806 2749 cunctanter
1840 2698 2020 2748 effatus

356 2792 459 2847 est,
493 2803 640 2851 quem
674 2799 894 2834 errorem
927 2798 1043 2831 mox
1075 2782 1351 2831 accuratius
1380 2780 1679 2828 refutaturus
1714 2794 1836 2828 sum.
1896 2776 2020 2827 Nul-

357 2866 458 2915 lum
503 2863 754 2929 Euripidis
804 2863 970 2911 drama
1012 2861 1266 2927 prooemio
1312 2860 1526 2908 caruisse
1569 2858 1785 2908 Vaterus
1828 2859 2021 2907 Aristo-

356 2945 507 3011 phani
539 2946 587 2993 in
622 2943 771 2992 Ranis
804 2942 870 3006 (v.
895 2944 992 2990 945
1023 2938 1182 3005 seqq.)
1208 2939 1388 2988 dicenti
1412 2954 1506 2988 non
1532 2937 1758 2987 credidit.
1813 2937 2023 3002 „Neque

359 3022 533 3083 enim,''
555 3024 729 3087 inquit,
759 3021 1046 3084 „quisquam
1074 3020 1326 3068 diserte
1350 3017 1552 3067 tradidit
1579 3017 1757 3067 nullam
1771 3017 2023 3083 Euripidis

358 3102 718 3168 tragoediarum
750 3100 958 3165 prologo
993 3100 1126 3148 iusto
1170 3099 1412 3155 caruisse,
1458 3112 1619 3160 neque
1667 3096 1904 3146 credibile
1945 3101 2023 3146 est

358 3187 552 3249 poetam
588 3182 754 3230 statim
786 3179 846 3228 ab
880 3179 1017 3227 initio
1050 3179 1147 3227 hoc
1180 3193 1322 3228 usum
1357 3192 1467 3224 esse
1507 3177 1731 3236 invento,
1774 3180 1858 3226 aut
1898 3192 2022 3225 nun-

359 3278 505 3327 quam
538 3265 711 3327 postea
744 3275 772 3307 a
805 3273 945 3307 more
977 3263 1180 3323 recepto
1213 3254 1529 3305 recessisse.’'
1600 3255 1749 3318 Fugit
1780 3271 1891 3304 eum
1925 3254 2022 3304 sci-

360 3340 478 3390 licet
510 3338 843 3389 testimonium
879 3337 1173 3387 scholiastae
1205 3337 1267 3386 ad
1293 3335 1528 3385 Hecubae
1558 3333 1751 3383 initium
1785 3333 2023 3398 scriptum

362 3418 442 3468 his
488 3420 676 3471 verbis:
733 3417 762 3468 ὃ
808 3414 922 3469 καὶ
965 3413 1033 3468 ἐν
1079 3414 1249 3482 ἀρχῇ
1299 3412 1574 3465 πάντων
1627 3410 1758 3463 τῶν
1814 3410 2022 3463 αὐτοῦ
