2176 3874
932 258 1056 315 4⁰9

157 409 410 477 giosisque
435 408 513 458 vel
550 408 716 475 potius
745 404 1104 472 superstitiosis
1141 403 1419 454 bominibus
1439 402 1694 453 offensioni
1716 402 1831 455 fuit.

156 490 389 541 Nondum
423 490 555 538 enim
597 489 697 538 illis
730 486 1030 552 temporibus
1082 484 1254 548 vulgus
1289 485 1550 534 liberatum
1585 489 1694 533 erat
1725 485 1833 549 opi-

155 572 301 621 nione
332 570 496 620 verbis
531 569 654 633 ipsis
688 566 1025 633 precationum
1053 565 1149 612 vim
1183 565 1425 628 quandam
1445 569 1593 628 atque
1610 580 1834 614 momen—

158 656 263 700 tum
295 650 480 710 inesse,
514 664 676 713 neque
709 663 805 711 qua
837 650 1023 704 mente,
1060 644 1150 693 sed
1175 644 1354 708 quibus
1374 644 1537 694 verbis
1562 645 1835 695 iuramenta

157 730 566 795 conciperentur,
612 729 821 777 referre.
898 723 1233 787 Quamobrem
1277 739 1374 773 non
1421 728 1501 772 est
1541 725 1835 784 mirandum,

158 809 290 875 quod
323 809 592 873 Euripides
627 809 774 857 etiam
806 807 855 854 in
887 803 1125 863 iudicium
1157 807 1363 852 vocatus
1397 809 1477 851 est
1509 820 1537 851 a
1570 804 1835 854 calumnia-

155 896 271 939 tore
303 888 543 953 quodam;
576 888 667 936 sed
699 887 796 936 hoc
828 884 1132 944 mirandum,
1168 883 1300 948 quod
1334 882 1482 931 etiam
1517 899 1716 943 eorum,
1753 884 1838 949 qui

157 969 365 1018 meliora
411 967 656 1017 debebant
701 965 863 1014 edocti
908 979 1022 1013 esse
1057 963 1244 1012 Christi
1287 963 1598 1027 praeceptis,
1641 965 1838 1028 quidam

156 1053 296 1098 tanta
338 1047 574 1098 vecordia
605 1045 948 1108 Aristophanis
993 1043 1335 1093 auctoritatem
1384 1043 1544 1092 secuti
1592 1049 1738 1102 sunt,
1780 1049 1840 1094 ut

158 1129 271 1194 plus
307 1127 454 1177 huius
486 1126 819 1192 depravationi
865 1125 1018 1185 dicti,
1073 1139 1216 1188 quam
1262 1123 1552 1172 verissimae
1586 1122 1839 1173 Ciceronis

157 1207 479 1273 disputationi
510 1205 911 1270 reliquorumque
943 1211 1198 1254 auctorum
1215 1204 1619 1266 gravissimorum
1643 1203 1840 1254 iudiciis

156 1288 448 1338 tribuerent.
515 1285 705 1335 Eadem
739 1287 970 1339 vecordia
1000 1285 1171 1334 fabula
1204 1283 1268 1333 de
1301 1283 1562 1333 mulierum
1596 1285 1710 1334 odio
1735 1284 1841 1335 Eu·-

140 1367 335 1433 —ripidis
367 1367 515 1433 vulgo
550 1366 857 1416 decantatur.
929 1366 1083 1428 Quasi
1114 1365 1259 1414 huius
1294 1365 1397 1413 odii
1429 1364 1566 1430 argui
1590 1365 1749 1429 possit
1779 1365 1841 1427 is,

157 1449 244 1513 qui
268 1464 475 1497 uxorum
510 1447 726 1496 omnium
770 1447 1161 1511 pudicissimam,
1196 1444 1544 1510 probissimam
1578 1446 1842 1510 sapientia-

157 1529 432 1592 simamque
475 1528 528 1577 in
579 1527 673 1575 hac
721 1526 974 1592 tragoedia
1021 1527 1131 1592 ipsa
1176 1525 1370 1574 effinxit
1416 1530 1470 1574 et
1519 1526 1843 1591 quaecunque

156 1610 338 1675 probra
376 1607 447 1656 -ab
482 1606 798 1656 adolescente
831 1607 1073 1655 insolente
1112 1606 1163 1654 in
1196 1605 1457 1655 mulierum
1491 1620 1646 1670 genus
1680 1606 1841 1672 ingeri

159 1687 308 1751 fecit,
343 1689 564 1754 ipsarum
595 1686 883 1746 mulierum,
923 1702 1049 1751 quae
1082 1690 1284 1750 praesto
1319 1690 1448 1747 suut,
1484 1686 1631 1735 dictis
1665 1686 1843 1736 factis-

158 1784 256 1832 que
290 1767 557 1831 redarguit.
624 1768 702 1816 An
747 1772 915 1835 potest
947 1782 1271 1830 quemquam,
1319 1766 1405 1829 qui
1449 1770 1643 1815 attento
1676 1768 1842 1817 animo

159 1847 456 1912 colloquium
502 1846 762 1912 Hippolyti
797 1848 1027 1911 senisque
1060 1846 1234 1895 famuli
1266 1846 1412 1910 legat,
1445 1846 1621 1912 fugere
1653 1847 1842 1913 impro-

158 1927 265 1979 bari
308 1928 369 1976 ab
419 1927 662 1991 Euripide
709 1927 990 1976 affectatam
1044 1927 1174 1976 illius
1217 1927 1486 1992 puritatem
1532 1924 1846 1992 Venerisque

156 2005 446 2056 fastidiqu
515 2006 886 2072 comparandus
921 2011 998 2056 est
1025 2006 1348 2072 HippolytuS,
1383 2006 1594 2057 Veneris
1619 2014 1842 2058 coutem-
1883 2042 1885 2045 .

156 2092 267 2146 tor,
314 2103 422 2135 cum
457 2085 715 2146 Pentheo,
759 2087 943 2136 Bacchi
977 2091 1294 2163 contemtgre.
1362 2086 1578 2148 Neuter,
1623 2089 1843 2152 quamvis

157 2167 258 2216 sint
290 2167 611 2230 abstinentia,
646 2166 946 2227 sobrietate,
983 2167 1254 2231 probitate,
1290 2166 1571 2231 integritate
1604 2167 1842 2233 insigneS,

154 2246 471 2312 improbante
513 2253 666 2312 poeta
709 2247 967 2297 mulcatur.
1046 2247 1206 2296 Nimis
1257 2247 1387 2296 enim
1432 2246 1601 2312 putido
1649 2247 1844 2298 virtutis

158 2327 323 2377 studio
357 2332 685 2391 aspernantur
717 2328 846 2376 dona
879 2328 1084 2375 deorum
1101 2326 1540 2392 praestantissima,
1576 2327 1717 2390 quasi
1750 2344 1844 2392 per

159 2423 216 2456 se
249 2406 528 2471 perniciosa
562 2407 684 2467 sint,
719 2412 771 2456 et
803 2422 931 2464 non,
965 2411 1112 2471 prout
1159 2407 1219 2454 iis
1268 2408 1448 2468 utaris,
1489 2407 1619 2456 bona
1651 2407 1844 2458 malave

160 2487 383 2536 existant.
450 2486 747 2535 Insolentiae
797 2492 874 2535 est
916 2486 1180 2551 quidquam
1235 2487 1431 2535 humani
1465 2503 1493 2534 a
1527 2502 1583 2536 se
1630 2487 1841 2537 alienum

161 2583 276 2617 esse
309 2571 512 2632 putare,
558 2582 720 2630 neque
766 2582 979 2632 unquam
1026 2582 1124 2615 non
1168 2583 1279 2615 cum
1313 2566 1548 2632 superbia
1582 2566 1844 2616 coniuncta

159 2652 237 2697 est
271 2653 531 2697 contumax
562 2645 649 2694 illa
696 2646 990 2696 abstinentia
1038 2651 1186 2711 atque
1231 2646 1403 2695 vitatio
1450 2646 1717 2696 affectuum
1753 2662 1869 2696 eo-,

158 2744 285 2790 rum,
320 2742 442 2793 quos
477 2726 763 2776 firmissima
797 2742 910 2776 esse
942 2726 1134 2776 vincula
1165 2731 1340 2776 natura
1378 2726 1536 2777 voluit
1570 2727 1842 2778 communi-

158 2809 273 2858 tatis
307 2807 503 2874 generis
536 2807 755 2858 humani.

289 2887 608 2938 Inveniuntur
643 2888 894 2938 fastidiosa
919 2888 1111 2953 ingenia
1135 2889 1281 2938 etiam
1303 2889 1452 2938 hodie
1478 2889 1679 2954 passim,
1716 2905 1842 2952 quae

158 2970 279 3018 citra
314 2968 624 3017 concubitum
672 2969 853 3018 liberos
901 2970 1151 3033 procreari
1198 2986 1350 3035 posse
1398 2970 1621 3034 cupiant:
1671 2970 1842 3032 quidni

157 3049 306 3112 igitur
335 3048 587 3113 Euripidis
608 3049 911 3112 temporibus
936 3049 1130 3097 inventa
1156 3065 1269 3098 esse
1302 3051 1598 3098 credamus?
1664 3049 1842 3114 Neque

159 3128 409 3186 defuisse,
457 3129 539 3192 qui
587 3130 771 3179 malum
806 3129 1038 3177 mulieres
1085 3145 1199 3178 esse
1243 3130 1491 3186 dicerent,
1543 3135 1596 3178 et
1642 3131 1842 3193 quidem

158 3208 429 3272 eiusmodi,
456 3209 588 3272 quod
617 3209 653 3257 ii
686 3210 811 3274 ipsi,
843 3209 925 3274 qui
960 3209 1290 3274 possiderent,
1326 3210 1550 3260 studiose
1586 3215 1842 3260 comerent

158 3296 512 3352 ornarentque,
562 3305 625 3337 ex
658 3290 1004 3354 Aristophanis
1051 3289 1353 3355 lepidissima
1396 3291 1741 3340 dissertatione
1791 3291 1842 3350 in

160 3365 367 3419 Thesm.
403 3384 447 3417 V.
483 3371 777 3418 Ἰδεῖν-800.
830 3375 1049 3434 apparet.
1116 3370 1339 3435 Denique
1382 3371 1620 3436 plurimos
1666 3370 1842 3431 fuisse,

161 3448 244 3511 qui
276 3447 479 3512 fatuam,
515 3449 789 3514 simplicem
824 3466 984 3514 neque
1019 3449 1145 3500 ultra
1178 3467 1322 3515 quam
1348 3450 1604 3501 mulierem
1638 3449 1843 3500 deceret
