2176 3874
974 279 1099 339 355

315 457 382 467 —
513 456 581 468 —·
713 429 1034 493 „Lemnia
1074 435 1348 495 praesto

314 511 596 562 Littora
632 527 826 573 rara,
861 515 922 559 et
958 510 1147 558 celsa
1187 508 1498 560 Cabirum

312 592 622 642 Delubra
654 598 863 650 tene-⁸,
900 591 1240 655 mysteria,
1279 606 1448 656 quae

314 672 628 721 Pristina
664 671 880 722 castis
916 677 1247 736 concepta
1279 672 1498 721 sacrie

315 751 671 802 Nocturna
706 751 901 802 aditu
932 749 1211 799 occulta
1249 751 1597 813 coluntur,

303 831 782 883 Silvestribus
812 829 1098 897 sepibus
1135 828 1361 883 densa.

308 940 374 949 —.
512 942 571 950 —
707 940 769 947 ———
902 937 969 948 -—-
1103 937 1165 947 —-
1300 938 1366 946 —

309 1016 1364 1029 ——.-——-——

307 1100 374 1109 —
516 1072 854 1122 Volcania
888 1073 1153 1139 templa
1185 1072 1303 1122 sub
1337 1072 1510 1139 ipsis

315 1152 644 1212 Collibus,
681 1152 750 1200 in
784 1169 946 1219 quos
983 1152 1265 1202 delatus
1299 1154 1482 1203 locos

305 1233 588 1284 Dicitur
623 1232 701 1281 ab
736 1233 878 1282 alto
914 1233 1150 1282 limine
1185 1234 1367 1283 coeli

309 1393 556 1444 Nemus
595 1394 1005 1460 exspirante
1036 1410 1288 1460 vapore
1320 1392 1528 1454 vides,
1557 1437 1563 1445 x

313 1473 502 1524 Unde
534 1475 716 1540 ignis
752 1475 936 1525 cluet
970 1475 1371 1524 mortalibus
1406 1475 1572 1524 clam

306 1555 619 1615 Divi-eus,
655 1571 792 1604 eum
827 1555 1071 1606 doctus
1106 1554 1546 1605 Prometheus

311 1634 621 1701 Glepis'se
657 1635 808 1685 dolo
834 1653 1231 1703 poenasque
1267 1636 1414 1685 Iovi

319 1714 498 1765 Fato
532 1716 951 1782 expendisse
983 1714 1409 1783 suprem0.”*)

305 1795 537 1844 Carmine
570 1796 709 1845 finito
745 1798 896 1846 Actor
930 1798 1098 1863 prodit
1131 1797 1385 1856 Lemnius,
1419 1797 1503 1859 qui
1530 1794 1864 1846 Philoctetem

171 1875 334 1924 visere
383 1876 708 1938 morbumque
769 1877 876 1925 eius
945 1893 1122 1925 curare
1184 1878 1378 1926 solebat
1404 1874 1500 1940 **).
1595 1876 1643 1926 Is
1696 1877 1863 1941 igitur,

171 1955 398 2021 quoniam
435 1956 594 2004 morbi
628 1956 844 2020 impetus
881 1963 1017 2006 certo
1052 1962 1278 2021 tempore
1312 1973 1573 2006 recurrere
1607 1957 1749 2018 solet,
1801 1973 1865 2008 ne

170 2036 302 2086 desit
345 2036 648 2102 aegrotanti,
690 2039 987 2102 tempestive
1031 2037 1246 2086 advenit.
1328 2036 1526 2086 Sortem
1569 2038 1739 2088 miseri
1773 2038 1863 2088 do·

169 2116 276 2167 lens
308 2116 436 2166 haec
469 2116 636 2164 dicere
669 2118 860 2181 potuit:

297 2225 366 2234 ——-
497 2198 647 2264 „qui
681 2199 865 2246 iacet
901 2198 966 2246 in
1001 2199 1179 2247 lecto
1213 2194 1503 2258 humido,

304 2276 492 2341 Quod
526 2278 811 2335 eiulatu,
849 2284 1102 2345 questu,
1136 2278 1407 2343 gemitu,
1430 2277 1830 2340 fremitibus

299 2356 709 2406 Resonando
743 2358 1022 2406 multum
1054 2358 1342 2422 flebiles
1376 2372 1569 2404 voces
1602 2359 1862 2423 refert.”

170 2437 523 2503 Incipientibus
559 2437 813 2485 doloribus
847 2437 926 2484 his
961 2437 1124 2485 verbis
1159 2437 1317 2486 utitur
1353 2435 1678 2485 Philoctetes:

303 2516 396 2580 „E
429 2517 752 2582 viperino
785 2532 1009 2565 morsu
1043 2533 1261 2565 venae
1293 2517 1626 2564 viscerum

315 2596 582 2647 Veneno
618 2596 919 2645 imbutae
953 2603 1172 2646 tetros
1209 2595 1555 2645 cruciatus
1592 2596 1827 2645 cient.’'

304 2673 669 2744 φαγέδαιναν,
706 2674 741 2743 ἥ
775 2693 882 2742 μου
919 2675 1088 2741 σάρκα
1121 2678 1370 2727 θοινᾶται
1398 2672 1579 2733 ποδός.

277 2905 282 2910 ·
309 2877 554 2927 πολιτικῶς
575 2874 750 2931 ἔχοντα,
768 2873 846 2918 καὶ
876 2871 943 2917 τὰ
971 2870 1111 2929 μέλη
1142 2866 1209 2915 ov’
1236 2867 1423 2926 μόνον
1450 2867 1686 2928 ἡδονήν,
1716 2867 1861 2915 ἀλλὰ

310 2949 412 2995 καὶ
448 2944 677 3002 πολλὴν
714 2943 862 3004 πρὸς
905 2941 1124 3001 ἀρετὴν
1163 2939 1547 2998 παράκλησιν.

235 3022 285 3078 ²⁸²)
314 3021 456 3063 Varro
493 3019 544 3060 L.
577 3018 629 3060 L.
660 3018 762 3070 vll,
802 3016 870 3058 11.
914 3016 984 3058 ed.
1029 3014 1083 3057 Ο.
1125 3014 1330 3056 Mueller.
1378 3014 1533 3056 Herm.
1575 3011 1735 3067 Opusc.
1778 3012 1859 3055 111.

310 3107 354 3148 p.
383 3089 480 3132 120.
540 3089 632 3132 Cic.
662 3089 714 3132 N.
746 3089 800 3129 D.
832 3088 868 3140 1,
895 3084 965 3127 42.
1024 3084 1091 3126 ld.
1123 3085 1254 3127 Tusc.
1286 3084 1345 3138 ll,
1373 3083 1443 3137 10,
1472 3082 1542 3126 23.

209 3163 283 3217 >W)
311 3161 398 3204 Dio
426 3162 457 3203 1.
487 3162 549 3203 Lx
580 3158 663 3204 τὸν
682 3156 884 3215 Ἕκτορα
914 3153 1102 3211 εἰςοὶγει,
1134 3153 1216 3199 ἕνα
1244 3155 1480 3212 Λημνίων,
1517 3151 1580 3205 ὥς
1618 3149 1861 3209 γνώριμον,

307 3232 372 3290 τῷ
404 3234 456 3275 Φ.
486 3229 738 3288 προςιόντα
768 3228 847 3274 καὶ
877 3224 1097 3277 πολλάκις
1136 3224 1492 3284 συμβιβληκότα.
1560 3224 1735 3267 Actoris
1778 3237 1859 3265 no-

309 3317 411 3344 men
442 3315 522 3357 pro
543 3301 752 3344 Hectoris
780 3298 1082 3356 reponendum
1112 3311 1207 3339 esse
1239 3312 1291 3340 ex
1319 3296 1491 3354 Hygini
1519 3295 1670 3339 verbis
1700 3309 1738 3336 c.
1761 3292 1859 3335 102.

309 3372 520 3415 coniicio:
577 3374 755 3428 „Quem
801 3369 1048 3426 expositum
1087 3373 1238 3424 pastor
1288 3367 1410 3426 regis
1462 3366 1635 3410 Actoris
1682 3363 1859 3406 nomine

310 3443 588 3488 Phimachus
610 3439 1058 3500 (Amphimachus‘3)‚
1077 3439 1370 3496 Dolophionis
1385 3439 1523 3491 filius,
1546 3434 1773 3481 nutrivit.’'
1806 3434 1857 3476 In

1408 3507 1521 3560 23*
