2144 3854
1087 280 1209 338 242

316 434 502 481 taretur
532 433 749 488 tantum,
783 442 882 476 non
913 426 1073 492 ipsam
1106 429 1503 493 repraesentaret
1536 430 1760 476 naturam
1794 443 1984 489 eorum,

316 518 370 560 ut
401 510 533 558 illius
566 509 778 558 animum
804 507 1101 573 >perspicere
1134 507 1274 557 nobis
1309 506 1608 564 videremur,
1659 506 1838 556 horum
1873 525 1985 558 ser-

312 605 483 638 mones
517 589 833 651 actionesque
878 593 1250 653 cognoscentes
1320 587 1460 646 Hoc,
1509 593 1661 653 puto,
1707 587 1985 653 intelligens

313 669 575 732 Euripides
635 668 814 717 levium
858 668 1156 732 rudiumque
1221 668 1472 717 hominum
1522 667 1749 732 personis
1799 667 1983 732 aliquid

311 749 546 798 momenti
579 748 855 798 addendum
890 764 1002 797 esse
1035 747 1233 807 statuit,
1285 753 1337 796 et
1381 747 1652 812 participes
1697 764 1784 797 eos
1817 748 1986 798 facere

311 829 621 890 eruditionis,
655 828 731 876 cui
765 828 847 876 illa
879 833 1038 877 aetate
1073 830 1352 893 promiscue
1384 843 1555 877 omnes
1586 827 1840 877 studuisse
1865 844 1983 878 con—

309 914 424 970 stat,
446 909 555 958 ‘hoc
589 911 838 973 spectans,
872 925 1046 973 nequa
1080 909 1350 958 carminum
1385 925 1500 973 pars
1535 908 1725 957 utiliter
1757 908 1982 974 disputa-

309 989 374 1039 tis
407 989 706 1052 monitisque
737 993 949 1038 vacaret.
1019 988 1069 1037 ln
1115 988 1490 1038 Atheniensium
1524 989 1747 1038 moribus
1780 989 1982 1039 institu-

307 1070 471 1134 tisque
502 1069 615 1118 illae
649 1085 843 1132 quoque
874 1068 1310 1132 frequentissimae
1343 1070 1615 1118 orationum
1642 1069 1982 1119 contentiones

307 1149 547 1209 nituntur,
581 1150 756 1213 quibus
789 1149 898 1198 fere
931 1148 1075 1198 binae
1107 1164 1366 1213 personae,
1403 1165 1611 1213 quarum
1643 1149 1797 1199 altera
1831 1165 1982 1198 accu-

307 1229 486 1279 satoris
519 1229 672 1278 altera
704 1229 778 1278 rei
811 1229 968 1278 vicem
1003 1229 1208 1286 subeat,
1257 1243 1456 1277 caussas
1503 1229 1641 1292 quasi
1692 1229 1742 1278 in
1785 1228 1982 1297 indiciis

305 1309 475 1358 dicunt
508 1317 609 1358 tam
642 1310 787 1358 docte
817 1313 965 1373 atque
999 1309 1226 1374 egregie,
1271 1313 1328 1357 ut
1370 1308 1491 1358 artis
1535 1309 1758 1374 magistri
1790 1309 1871 1358 vix
1904 1309 1981 1357 in—

304 1389 514 1449 veniant,
549 1390 680 1452 quod
713 1389 792 1438 vel
826 1389 1074 1454 corrigere
1107 1388 1300 1454 possint
1334 1388 1413 1437 vel
1447 1388 1830 1453 reprehendant.
1881 1388 1979 1438 Fe-

303 1469 371 1518 cit
403 1469 538 1518 idem
559 1469 851 1534 Sophocles,
881 1470 1001 1517 item
1035 1467 1327 1534 saepissime
1357 1469 1454 1516 hoc
1481 1468 1709 1531 artificio,
1743 1475 1979 1532 tanquam

301 1548 570 1612 plurimum
603 1549 797 1597 valente
819 1548 882 1597 ad
906 1547 1226 1597 delectandos
1252 1548 1621 1611 movendosque
1647 1552 1978 1613 spectatores,

301 1644 421 1679 usus
467 1632 547 1678 est
592 1627 969 1692 Aristophanes.
1058 1626 1256 1692 Quippe
1299 1628 1651 1677 certaminibus
1692 1627 1979 1692 spectandis

300 1709 443 1758 unice
475 1700 849 1758 delectabantur
881 1707 1087 1766 Graeci3
1131 1707 1208 1755 his
1243 1707 1356 1757 acui
1390 1707 1548 1768 vires,
1581 1707 1778 1758 incendi
1811 1707 1979 1757 studia

299 1788 585 1849 credebant,
617 1794 672 1838 ut
705 1788 766 1837 ad
799 1803 990 1837 summa
1022 1802 1249 1850 quaeque
1281 1786 1481 1851 fastigia
1512 1787 1847 1838 aemulatione
1869 1787 1976 1836 eni-

300 1872 536 1917 terentur.
606 1867 980 1918 contendebant
1010 1866 1143 1915 inter
1175 1882 1231 1915 se
1262 1881 1362 1915 non
1395 1866 1555 1915 solum
1588 1867 1783 1932 pugiles
1815 1867 1975 1917 lucta-

300 1951 561 2011 toresque,
609 1948 698 1997 sed
733 1947 880 1996 etiam
914 1951 1119 2011 poetae,
1153 1945 1361 2008 musici,
1409 1950 1660 2005 oratores3
1705 1942 1973 1996 certamina

299 2027 502 2090 siugulis
534 2031 638 2075 tam
669 2027 816 2076 animi
849 2043 993 2090 quam
1027 2026 1251 2091 corporis
1284 2025 1544 2073 virtutibus
1577 2024 1803 2075 instituta
1823 2031 1973 2090 atque

297 2106 518 2170 praemia
549 2107 802 2170 proposita
835 2111 999 2165 erant,
1055 2122 1181 2169 quae
1215 2120 1334 2154 suae
1368 2105 1577 2169 quisque
1609 2105 1769 2154 laudis
1801 2121 1972 2155 aemu-

298 2184 372 2233 los
404 2190 603 2249 peteret
634 2186 887 2235 vincendo.
957 2187 1124 2248 Quid?
1168 2184 1300 2249 quod
1346 2184 1570 2248 ipsorum
1599 2184 1971 2248 magistratuum

294 2264 633 2328 honorumque
665 2266 868 2314 ambitio
902 2270 1049 2330 atque
1079 2265 1307 2314 universa
1336 2262 1637 2328 reipublicae
1660 2264 1971 2314 administra-

295 2342 367 2391 tio
398 2344 448 2393 in
490 2345 881 2395 contentionibus
926 2345 1229 2395 aemulorum
1273 2344 1436 2409 posita
1478 2348 1614 2405 erat,
1663 2359 1827 2407 neque
1872 2343 1970 2394 ulla

294 2438 408 2486 pars
458 2423 534 2472 vel
581 2425 803 2488 privatae
835 2426 914 2475 vel
947 2426 1174 2492 publicae
1206 2424 1336 2472 vitae
1370 2424 1720 2479 certaminibus
1752 2425 1967 2475 vacabat.

293 2500 439 2551 Hunc
481 2503 630 2569 igitur
676 2521 863 2555 morem
895 2506 946 2556 in
980 2505 1158 2554 fabulis
1184 2504 1537 2568 componendis
1570 2504 1852 2553 necessario
1887 2520 1968 2553 se-

293 2581 393 2630 cuti
426 2588 540 2632 sunt
572 2584 718 2632 etiam
753 2586 924 2650 tragici
955 2591 1159 2652 poetae:
1214 2583 1347 2647 quod
1380 2583 1568 2632 factum
1602 2599 1698 2632 non
1721 2587 1800 2632 est
1833 2583 1967 2648 quod

291 2661 644 2727 vituperemus,
681 2665 771 2714 sed
804 2666 990 2730 potiuS,
1026 2666 1067 2714 si
1100 2664 1211 2712 fieri
1244 2663 1419 2728 possit,
1459 2664 1722 2714 imitemur.
1790 2663 1966 2727 Neque

291 2741 422 2790 enim
456 2742 549 2792 alia
583 2744 773 2793 ratione
805 2745 1027 2810 planius,
1062 2743 1362 2806 simplicius,
1411 2743 1738 2803 luculentius,
1771 2743 1965 2807 gravius

291 2834 494 2871 caussae
527 2838 866 2886 personarum,
902 2840 1107 2889 quarum
1143 2822 1348 2871 diversis
1393 2821 1752 2884 contrariisque
1785 2821 1964 2871 studiis

288 2897 609 2950 difficultates
645 2905 901 2968 omnisque
932 2921 1100 2954 rerum
1133 2901 1404 2966 implicatio
1451 2900 1740 2962 conficitur,
1785 2902 1965 2967 exponi

288 2983 341 3027 et
373 2978 450 3027 ius
482 2985 628 3044 atque
660 2982 839 3034 iniuria
872 2985 1027 3051 partis
1060 2983 1314 3045 utriusque
1348 2979 1674 3030 demonstrari
1707 2986 1876 3047 potest
1887 2979 1960 3041 ¹⁶¹).

340 3186 393 3241 *)
423 3186 599 3232 Goetbe
627 3190 673 3232 in
699 3191 783 3246 iis,
823 3206 937 3248 quae
974 3195 1030 3236 de
1068 3197 1271 3238 veterum
1314 3193 1499 3249 parodia
1527 3192 1753 3245 disseruit,
1791 3193 1961 3234 haecce

421 3257 597 3313 scripsit
625 3260 883 3305 verissima:
925 3263 1047 3316 „Die
1079 3264 1324 3317 Griechen,
1370 3264 1443 3306 die
1482 3265 1550 3306 als
1577 3261 1819 3320 geselliges
1847 3261 1958 3303 Volk

423 3341 564 3384 gerne
601 3331 845 3386 sprachen,
884 3335 952 3375 als
988 3335 1323 3390 Republikaner
1361 3348 1473 3390 gern
1523 3332 1742 3388 sprechen
1784 3331 1957 3382 hortea,

421 3410 573 3440 waren
602 3413 652 3442 so
683 3414 740 3443 an
770 3402 855 3444 den
883 3403 1166 3449 offentlichen
1194 3405 1384 3460 Vortrag
1406 3405 1631 3460 gewiihnt,
1662 3401 1762 3444 dass
1781 3400 1848 3443 sie
1872 3413 1956 3441 un-

417 3467 610 3512 hewul‘st
635 3470 709 3514 die
737 3472 995 3517 Redekunst
1021 3474 1118 3518 sich
1147 3474 1278 3531 eigcn
1306 3475 1522 3530 gemacht
1542 3474 1696 3516 hatten
1719 3471 1808 3514 und
1827 3470 1957 3513 dem-
