2176 3874
1173 279 1299 340 526

386 450 574 496 eorum,
607 431 692 498 qui
724 446 852 482 nunc
886 433 1032 491 sunt,
1076 429 1360 480 mortalium
1391 444 1453 480 an
1487 429 1751 495 quisquam
1782 432 1944 498 possit
1975 433 2078 484 du·-

386 517 545 568 bitare
594 513 729 561 licet.
809 511 1126 573 Dramatum,
1188 526 1512 575 quaecunque
1570 511 1724 562 hodie
1781 512 1834 562 in
1887 514 2076 564 nostris

385 594 598 645 theatris
646 591 871 642 exhiberi
917 590 1109 652 solent,
1169 592 1249 640 vix
1299 592 1387 640 ulli
1429 593 1597 641 insunt
1643 597 1750 643 tam
1795 593 2075 644 calamitosi

383 675 630 736 homines,
669 673 842 737 quales
876 673 928 720 in
960 670 1359 738 τραγικωτοὲτου
1394 679 1574 738 poetae
1606 673 1861 739 plerisque
1892 673 2075 724 fabulis

384 755 773 821 conspiciuntur.
842 752 1065 803 Necesse
1099 754 1229 803 enim
1267 753 1364 802 fuit
1397 759 1575 819 poetae
1607 753 1940 819 philosopho,
1989 755 2076 820 qui

381 837 533 885 vellet
565 835 795 883 homines
843 834 1054 892 docere,
1089 851 1186 899 qua
1219 836 1412 884 ratione
1447 835 1665 883 conditio
1697 834 1911 884 humana
1943 835 2076 885 tole-

381 916 480 965 rari
514 922 565 964 et
599 915 902 963 calamitates
937 915 1064 963 vinci
1091 920 1316 979 possent,
1349 919 1728 980 repraesentare
1752 931 2077 980 quaecunque

379 996 663 1046 miserrima
716 995 1006 1044 mortalibus
1062 996 1291 1044 accidere
1337 1001 1560 1061 possent.
1642 995 1744 1044 Sed
1787 996 2076 1061 longissime

378 1077 514 1125 idem
563 1075 722 1125 abfuit
761 1075 822 1123 ab
877 1092 937 1124 ea
984 1076 1247 1136 sententia,
1281 1091 1427 1139 quam
1474 1076 1632 1124 Stoici
1667 1076 1972 1140 probarunt,
2019 1081 2075 1125 ut

379 1157 703 1207 indolentiam
737 1156 872 1203 illam
909 1156 1294 1218 commendaret,
1328 1172 1474 1220 quam
1509 1157 1862 1207 immanitatem
1891 1158 1943 1207 in
1967 1157 2073 1206 ani-

377 1254 479 1300 mo,
514 1244 769 1300 stuporem
806 1236 857 1283 in
893 1251 1103 1300 corpore
1140 1252 1252 1285 esse
1275 1237 1555 1286 rectissime
1574 1237 1812 1286 iudicavit
1843 1233 2072 1299 Crantor,

378 1334 475 1383 qua
507 1322 676 1365 tamen
711 1316 981 1364 indolentia
1014 1316 1169 1364 multo
1216 1315 1440 1365 deterior
1474 1322 1551 1366 est
1573 1318 1844 1367 ostentatio
1879 1333 2072 1378 eorum,

377 1398 478 1463 qui,
515 1396 647 1461 quod
682 1397 780 1459 ipsi
811 1397 861 1445 in
897 1397 997 1445 vita
1032 1396 1281 1445 umbratili
1302 1397 1437 1446 nulla
1458 1413 1672 1460 unquam
1705 1399 1932 1463 graviora
1967 1399 2073 1448 dis-

377 1478 585 1527 crimina
620 1476 908 1537 subierunt,
943 1476 1050 1525 sive
1084 1478 1235 1526 etiam
1270 1476 1403 1541 quod
1438 1484 1645 1542 propter
1678 1477 1932 1527 levitatem
1965 1479 2071 1528 ani-

374 1574 568 1609 morum
632 1557 1015 1620 vecordiamque
1088 1557 1222 1606 nulla
1278 1574 1335 1607 re
1390 1557 1735 1607 vehementius
1793 1563 2071 1620 moventur,

373 1639 622 1698 damnant,
661 1638 702 1685 si
731 1653 877 1701 quem
902 1637 1049 1686 alium
1075 1638 1531 1702 perturbationibus
1567 1638 1644 1698 iis,
1682 1637 1876 1702 quibus·
1897 1652 1952 1687 ne
1986 1654 2071 1688 va-

373 1735 489 1769 care
523 1723 726 1784 putant,
772 1717 1040 1765 obnoxium
1091 1734 1206 1767 esse
1258 1718 1443 1769 vident.
1510 1718 1736 1767 Helenae
1768 1718 2073 1783 Euripideae

372 1801 530 1850 instar
563 1800 660 1848 hoc
693 1812 848 1862 genus
883 1798 1139 1847 hominum
1176 1799 1325 1847 etiam
1359 1799 1565 1849 summis
1593 1798 1956 1847 calamitatibus
1990 1799 2070 1847 iu·-

373 1880 617 1930 stantibus
653 1884 796 1927 caute
831 1884 884 1927 et
903 1879 1156 1943 religiose,
1192 1896 1254 1930 ne
1278 1880 1362 1945 qui
1398 1880 1647 1929 cincinnus
1683 1880 1913 1928 turbetur
1945 1893 2070 1928 neve

373 1961 493 2025 quid
530 1959 819 2009 detrimenti
867 1959 955 2009 fiat
1006 1961 1313 2023 venustatiS,
1363 1960 1634 2010 curandum
1682 1975 1799 2009 esse
1842 1958 2068 2009 omuibus

373 2046 559 2091 censet.

503 2120 582 2170 Ad
617 2123 963 2184 argumentum
1001 2118 1200 2168 fabulae
1231 2119 1404 2169 redeo.
1474 2118 1705 2167 Accurrit
1737 2117 1799 2165 ad
1833 2116 2067 2181 Polyme-

371 2201 523 2249 storis
559 2200 803 2248 clamores
838 2201 1207 2264 Agamemnon,
1257 2198 1490 2248 simulans
1523 2197 1845 2262 ignorantiam
1878 2211 2066 2256 rerum,

370 2296 496 2345 quae
521 2279 719 2328 interim
746 2283 922 2343 gestae
947 2285 1078 2331 sunt.
1148 2281 1309 2342 Quem
1338 2284 1526 2338 nactus,
1554 2282 1610 2326 ut
1635 2280 1794 2342 putat,
1818 2275 2067 2324 vindicem

368 2359 698 2424 Polymestor,
735 2360 956 2423 quamvis
990 2361 1070 2408 vix
1104 2360 1338 2408 cohibeat
1382 2358 1644 2407 laniandae
1677 2355 1918 2406 Hecubae
1953 2355 2068 2403 libi-

369 2440 555 2499 dinem,
596 2440 660 2488 ad
695 2454 920 2487 caussam
955 2439 1218 2489 dicendam
1255 2454 1318 2487 ex
1350 2439 1562 2487 adverso
1597 2436 1840 2485 consistit.
1909 2435 2066 2484 Cuius

370 2521 593 2568 oratione
626 2520 843 2569 narratio
879 2536 1070 2578 eorum,
1106 2535 1232 2584 quae
1264 2519 1399 2568 intus
1434 2523 1574 2582 gesta
1597 2522 1727 2579 sunt,
1763 2515 2065 2567 continetur.

370 2599 438 2648 Et
462 2600 770 2649 Graecorum
805 2606 857 2648 et
890 2617 983 2649 suo
1020 2599 1281 2650 commodo
1315 2616 1344 2648 a
1379 2615 1435 2647 se
1469 2603 1790 2664 prospectum
1826 2611 1940 2645 esse
1966 2595 2065 2644 Po-

368 2679 594 2745 lydorum
629 2681 978 2729 interficiendo
1013 2681 1240 2729 simulat:
1286 2681 1556 2729 verendum
1603 2679 1734 2728 enim
1765 2675 1958 2734 fuisse,
2001 2690 2065 2723 ne

367 2760 592 2808 collectis
628 2759 955 2809 Troianorum
991 2760 1213 2824 reliquiis
1247 2759 1380 2808 filius
1416 2759 1600 2808 Priami
1633 2757 1834 2807 Troiam
1866 2759 2063 2804 restau-

364 2844 501 2888 raret
548 2856 821 2903 rursusque
858 2840 1038 2890 Graeci
1091 2845 1263 2890 contra
1296 2841 1473 2890 urbem
1517 2839 1752 2888 hostilem
1787 2836 2063 2886 exercitum

364 2920 604 2969 ducentes
646 2919 911 2969 Thraciam
961 2924 1232 2969 vastarent.
1310 2920 1411 2970 Pro
1455 2921 1555 2970 hoc
1602 2923 1782 2968 autem‘
1803 2915 2062 2975 beneficio,

365 3000 501 3063 quod
539 2999 844 3049 Graecorum
888 3000 1087 3049 hostem
1134 3001 1501 3062 interfecisset,
1550 3000 1677 3048 hanc
1713 3014 1769 3047 se
1801 2995 2062 3060 accepisse

365 3080 668 3139 mercedem,
703 3079 882 3128 fraude
919 3081 968 3129 in
1001 3081 1274 3130 tentorium
1311 3081 1611 3139 deductum,
1645 3079 1758 3138 ubi,
1790 3080 2058 3140 postquam

365 3159 666 3221 recubuerit,
702 3160 897 3208 turbam
932 3161 1193 3210 mulierum
1229 3161 1578 3210 circumfusam
1602 3159 1814 3223 primum
1848 3160 2059 3216 vestem,

364 3238 534 3288 hastas
570 3238 855 3304 liberosque
890 3241 1133 3289 curiosam
1169 3245 1467 3290 attrectasse
1511 3243 1565 3287 et
1597 3237 1854 3304 paullatim
1891 3251 1922 3284 e
1947 3250 2058 3284 ma-

364 3319 508 3368 nibus
542 3320 831 3377 removisse,
867 3319 1047 3369 deinde
1079 3326 1288 3386 repente
1323 3319 1511 3370 strictis
1545 3318 1745 3367 ensibus
1766 3317 1968 3375 liberos,
2001 3329 2060 3363 se

364 3399 693 3464 inspectante,
729 3401 818 3449 sed
855 3400 1061 3464 capilliS,
1095 3402 1322 3450 manibus
1357 3401 1666 3467 pedibusque
1699 3402 1914 3455 retento,
1948 3398 2058 3443 tru-

364 3478 576 3541 cidasse,
613 3497 727 3531 mox
760 3481 859 3546 ipsi
884 3480 1095 3547 pupillas
1119 3480 1372 3532 effodisse.
1439 3479 1627 3531 Eadem
1652 3479 1840 3528 ratione
1868 3474 2058 3539 reliqua
