2144 3854
1123 287 1247 345 278

479 433 757 497 „Dia-erat,
793 436 948 499 atque
980 433 1092 500 ipso
1119 439 1391 501 portarum
1425 434 1482 483 in
1515 433 1694 484 limine
1725 451 1900 502 regem

482 513 672 573 Cernit,
707 517 759 560 et
795 518 998 563 ostensa
1024 531 1210 580 pacem
1239 514 1519 581 praefatur
1553 514 1706 564 oliva.

486 591 702 656 Magna,
738 608 868 654 reor,
897 593 1103 660 pridem
1137 601 1333 644 vestras
1361 586 1602 661 pervenit
1639 592 1709 644 ad
1745 610 1895 644 aures

477 671 646 721 Fama
678 673 837 722 trucis
872 673 1019 732 belli,
1067 690 1248 740 regum
1275 673 1656 740 placidissime,
1709 673 1844 740 quod
1875 689 2013 725 nunc

472 750 842 818 Europamque
874 753 1157 822 Asiamque
1189 755 1390 821 quatit”
1427 758 1522 804 etc.

346 830 535 881 Deinde
573 847 748 879 nomen
785 847 925 881 suum
963 835 1125 895 prodit
1154 834 1211 878 ‘et
1245 845 1464 878 caussam
1499 830 1606 879 viae
1640 829 1803 879 fictam
1839 830 2011 894 refert,

474 910 810 976 „Explorare
843 911 1016 959 aditus
1050 910 1315 976 invisaque
1346 909 1524 959 littora
1564 909 1766 971 Troiae,

479 988 678 1052 Quidve
704 987 950 1055 parent.’'

345 1067 548 1134 Excipit
580 1085 696 1117 rex:

475 1149 776 1208 „Annuerit
813 1146 1062 1208 Fortuna,
1092 1162 1295 1213 precor,-
1328 1145 1602 1213 dextrique
1631 1147 1915 1198 secundent

474 1228 586 1278 Ista
620 1228 719 1276 dei,
793 1227 948 1276 Nunc
981 1227 1199 1293 hospitio
1231 1242 1348 1275 mea
1381 1231 1522 1274 tecta
1554 1243 1823 1294 meumque

475 1308 744 1356 Illustrate
778 1307 954 1356 larem.
1026 1307 1194 1356 Simul
1227 1307 1369 1355 intra
1402 1306 1583 1355 limina
1616 1306 1814 1357 ducit.''

473 1386 648 1436 Prodit
675 1387 876 1448 chorus,
912 1387 1152 1448 „comites
1175 1387 1383 1451 pudicae
1407 1380 1668 1436 natarnm'’
1703 1388 1861 1452 regis:
1895 1403 2006 1438 nam

475 1467 704 1529 „Rumor
738 1468 793 1516 in
828 1484 1026 1518 arcana
1061 1468 1164 1516 iam
1198 1465 1390 1515 dudum
1418 1468 1701 1532 perstrepit
1737 1467 1878 1527 aula,

484 1546 776 1611 Virginibus
809 1563 912 1614 qua
934 1546 1055 1613 fida
1089 1546 1280 1606 domus,
1315 1546 1517 1595 venisse
1551 1544 1825 1612 Pelasgum

474 1624 728 1675 Ductores
766 1626 1076 1693 Graiamque
1108 1633 1273 1676 ratem
1305 1626 1565 1692 sociosque
1597 1624 1877 1692 recepto-‘13’

469 1704 562 1754 His
597 1706 668 1754 sic
701 1707 823 1755 actis
845 1707 1139 1772 colloquium
1167 1710 1288 1772 puto
1311 1704 1519 1754 Achillis
1551 1709 1699 1768 atque
1725 1705 2011 1757 Deidamiae

340 1789 563 1836 secutum
599 1802 725 1835 esse.
791 1788 917 1835 Nam
1252 1806 1253 1809 ¹

283 1929 288 1934 ι
468 1863 660 1925 „Haec
693 1865 839 1913 illum
871 1870 1050 1930 stupro
1086 1867 1332 1931 comperit
1368 1882 1477 1915 esse
1509 1866 1705 1914 virum”
1731 1861 1798 1926 ²⁸²).

338 1942 466 1993 Dum
499 1953 676 2010 pavent
708 1945 920 2008 virgines
954 1945 1161 1994 militum
1195 1946 1483 2005 adventum,
1534 1945 1614 1993 vix
1663 1960 1786 1993 nova
1833 1945 2006 2007 gaudia

339 2023 532 2072 celabat
564 2023 753 2088 Pyrrha
789 2025 888 2072 sive
923 2024 1157 2072 Achilles.
1221 2023 1356 2073 Idem
1383 2025 1601 2073 convivio
1624 2023 1872 2072 adhibitus
1896 2040 2005 2074 cum

337 2103 602 2168 virginibus
635 2109 735 2152 tam
771 2119 826 2152 se
858 2103 1014 2169 gessit
1045 2103 1469 2168 intemperantem,
1504 2108 1580 2165 ut,

588 2184 724 2242 „nisi
751 2184 1098 2250 praecipitem
1133 2183 1319 2232 blando
1354 2185 1622 2251 complexa
1655 2189 1885 2232 moneret

469 2261 749 2312 Deidamia
780 2264 915 2321 sinu,
951 2252 1251 2329 nudataque
1276 2270 1496 2329 pectora
1529 2277 1730 2328 semper

466 2341 828 2410 Exsertasque
861 2360 1043 2392 manus
1076 2343 1406 2409 humerosque
1438 2344 1494 2391 in
1526 2348 1668 2391 veste
1701 2347 1919 2404 teneret,

422 2464 425 2470 χ
466 2421 545 2471 Et
573 2423 787 2489 prodire
819 2425 947 2473 toris
982 2430 1032 2472 et
1065 2439 1277 2489 poscere
1310 2424 1433 2472 vina
1465 2428 1664 2471 vetaret

469 2501 710 2569 Saepius,
747 2510 798 2552 et
818 2504 991 2568 fronti
1026 2503 1223 2553 crinale
1256 2509 1530 2569 reponeret
1566 2517 1766 2562 aurum,

467 2582 731 2648 Argolicis
765 2582 977 2632 ducibus
1008 2585 1116 2632 iam
1147 2589 1257 2631 tum
1283 2583 1541 2648 patuisset
1572 2579 1853 2632 Achilles.’'

334 2662 447 2712 Hoc
478 2663 659 2712 timore
692 2668 824 2712 mota
859 2664 1092 2711 maturius
1128 2662 1377 2711 Deidamia
1410 2662 1668 2726 Pyrrham,
1702 2678 1827 2726 quae
1863 2660 2001 2711 vide-

335 2742 508 2800 batur,
557 2758 587 2790 e
634 2743 850 2792 convivio
902 2742 1123 2792 abduxit.
1190 2741 1306 2791 Inde
1351 2741 1590 2790 Achillem
1627 2743 1686 2790 ab
1720 2746 1879 2789 amata
1910 2741 2000 2789 ob-

333 2821 577 2887 iurgatum
611 2838 724 2870 esse
771 2823 1132 2886 monitumque,
1185 2826 1242 2870 ut
1273 2821 1541 2869 modestius
1575 2835 1630 2869 se
1662 2824 1881 2884 gereret,
1916 2835 1999 2868 su-

333 2901 522 2965 spicor3
558 2901 695 2950 illum
730 2907 896 2952 contra
915 2939 930 2964 ,
960 2901 1030 2951 nil
1062 2907 1311 2951 curantem
1346 2901 1783 2966 exprobrationem,
1817 2898 1997 2948 lusisse

332 2980 672 3043 petulantem:

461 3057 658 3120 „Nunc
691 3060 885 3109 levibus
916 3062 1086 3123 sertis,
1121 3061 1279 3128 lapsis
1311 3075 1447 3110 nunc
1478 3063 1660 3126 sponte
1694 3058 1950 3118 canistris,

464 3137 623 3188 Nunc
655 3139 825 3204 thyrso
850 3148 1103 3206 parcente
1123 3142 1276 3207 serit.
1348 3137 1504 3188 Modo
1538 3137 1712 3187 dulcia
1743 3143 1902 3204 notae

463 3217 587 3268 Fila
621 3218 767 3283 lyrae
799 3226 1081 3288 tenuesque
1112 3220 1285 3272 modos
1320 3225 1370 3270 et
1407 3219 1638 3270 carmina
1669 3222 1918 3268 monstrat

385 3383 437 3438 ’‘)
465 3383 596 3429 Ovio.
624 3385 678 3428 A.
707 3384 758 3428 A.
788 3385 823 3438 1,
850 3385 949 3430 698.
