2144 3854
1088 260 1212 317 314

311 409 602 462 redeuntem
648 409 714 459 de
763 408 1015 458 laboribus
1062 408 1323 458 exantlatis
1357 407 1519 473 deque
1553 409 1701 458 sortis
1733 409 1986 476 iniquitate

309 489 562 554 conqueri.
628 489 741 537 Huc
773 487 941 538 refero
974 489 1249 554 fragmenta
1281 487 1344 539 V.
1379 494 1432 538 et
1465 487 1561 538 Vl:

438 566 611 634 μάτην
644 564 702 619 δὲ
735 566 928 633 »θνητοὶ
957 561 1084 630 τοὺς
1115 567 1323 629 νόθους
1355 567 1616 635 φεύγουσ’
1651 570 1758 635 ἄρα

438 646 635 709 παῖδας
668 648 947 714 φυτεύειν·
983 644 1043 711 ὃς
1074 647 1177 716 γὰρ
1212 648 1280 700 ἂν
1313 649 1537 717 χρηστὸς
1567 649 1700 719 φύῃ,

439 727 507 780 οὐ
538 731 757 798 τοῦνομ’
790 729 962 783 αὐτοῦ
995 729 1094 798 τὴν
1126 730 1293 798 φύσιν
1327 730 1625 797 διαφθερεῖ.

437 891 545 942 νῦν
577 889 627 942 δ’
659 892 730 958 ἢν
761 908 840 952 τις
866 890 1031 943 οἴκων
1062 892 1326 944 πλουσίαν
1358 889 1447 960 ἔχῃ
1481 892 1710 960 φάτνην,

436 971 647 1037 πρῶτος
677 970 968 1039 γέγραπται
998 973 1107 1024 τῶν
1137 974 1406 1026 κακιόνων
1438 975 1647 1039 κράτει·

437 1049 504 1103 τὰ
538 1051 587 1104 δ’
621 1052 730 1119 ἔργ’
763 1049 964 1105 ἐλάσσω
997 1054 1281 1121 χρημάτων
1312 1054 1609 1123 νομίζομεν.

305 1132 490 1183 Postea
523 1140 801 1199 satyrorum
836 1142 1034 1186 caterva
1067 1137 1255 1187 circum
1277 1153 1391 1189 eum
1416 1140 1730 1204 congregata,
1764 1145 1878 1187 cum
1907 1132 1988 1185 hin

304 1213 629 1264 comissaturz

435 1293 602 1356 παίζω
617 1310 631 1325 ·
664 1291 957 1362 μεταβολὰς
988 1293 1094 1362 γὰρ
1125 1295 1313 1349 πόνων
1344 1295 1426 1349 ἀεὶ
1457 1292 1595 1363 φιλῶ
1619 1296 1687 1364 ὑ).

303 1373 382 1425 Eo
412 1376 632 1441 pertinet
662 1375 841 1443 fragm.
876 1376 972 1427 1x=

437 1483 500 1493 —
566 1455 774 1522 σκύφος
804 1473 860 1507 τε
892 1456 1113 1530 μακρός,

304 1535 385 1586 cui
417 1536 605 1586 addere
638 1537 758 1587 licet
792 1535 965 1604 fragm.
1000 1541 1094 1590 lnc.
1129 1540 1255 1589 225:

435 1609 593 1668 οἶνον
624 1615 978 1684 ἀρκεσίγυιον.

433 1696 636 1748 Interim
684 1715 836 1763 quum
876 1700 1011 1750 fama
1056 1700 1122 1750 de
1165 1698 1330 1750 reditu
1375 1697 1611 1749 Herculis
1658 1699 1708 1749 in
1740 1698 1988 1749 civitatem

301 1775 494 1842 perlata
527 1786 687 1839 esset,
722 1781 903 1830 missus
937 1786 1015 1830 est
1050 1781 1301 1845 CopreuS,
1346 1780 1431 1845 qui
1462 1780 1526 1829 ad
1558 1792 1737 1830 novum
1770 1779 1990 1830 laborem

301 1857 596 1922 patrandum
631 1859 902 1910 Herculem
935 1862 1218 1928 ablegaret,
1264 1861 1397 1910 unde
1429 1874 1542 1909 eum
1576 1859 1763 1910 salvum
1797 1861 1988 1910 reditu-

300 1952 412 1986 rum
446 1954 560 1988 esse
592 1939 798 1990 minime
829 1946 1004 2007 posset
1040 1942 1247 2006 sperari.
1314 1941 1535 1990 Excusat
1558 1956 1739 2005 praeco
1763 1938 1987 1991 officium

302 2032 478 2068 suum:

435 2093 625 2226 πῖιστὸν
656 2095 756 2163 μὲν
790 2092 891 2150 οὖν
923 2097 1023 2166 χρὴ
1058 2099 1154 2150 τὸν
1187 2097 1446 2150 διάκονον
1508 2125 1576 2137 -—
1640 2122 1704 2136 —

434 2191 459 2226 ε
483 2193 574 2226 ναι
704 2203 771 2216 -
901 2207 969 2216 -—
1099 2207 1167 2216 —
1300 2208 1365 2216 —
1495 2205 1563 2214 --

430 2259 681 2309 τοιοῦτον
713 2253 851 2309 εἶναι
882 2256 974 2310 καὶ
1007 2255 1209 2325 στέγειν
1241 2256 1306 2309 τὰ
1340 2257 1632 2309 δεσποτῶν.
1882 2319 1884 2322 y

299 2337 535 2388 Herculis
570 2340 734 2399 verba,
771 2340 948 2403 quibus
982 2356 1095 2398 res,
1141 2340 1206 2388 de
1239 2355 1334 2404 qua
1366 2341 1558 2404 agitur,
1593 2342 1766 2404 aperte
1799 2338 1983 2403 signifi-

299 2425 453 2481 catur,
486 2420 611 2469 haec
643 2419 877 2469 fuerunt:

429 2498 651 2564 πέμψεις
685 2498 734 2551 δ’
771 2497 823 2559 ἐς
859 2492 997 2567 ᾅδου
1034 2498 1204 2561 ζῶντα
1235 2496 1339 2549 κού
1371 2495 1698 2563 τεθνηκότα·

429 2579 522 2632 καί
554 2597 648 2646 μοι
679 2578 752 2631 τὸ
773 2577 1009 2645 τέρθρον
1041 2578 1224 2647 δῆλον,
1258 2576 1304 2629 εἰ
1335 2576 1684 2644 πορεύσομαι,

298 2660 477 2724 quibus
511 2662 642 2712 adde
678 2661 853 2728 fragm.
886 2662 961 2712 X:
1010 2659 1040 2711 ὁ
1075 2658 1370 2725 οἰκήτωρ
1413 2657 1861 2725 Ταρτάρειος,
1893 2652 1983 2709 καὶ

299 2738 389 2792 διὰ
419 2743 515 2808 τῆς
547 2757 594 2793 ει
628 2741 939 2808 διφθόγγου
976 2739 1279 2806 Εὐριπίδης
1313 2738 1370 2791 ἐν
1397 2740 1682 2806 Εὐρυσθεῖ
1701 2741 1983 2804 σατυρικῷ.

428 2823 706 2888 Antequam
741 2824 1086 2889 proficiscatur
1120 2822 1393 2881 HerculeS,
1437 2823 1732 2871 confirmans
1766 2821 1983 2883 animum

298 2917 459 2964 suum,
493 2904 559 2952 de
591 2905 821 2953 universa
855 2905 982 2954 vitae
1013 2905 1254 2953 humanae
1288 2902 1569 2952 conditione
1604 2899 1844 2967 quaedam
1880 2899 1983 2949 dis-

298 2983 439 3046 serit,
473 2984 607 3032 velut
640 2984 863 3035 haecce:

428 3060 532 3114 οὐκ
567 3057 672 3114 οἷδ’
708 3062 813 3131 ὅτῳ
846 3060 946 3130 χρὴ
981 3062 1171 3115 κανόνι
1201 3060 1295 3123 τὰς
1327 3058 1537 3128 βροτῶν
1570 3058 1731 3127 τύχας

429 3141 613 3208 ὀρθῶς
645 3142 942 3212 οέθρήσανθ
977 3142 1174 3195 εἰδέναι
1204 3141 1266 3194 τὸ
1299 3138 1574 3207 δραστέον.

430 3223 490 3275 In
521 3223 746 3274 Taenaro
780 3227 1147 3291 promontorio,
1194 3225 1326 3289 quod
1372 3230 1479 3273 erat
1510 3221 1742 3286 Mycenis
1776 3218 1980 3287 propin-

299 3319 470 3370 quum,
501 3305 687 3354 aditum
721 3306 785 3355 ad
817 3306 1001 3357 inferos
1048 3306 1272 3373 patuisse
1318 3302 1515 3363 ferunt;
1559 3302 1746 3354 ibidem
1791 3299 1980 3353 Gerbe-

355 3462 410 3519 *)
435 3462 622 3520 Fragm.
650 3461 736 3507 inc.
767 3462 866 3507 17⁰.
