2144 3854
929 254 1048 315 159

150 405 328 459 Victus
360 406 435 455 avi
480 404 751 455 constantia
799 408 948 467 atque
996 403 1258 468 sapientia,
1311 404 1576 456 Diomedes
1620 405 1827 472 Agrium

150 487 476 537 arcessitums
508 486 623 534 abit.
702 485 1032 548 Interponitur
1074 485 1256 534 chorus
1291 491 1507 549 quartae.
1583 486 1635 536 ln
1670 487 1841 537 medio*

154 567 450 624 constitutus
495 566 676 629 Agrius
719 565 838 612 satis
882 564 1110 613 inanibus
1157 569 1453 630 argumentis
1488 583 1708 618 caussam
1743 569 1832 618 de-

151 646 329 697 fendit.
406 646 632 711 Regnum
677 659 918 708 usurpare
961 643 1084 692 dicit
1140 645 1508 710 quibuscunque
1562 647 1834 714 occupandi

150 728 492 789 retinendique
538 725 742 772 facultas
792 725 872 772 sit.
941 723 1116 788 Neque
1156 718 1284 773 enim
1319 727 1542 776 omnibus
1577 745 1684 778 eam
1721 745 1832 778 esse

151 807 507 866 abstinentiam,
543 809 598 852 ut
632 819 751 868 opes
786 804 1156 868 potentiamque
1191 804 1490 870 despiciant:

283 883 394 936 ἀλλ’
428 886 582 944 ἄλλος
613 885 792 944 ἄλλοις
825 885 1026 949 μᾶλλον
1058 881 1238 950 ἥδεται
1269 884 1502 949 τρόποις.

153 966 338 1016 Contra
370 966 568 1015 Oeneus
614 981 710 1014 non
744 966 919 1031 opibus
955 966 1179 1014 homines
1214 982 1374 1030 neque
1407 969 1603 1032 generis
1655 970 1831 1018 nobili-

150 1051 270 1107 tate,
306 1048 396 1096 sed
430 1047 533 1094 sola
566 1046 745 1094 virtute
778 1047 1022 1095 nobilitari
1054 1047 1298 1096 ostendit:

282 1125 319 1193 ή
351 1125 510 1191 φύσις
542 1120 741 1192 ἑκάστῳ
773 1128 873 1176 τοῦ
906 1123 1098 1190 γένους
1132 1122 1274 1176 ἐστὶν
1306 1125 1497 1192 πατρίς
1517 1125 1584 1195 *).

283 1206 469 1270 „Non
500 1204 693 1273 ἕρπει’
728 1207 934 1255 virum
971 1214 1205 1268 ornat;
1247 1210 1522 1274 generis
1569 1211 1832 1276 virfor-

983 1289 1075 1337 tis
1108 1289 1289 1338 loco²²
1325 1318 1384 1326 —

151 1384 311 1434 neque
344 1368 593 1430 violentia,
629 1368 716 1416 sed
750 1368 939 1417 iustitia
972 1384 1174 1432 regnum
1210 1369 1542 1434 quaerendum
1578 1385 1722 1420 esse:

282 1475 346 1486 —
481 1477 545 1486 —
677 1449 933 1513 ἄρχεσθαι
966 1444 1134 1514 χρεὼν

281 1520 484 1588 κακοὺς
514 1526 604 1578 ὑπ’
640 1526 849 1579 ἐσθλῶν
881 1526 970 1580 καὶ
1003 1528 1181 1580 κλύειν
1212 1529 1322 1579 τῶν
1353 1529 1678 1595 κρεισσόνων
1701 1530 1802 1597 **).

154 1609 263 1658 Nou
306 1610 622 1659 interfectum
671 1627 783 1658 esse
827 1611 1057 1675 Agrium,
1112 1613 1201 1660 sed
1248 1611 1298 1658 in
1349 1611 1570 1659 exsilium
1615 1613 1835 1674 missum,

152 1689 414 1754 ipsumque
447 1690 541 1739 sibi
575 1696 782 1739 mortem
820 1692 1102 1748 conscisse,
1149 1695 1288 1739 recte
1330 1691 1598 1740 tradidisse
1644 1692 1838 1744 videtur

154 1769 408 1834 Hyginus,
460 1786 607 1834 quum
644 1771 908 1820 scholiasta
952 1771 1296 1837 Aristophanis
1340 1771 1476 1819 illum
1521 1771 1837 1822 intersectum

159 1866 273 1899 esse
306 1851 521 1899 strictius
558 1867 699 1916 quam
733 1852 895 1901 verius
930 1852 1214 1916 scripserit:
1268 1843 1488 1915 ’Ἄγριον
1521 1848 1618 1914 μὲν
1650 1849 1838 1916 ἀνεῖλε,

153 1926 253 1996 τὴν
285 1928 556 1994 βασιλείαν
590 1926 647 1980 δὲ
684 1928 834 1981 Οἰνεῖ
861 1929 1146 1995 παρέδωκε.
1216 1932 1346 1980 lllius
1372 1931 1521 1979 verba
1547 1933 1672 1981 haec
1699 1939 1837 1983 sunt:

155 2011 451 2076 „Agrium
499 2017 794 2076 egentem
847 2029 877 2062 e
910 2028 1104 2078 regno
1156 2012 1407 2076 expulit
1462 2017 1613 2076 atque
1669 2012 1841 2062 Oeneo

153 2105 245 2140 avo
278 2106 368 2140 suo
401 2107 606 2158 regnum
642 2093 870 2145 restituit.
937 2093 1155 2157 Postque
1178 2093 1372 2157 Agrius,
1409 2108 1563 2157 regno
1588 2094 1838 2159 expulsum,

151 2174 262 2237 ipse
294 2188 352 2221 se
381 2171 683 2223 interfecit.''
753 2173 1159 2240 conspiciebatur
1189 2174 1336 2238 igitur
1361 2173 1538 2238 Agrius
1558 2173 1608 2223 in
1633 2174 1838 2223 eandem

155 2254 407 2303 miseriam
432 2254 680 2316 detrusuS‚
706 2255 754 2303 iu
780 2271 875 2320 qua
900 2261 1042 2304 antea
1063 2254 1232 2304 fuerat
1255 2255 1474 2312 Oeneus,
1499 2253 1657 2303 fracto
1681 2255 1840 2304 animo

153 2335 444 2398 abiectoque
478 2340 529 2383 et
564 2334 624 2382 ad
659 2339 870 2384 mortem
905 2336 998 2385 sibi
1031 2335 1343 2385 inferendum
1390 2339 1619 2399 paratus,
1669 2335 1848 2383 admo-

155 2421 304 2464 nente
338 2415 519 2477 choro,
567 2420 623 2462 ut
671 2416 919 2480 patienter
951 2417 1109 2466 ferret
1168 2431 1293 2479 quae
1335 2421 1589 2481 pateretur
1621 2415 1840 2465 meritis-

157 2495 310 2544 sima:

289 2573 483 2642 ἀνέχου
517 2573 761 2642 πάσχων·
796 2573 1075 2641 δρῶνγὰρ
1111 2574 1309 2641 ἔχαιρες
1336 2574 1466 2639 ***).

290 2658 419 2707 Ante
453 2658 741 2722 Euripidem
776 2657 980 2706 eandem
1013 2658 1271 2705 materiam
1307 2659 1625 2705 exornaverat
1654 2654 1841 2704 Phere-

157 2739 309 2804 cydes
343 2737 546 2797 Lerius,
590 2738 674 2802 qui
717 2739 980 2787 vocabatur
1021 2735 1360 2801 γενεαλόγος,
1407 2735 1460 2783 id
1507 2735 1640 2798 quod
1685 2733 1846 2786 refert

157 2818 324 2868 Schol.
358 2818 414 2867 Il.
437 2815 480 2879 ξ,
517 2815 788 2881 120****).
855 2816 1175 2882 Tragicorum
1210 2834 1323 2867 num
1359 2816 1613 2880 quisquam
1647 2820 1845 2880 praeter

157 2898 448 2964 Euripidem
480 2898 610 2948 idem
642 2903 983 2963 argumentum
1015 2898 1315 2958 tractaverit,
1346 2896 1614 2961 ignoratur.
1683 2894 1846 2944 Huius

158 2994 277 3028 vero
311 2995 435 3045 opus
471 2985 651 3044 quanta
684 2979 829 3028 laude
864 2979 1100 3040 floruerit,
1136 2995 1232 3028 non
1266 2977 1423 3027 solum
1458 2993 1521 3026 ex
1553 2975 1845 3040 Aristopha-

159 3058 236 3109 nis
272 3061 654 3118 obtrectatione,
678 3059 778 3109 vsed
815 3061 964 3109 etiam
991 3075 1054 3108 ex
1081 3074 1381 3109 nummorum
1404 3062 1676 3118 auctorum,
1709 3055 1846 3104 velut

230 3247 275 3303 *)
303 3248 490 3308 Fragm.
518 3247 605 3291 inc.
636 3261 678 3289 n.
707 3246 777 3289 13.
806 3262 850 3301 p.
882 3244 979 3287 435.
1009 3244 1171 3288 Matth.

205 3318 270 3372 **)
300 3318 486 3375 Fragm.
514 3317 599 3360 inc.
629 3317 700 3359 41.

178 3389 268 3443 **‘)
297 3389 482 3446 Fragm.
513 3387 596 3430 inc.
628 3387 726 3430 102.
755 3388 900 3444 Vulgo
932 3384 1150 3442 ἀνάσχου.

162 3459 274 3514 ***)
305 3459 375 3501 Cf.
404 3460 577 3502 Welck.
606 3474 651 3514 p.
681 3458 767 3502 583
795 3473 888 3514 seq.
943 3458 1106 3501 Matth.
1133 3472 1179 3512 p.
1214 3455 1312 3499 238·
