<?xml version="1.0" encoding="UTF-8"?>
<!DOCTYPE html PUBLIC "-//W3C//DTD XHTML 1.0 Transitional//EN"
    "http://www.w3.org/TR/xhtml1/DTD/xhtml1-transitional.dtd">
<html xmlns="http://www.w3.org/1999/xhtml" xml:lang="en" lang="en">
 <head>
  <title>
</title>
<meta http-equiv="Content-Type" content="text/html;charset=utf-8" />
  <meta name='ocr-system' content='tesseract 3.04.00' />
  <meta name='ocr-capabilities' content='ocr_page ocr_carea ocr_par ocr_line ocrx_word'/>
</head>
<body>
  <div class='ocr_page' id='page_1' title='image "./euripidesrestitu01hartuoft_0138.png"; bbox 0 0 2144 3854; ppageno 0'>
   <div class='ocr_carea' id='block_1_1' title="bbox 1091 237 1210 293">
    <p class='ocr_par' dir='ltr' id='par_1_1' title="bbox 1091 237 1210 293">
     <span class='ocr_line' id='line_1_1' title="bbox 1091 237 1210 293; baseline 0 0"><span class='ocrx_word' id='word_1_1' title='bbox 1091 237 1210 293; x_wconf 79' lang='lat'><strong>120</strong></span> 
     </span>
    </p>
   </div>
   <div class='ocr_carea' id='block_1_2' title="bbox 313 375 2003 2604">
    <p class='ocr_par' dir='ltr' id='par_1_2' title="bbox 313 375 1990 767">
     <span class='ocr_line' id='line_1_2' title="bbox 443 375 1722 448; baseline -0.002 -11"><span class='ocrx_word' id='word_1_2' title='bbox 443 385 538 437; x_wconf 90' lang='grc' dir='ltr'><strong>τὸν</strong></span> <span class='ocrx_word' id='word_1_3' title='bbox 569 380 732 434; x_wconf 75' lang='grc' dir='ltr'><strong><em>πάνθ’</em></strong></span> <span class='ocrx_word' id='word_1_4' title='bbox 767 379 976 445; x_wconf 82' lang='grc' dir='ltr'><strong><em>ὁρῶντα</em></strong></span> <span class='ocrx_word' id='word_1_5' title='bbox 1005 375 1204 433; x_wconf 74' lang='grc' dir='ltr'><strong><em>καύτὸν</em></strong></span> <span class='ocrx_word' id='word_1_6' title='bbox 1237 379 1336 447; x_wconf 83' lang='grc' dir='ltr'><strong>οὐχ</strong></span> <span class='ocrx_word' id='word_1_7' title='bbox 1367 379 1638 448; x_wconf 76' lang='grc' dir='ltr'><strong><em>ὁρώμενον</em></strong></span> <span class='ocrx_word' id='word_1_8' title='bbox 1653 382 1722 448; x_wconf 79' lang='grc'><strong>*).</strong></span> 
     </span>
     <span class='ocr_line' id='line_1_3' title="bbox 314 461 1989 530; baseline -0.001 -14"><span class='ocrx_word' id='word_1_9' title='bbox 314 466 487 530; x_wconf 82' lang='lat' dir='ltr'><strong>Neque</strong></span> <span class='ocrx_word' id='word_1_10' title='bbox 518 471 682 514; x_wconf 87' lang='lat' dir='ltr'><strong>tamen</strong></span> <span class='ocrx_word' id='word_1_11' title='bbox 715 462 785 510; x_wconf 92' lang='lat' dir='ltr'><strong>illi</strong></span> <span class='ocrx_word' id='word_1_12' title='bbox 818 461 1162 527; x_wconf 79' lang='lat' dir='ltr'><strong>persuadetur,</strong></span> <span class='ocrx_word' id='word_1_13' title='bbox 1196 462 1377 527; x_wconf 88' lang='lat' dir='ltr'><strong>quippe</strong></span> <span class='ocrx_word' id='word_1_14' title='bbox 1409 462 1683 527; x_wconf 77' lang='lat' dir='ltr'><strong>impatienti</strong></span> <span class='ocrx_word' id='word_1_15' title='bbox 1703 463 1989 530; x_wconf 72' lang='lat' dir='ltr'><strong>disciplinae</strong></span> 
     </span>
     <span class='ocr_line' id='line_1_4' title="bbox 314 541 1989 607; baseline -0.001 -12"><span class='ocrx_word' id='word_1_16' title='bbox 314 547 450 605; x_wconf 75' lang='lat' dir='ltr'><strong>eiua,</strong></span> <span class='ocrx_word' id='word_1_17' title='bbox 511 559 605 607; x_wconf 88' lang='lat' dir='ltr'><strong>qua</strong></span> <span class='ocrx_word' id='word_1_18' title='bbox 649 541 851 590; x_wconf 88' lang='lat' dir='ltr'><strong>deorum</strong></span> <span class='ocrx_word' id='word_1_19' title='bbox 895 542 1079 592; x_wconf 86' lang='lat' dir='ltr'><strong>cultum</strong></span> <span class='ocrx_word' id='word_1_20' title='bbox 1133 547 1185 591; x_wconf 88' lang='lat' dir='ltr'><strong>et</strong></span> <span class='ocrx_word' id='word_1_21' title='bbox 1238 541 1525 607; x_wconf 83' lang='lat' dir='ltr'><strong>religionem</strong></span> <span class='ocrx_word' id='word_1_22' title='bbox 1580 548 1634 591; x_wconf 89' lang='lat' dir='ltr'><strong>et</strong></span> <span class='ocrx_word' id='word_1_23' title='bbox 1679 543 1989 594; x_wconf 68' lang='lat' dir='ltr'><strong>sanctitatem</strong></span> 
     </span>
     <span class='ocr_line' id='line_1_5' title="bbox 314 620 1990 684; baseline 0.001 -12"><span class='ocrx_word' id='word_1_24' title='bbox 314 639 508 673; x_wconf 89' lang='lat' dir='ltr'><strong>omnem</strong></span> <span class='ocrx_word' id='word_1_25' title='bbox 543 638 572 670; x_wconf 93' lang='lat' dir='ltr'><strong>e</strong></span> <span class='ocrx_word' id='word_1_26' title='bbox 604 621 704 671; x_wconf 83' lang='lat' dir='ltr'><strong>vita</strong></span> <span class='ocrx_word' id='word_1_27' title='bbox 734 621 984 671; x_wconf 89' lang='lat' dir='ltr'><strong>hominum</strong></span> <span class='ocrx_word' id='word_1_28' title='bbox 1017 622 1123 672; x_wconf 88' lang='lat' dir='ltr'><strong>tolli</strong></span> <span class='ocrx_word' id='word_1_29' title='bbox 1157 638 1366 671; x_wconf 89' lang='lat' dir='ltr'><strong>necesse</strong></span> <span class='ocrx_word' id='word_1_30' title='bbox 1398 622 1483 670; x_wconf 87' lang='lat' dir='ltr'><strong>sit.</strong></span> <span class='ocrx_word' id='word_1_31' title='bbox 1550 620 1756 684; x_wconf 76' lang='lat' dir='ltr'><strong>Quaerit</strong></span> <span class='ocrx_word' id='word_1_32' title='bbox 1777 622 1909 672; x_wconf 82' lang='lat' dir='ltr'><strong>enim</strong></span> <span class='ocrx_word' id='word_1_33' title='bbox 1930 639 1990 673; x_wconf 88' lang='lat' dir='ltr'><strong>ex</strong></span> 
     </span>
     <span class='ocr_line' id='line_1_6' title="bbox 313 701 656 767; baseline -0.003 -17"><span class='ocrx_word' id='word_1_34' title='bbox 313 702 499 767; x_wconf 69' lang='lat' dir='ltr'><strong>virgine</strong></span> <span class='ocrx_word' id='word_1_35' title='bbox 531 701 656 750; x_wconf 84' lang='lat' dir='ltr'><strong>hoc:</strong></span> 
     </span>
    </p>

    <p class='ocr_par' dir='ltr' id='par_1_3' title="bbox 445 780 1868 847">
     <span class='ocr_line' id='line_1_7' title="bbox 445 780 1868 847; baseline 0.001 -17"><span class='ocrx_word' id='word_1_36' title='bbox 445 781 838 843; x_wconf 77' lang='lat' dir='ltr'><strong>„Incuriosa</strong></span> <span class='ocrx_word' id='word_1_37' title='bbox 870 781 974 830; x_wconf 78' lang='lat' dir='ltr'><strong>ita</strong></span> <span class='ocrx_word' id='word_1_38' title='bbox 1008 798 1095 843; x_wconf 69' lang='grc' dir='ltr'><strong>οε,</strong></span> <span class='ocrx_word' id='word_1_39' title='bbox 1135 780 1565 847; x_wconf 75' lang='lat' dir='ltr'><strong>Menalippa?</strong></span> <span class='ocrx_word' id='word_1_40' title='bbox 1607 781 1868 832; x_wconf 69' lang='lat' dir='ltr'><strong>reiiet‘a</strong></span> 
     </span>
    </p>

    <p class='ocr_par' dir='ltr' id='par_1_4' title="bbox 313 858 1996 1166">
     <span class='ocr_line' id='line_1_8' title="bbox 445 858 1941 927; baseline -0.001 -16"><span class='ocrx_word' id='word_1_41' title='bbox 445 860 577 911; x_wconf 81' lang='lat' dir='ltr'><strong>Abs</strong></span> <span class='ocrx_word' id='word_1_42' title='bbox 610 867 677 910; x_wconf 82' lang='lat' dir='ltr'><strong>te</strong></span> <span class='ocrx_word' id='word_1_43' title='bbox 709 862 1157 926; x_wconf 76' lang='lat' dir='ltr'><strong>religionem,</strong></span> <span class='ocrx_word' id='word_1_44' title='bbox 1191 877 1548 927; x_wconf 78' lang='lat' dir='ltr'><strong>scrupeum</strong></span> <span class='ocrx_word' id='word_1_45' title='bbox 1576 858 1941 927; x_wconf 71' lang='lat' dir='ltr'><strong>poni·8..⁹&#39;’**)</strong></span> 
     </span>
     <span class='ocr_line' id='line_1_9' title="bbox 313 940 1994 1007; baseline 0.001 -17"><span class='ocrx_word' id='word_1_46' title='bbox 313 940 443 990; x_wconf 90' lang='lat' dir='ltr'><strong>Tum</strong></span> <span class='ocrx_word' id='word_1_47' title='bbox 478 957 596 990; x_wconf 84' lang='lat' dir='ltr'><strong>vero</strong></span> <span class='ocrx_word' id='word_1_48' title='bbox 631 940 916 1006; x_wconf 79' lang='lat' dir='ltr'><strong>Menalippa</strong></span> <span class='ocrx_word' id='word_1_49' title='bbox 971 940 1186 990; x_wconf 79' lang='lat' dir='ltr'><strong>infantes</strong></span> <span class='ocrx_word' id='word_1_50' title='bbox 1233 957 1295 989; x_wconf 77' lang='lat' dir='ltr'><strong>ex</strong></span> <span class='ocrx_word' id='word_1_51' title='bbox 1344 941 1470 990; x_wconf 88' lang='lat' dir='ltr'><strong>bove</strong></span> <span class='ocrx_word' id='word_1_52' title='bbox 1502 946 1641 989; x_wconf 86' lang='lat' dir='ltr'><strong>natos</strong></span> <span class='ocrx_word' id='word_1_53' title='bbox 1676 956 1789 990; x_wconf 87' lang='lat' dir='ltr'><strong>esse</strong></span> <span class='ocrx_word' id='word_1_54' title='bbox 1821 944 1994 1007; x_wconf 74' lang='lat' dir='ltr'><strong>negat:</strong></span> 
     </span>
     <span class='ocr_line' id='line_1_10' title="bbox 313 1019 1996 1086; baseline 0.001 -16"><span class='ocrx_word' id='word_1_55' title='bbox 313 1022 506 1070; x_wconf 86' lang='lat' dir='ltr'><strong>facilius</strong></span> <span class='ocrx_word' id='word_1_56' title='bbox 540 1021 671 1069; x_wconf 86' lang='lat' dir='ltr'><strong>enim</strong></span> <span class='ocrx_word' id='word_1_57' title='bbox 704 1021 815 1069; x_wconf 87' lang='lat' dir='ltr'><strong>fieri</strong></span> <span class='ocrx_word' id='word_1_58' title='bbox 846 1037 1026 1085; x_wconf 85' lang='lat' dir='ltr'><strong>posse,</strong></span> <span class='ocrx_word' id='word_1_59' title='bbox 1072 1026 1129 1070; x_wconf 86' lang='lat' dir='ltr'><strong>ut</strong></span> <span class='ocrx_word' id='word_1_60' title='bbox 1159 1019 1351 1070; x_wconf 87' lang='lat' dir='ltr'><strong>locusta</strong></span> <span class='ocrx_word' id='word_1_61' title='bbox 1383 1020 1722 1085; x_wconf 88' lang='lat' dir='ltr'><strong>elephantem,</strong></span> <span class='ocrx_word' id='word_1_62' title='bbox 1763 1036 1910 1086; x_wconf 79' lang='lat' dir='ltr'><strong>quam</strong></span> <span class='ocrx_word' id='word_1_63' title='bbox 1942 1027 1996 1072; x_wconf 85' lang='lat' dir='ltr'><strong>ut</strong></span> 
     </span>
     <span class='ocr_line' id='line_1_11' title="bbox 314 1101 940 1166; baseline -0.005 -15"><span class='ocrx_word' id='word_1_64' title='bbox 314 1117 460 1151; x_wconf 82' lang='lat' dir='ltr'><strong>vacca</strong></span> <span class='ocrx_word' id='word_1_65' title='bbox 493 1101 720 1150; x_wconf 84' lang='lat' dir='ltr'><strong>homines</strong></span> <span class='ocrx_word' id='word_1_66' title='bbox 754 1101 940 1166; x_wconf 89' lang='lat' dir='ltr'><strong>pariat:</strong></span> 
     </span>
    </p>

    <p class='ocr_par' dir='ltr' id='par_1_5' title="bbox 445 1178 1353 1240">
     <span class='ocr_line' id='line_1_12' title="bbox 445 1178 1353 1240; baseline 0 -1"><span class='ocrx_word' id='word_1_67' title='bbox 445 1209 510 1219; x_wconf 80' lang='lat'><strong>¹-·</strong></span> <span class='ocrx_word' id='word_1_68' title='bbox 643 1208 707 1216; x_wconf 79' lang='grc'><strong>“·</strong></span> <span class='ocrx_word' id='word_1_69' title='bbox 841 1207 903 1216; x_wconf 84' lang='grc'><strong>““·</strong></span> <span class='ocrx_word' id='word_1_70' title='bbox 1034 1205 1102 1216; x_wconf 65' lang='lat'>&#39;’⁸&#39;&#39;-</span> <span class='ocrx_word' id='word_1_71' title='bbox 1230 1178 1353 1240; x_wconf 69' lang='lat' dir='ltr'><strong>”At</strong></span> 
     </span>
    </p>

    <p class='ocr_par' dir='ltr' id='par_1_6' title="bbox 313 1256 1896 1405">
     <span class='ocr_line' id='line_1_13' title="bbox 441 1256 1896 1328; baseline 0.003 -18"><span class='ocrx_word' id='word_1_72' title='bbox 441 1256 636 1328; x_wconf 69' lang='lat' dir='ltr'><strong>prins</strong></span> <span class='ocrx_word' id='word_1_73' title='bbox 660 1260 898 1326; x_wconf 71' lang='lat' dir='ltr'><strong>pariet</strong></span> <span class='ocrx_word' id='word_1_74' title='bbox 934 1259 1197 1308; x_wconf 78' lang='lat' dir='ltr'><strong>locusta</strong></span> <span class='ocrx_word' id='word_1_75' title='bbox 1229 1257 1471 1308; x_wconf 83' lang='lat' dir='ltr'><strong><em>Lucam</em></strong></span> <span class='ocrx_word' id='word_1_76' title='bbox 1507 1257 1896 1327; x_wconf 84' lang='lat' dir='ltr'><strong>bovem”***).</strong></span> 
     </span>
     <span class='ocr_line' id='line_1_14' title="bbox 313 1340 818 1405; baseline -0.006 -14"><span class='ocrx_word' id='word_1_77' title='bbox 313 1340 539 1405; x_wconf 90' lang='lat' dir='ltr'><strong>Denique</strong></span> <span class='ocrx_word' id='word_1_78' title='bbox 572 1340 818 1405; x_wconf 80' lang='lat' dir='ltr'><strong>apertius:</strong></span> 
     </span>
    </p>

    <p class='ocr_par' dir='ltr' id='par_1_7' title="bbox 447 1416 1693 1486">
     <span class='ocr_line' id='line_1_15' title="bbox 447 1416 1693 1486; baseline 0.002 -18"><span class='ocrx_word' id='word_1_79' title='bbox 447 1448 512 1457; x_wconf 92' lang='lat'><strong>—</strong></span> <span class='ocrx_word' id='word_1_80' title='bbox 645 1445 710 1457; x_wconf 93' lang='lat'><strong>—-</strong></span> <span class='ocrx_word' id='word_1_81' title='bbox 843 1417 887 1469; x_wconf 85' lang='grc' dir='ltr'><strong>εἰ</strong></span> <span class='ocrx_word' id='word_1_82' title='bbox 921 1416 977 1470; x_wconf 81' lang='grc' dir='ltr'><strong>δὲ</strong></span> <span class='ocrx_word' id='word_1_83' title='bbox 1009 1417 1281 1483; x_wconf 77' lang='grc' dir='ltr'><strong><em>παρθένος</em></strong></span> <span class='ocrx_word' id='word_1_84' title='bbox 1315 1419 1584 1486; x_wconf 73' lang='grc' dir='ltr'><strong><em>φθαρεῖσα</em></strong></span> <span class='ocrx_word' id='word_1_85' title='bbox 1614 1436 1693 1482; x_wconf 87' lang='grc' dir='ltr'><strong>τις</strong></span> 
     </span>
    </p>

    <p class='ocr_par' dir='ltr' id='par_1_8' title="bbox 445 1495 1450 1566">
     <span class='ocr_line' id='line_1_16' title="bbox 445 1495 1450 1566; baseline -0.001 -16"><span class='ocrx_word' id='word_1_86' title='bbox 445 1497 511 1550; x_wconf 83' lang='grc' dir='ltr'><strong>τὰ</strong></span> <span class='ocrx_word' id='word_1_87' title='bbox 543 1498 706 1550; x_wconf 83' lang='grc' dir='ltr'><strong><em>παιδί’</em></strong></span> <span class='ocrx_word' id='word_1_88' title='bbox 743 1495 988 1566; x_wconf 78' lang='grc' dir='ltr'><strong><em>ἐξέθηκεν</em></strong></span> <span class='ocrx_word' id='word_1_89' title='bbox 1020 1499 1093 1559; x_wconf 81' lang='grc' dir='ltr'><strong>εἰς</strong></span> <span class='ocrx_word' id='word_1_90' title='bbox 1126 1498 1450 1564; x_wconf 80' lang='grc' dir='ltr'><em>βουφόρβια,</em></span> 
     </span>
    </p>

    <p class='ocr_par' dir='ltr' id='par_1_9' title="bbox 313 1577 2003 2281">
     <span class='ocr_line' id='line_1_17' title="bbox 446 1577 1997 1650; baseline 0 -19"><span class='ocrx_word' id='word_1_91' title='bbox 446 1577 758 1645; x_wconf 79' lang='grc' dir='ltr'><strong><em>φοβουμένη</em></strong></span> <span class='ocrx_word' id='word_1_92' title='bbox 792 1577 886 1630; x_wconf 87' lang='grc' dir='ltr'><strong>τὸν</strong></span> <span class='ocrx_word' id='word_1_93' title='bbox 919 1577 1147 1642; x_wconf 81' lang='grc' dir='ltr'><strong><em>πατέρα,</em></strong></span> <span class='ocrx_word' id='word_1_94' title='bbox 1183 1579 1249 1629; x_wconf 84' lang='grc' dir='ltr'><strong>σύ</strong></span> <span class='ocrx_word' id='word_1_95' title='bbox 1282 1595 1342 1644; x_wconf 73' lang='grc' dir='ltr'><strong>γε</strong></span> <span class='ocrx_word' id='word_1_96' title='bbox 1376 1578 1586 1642; x_wconf 78' lang='grc' dir='ltr'><em>δράσεις</em></span> <span class='ocrx_word' id='word_1_97' title='bbox 1634 1577 1997 1650; x_wconf 80' lang='grc' dir='ltr'><strong><em>φόνον;****)</em></strong></span> 
     </span>
     <span class='ocr_line' id='line_1_18' title="bbox 315 1659 2000 1726; baseline 0.001 -18"><span class='ocrx_word' id='word_1_98' title='bbox 315 1659 536 1710; x_wconf 84' lang='lat' dir='ltr'><strong>Eventus</strong></span> <span class='ocrx_word' id='word_1_99' title='bbox 570 1661 715 1709; x_wconf 87' lang='lat' dir='ltr'><strong>huius</strong></span> <span class='ocrx_word' id='word_1_100' title='bbox 751 1660 1094 1726; x_wconf 77' lang='lat' dir='ltr'><strong>disputationis</strong></span> <span class='ocrx_word' id='word_1_101' title='bbox 1130 1660 1286 1724; x_wconf 88' lang='lat' dir='ltr'><strong>qualis</strong></span> <span class='ocrx_word' id='word_1_102' title='bbox 1319 1660 1489 1718; x_wconf 78' lang='lat' dir='ltr'><strong>fuerit,</strong></span> <span class='ocrx_word' id='word_1_103' title='bbox 1523 1676 1618 1709; x_wconf 92' lang='lat' dir='ltr'><strong>non</strong></span> <span class='ocrx_word' id='word_1_104' title='bbox 1653 1662 1798 1726; x_wconf 88' lang='lat' dir='ltr'><strong>plane</strong></span> <span class='ocrx_word' id='word_1_105' title='bbox 1829 1661 2000 1726; x_wconf 81' lang='lat' dir='ltr'><strong>liquet.</strong></span> 
     </span>
     <span class='ocr_line' id='line_1_19' title="bbox 313 1739 2001 1807; baseline 0 -17"><span class='ocrx_word' id='word_1_106' title='bbox 313 1740 671 1790; x_wconf 81' lang='lat' dir='ltr'><strong>Perseverasse</strong></span> <span class='ocrx_word' id='word_1_107' title='bbox 703 1740 911 1789; x_wconf 88' lang='lat' dir='ltr'><strong>Aeolum</strong></span> <span class='ocrx_word' id='word_1_108' title='bbox 944 1741 993 1790; x_wconf 92' lang='lat' dir='ltr'><strong>in</strong></span> <span class='ocrx_word' id='word_1_109' title='bbox 1029 1740 1274 1788; x_wconf 81' lang='lat' dir='ltr'><strong>sententia</strong></span> <span class='ocrx_word' id='word_1_110' title='bbox 1308 1755 1395 1788; x_wconf 82' lang='lat' dir='ltr'><strong>sua</strong></span> <span class='ocrx_word' id='word_1_111' title='bbox 1439 1739 1556 1789; x_wconf 89' lang='lat' dir='ltr'><strong>inde</strong></span> <span class='ocrx_word' id='word_1_112' title='bbox 1605 1740 1812 1807; x_wconf 73' lang='lat' dir='ltr'><strong>colligo,</strong></span> <span class='ocrx_word' id='word_1_113' title='bbox 1868 1741 2001 1804; x_wconf 85' lang='lat' dir='ltr'><strong>quod</strong></span> 
     </span>
     <span class='ocr_line' id='line_1_20' title="bbox 314 1819 2001 1885; baseline 0.001 -15"><span class='ocrx_word' id='word_1_114' title='bbox 314 1820 631 1870; x_wconf 88' lang='lat' dir='ltr'><strong>nihilominus</strong></span> <span class='ocrx_word' id='word_1_115' title='bbox 679 1819 889 1869; x_wconf 85' lang='lat' dir='ltr'><strong>infantes</strong></span> <span class='ocrx_word' id='word_1_116' title='bbox 937 1819 1175 1869; x_wconf 84' lang='lat' dir='ltr'><strong>feralibus</strong></span> <span class='ocrx_word' id='word_1_117' title='bbox 1222 1819 1443 1868; x_wconf 86' lang='lat' dir='ltr'><strong>vestibus</strong></span> <span class='ocrx_word' id='word_1_118' title='bbox 1479 1837 1507 1868; x_wconf 89' lang='lat' dir='ltr'><strong>a</strong></span> <span class='ocrx_word' id='word_1_119' title='bbox 1541 1819 1824 1885; x_wconf 89' lang='lat' dir='ltr'><strong>Menalippa</strong></span> <span class='ocrx_word' id='word_1_120' title='bbox 1856 1837 2001 1871; x_wconf 81' lang='lat' dir='ltr'><strong>orna-</strong></span> 
     </span>
     <span class='ocr_line' id='line_1_21' title="bbox 316 1898 1998 1964; baseline 0.001 -16"><span class='ocrx_word' id='word_1_121' title='bbox 316 1904 395 1948; x_wconf 81' lang='lat' dir='ltr'><strong>tos</strong></span> <span class='ocrx_word' id='word_1_122' title='bbox 431 1916 542 1948; x_wconf 89' lang='lat' dir='ltr'><strong>esse</strong></span> <span class='ocrx_word' id='word_1_123' title='bbox 576 1899 735 1948; x_wconf 76' lang='lat' dir='ltr'><strong>refert</strong></span> <span class='ocrx_word' id='word_1_124' title='bbox 769 1899 1056 1962; x_wconf 80' lang='lat' dir='ltr'><strong>Gregorius.</strong></span> <span class='ocrx_word' id='word_1_125' title='bbox 1122 1898 1200 1947; x_wconf 88' lang='lat' dir='ltr'><strong>Ad</strong></span> <span class='ocrx_word' id='word_1_126' title='bbox 1237 1914 1357 1962; x_wconf 85' lang='lat' dir='ltr'><strong>quas</strong></span> <span class='ocrx_word' id='word_1_127' title='bbox 1391 1905 1557 1948; x_wconf 87' lang='lat' dir='ltr'><strong>vestes</strong></span> <span class='ocrx_word' id='word_1_128' title='bbox 1593 1900 1830 1964; x_wconf 75' lang='lat' dir='ltr'><strong>parandas</strong></span> <span class='ocrx_word' id='word_1_129' title='bbox 1865 1900 1998 1950; x_wconf 90' lang='lat' dir='ltr'><strong>illam</strong></span> 
     </span>
     <span class='ocr_line' id='line_1_22' title="bbox 318 1977 2003 2044; baseline 0.001 -16"><span class='ocrx_word' id='word_1_130' title='bbox 318 1995 427 2028; x_wconf 89' lang='lat' dir='ltr'><strong>cum</strong></span> <span class='ocrx_word' id='word_1_131' title='bbox 464 1985 605 2043; x_wconf 79' lang='lat' dir='ltr'><strong>patre</strong></span> <span class='ocrx_word' id='word_1_132' title='bbox 640 1979 737 2027; x_wconf 89' lang='lat' dir='ltr'><strong>iam</strong></span> <span class='ocrx_word' id='word_1_133' title='bbox 766 1979 815 2027; x_wconf 92' lang='lat' dir='ltr'><strong>in</strong></span> <span class='ocrx_word' id='word_1_134' title='bbox 836 1979 1033 2026; x_wconf 88' lang='lat' dir='ltr'><strong>domum</strong></span> <span class='ocrx_word' id='word_1_135' title='bbox 1051 1977 1245 2026; x_wconf 87' lang='lat' dir='ltr'><strong>redisse</strong></span> <span class='ocrx_word' id='word_1_136' title='bbox 1269 1978 1497 2039; x_wconf 78' lang='lat' dir='ltr'><strong>coniiciu,</strong></span> <span class='ocrx_word' id='word_1_137' title='bbox 1531 1978 1792 2044; x_wconf 85' lang='lat' dir='ltr'><strong>locumque</strong></span> <span class='ocrx_word' id='word_1_138' title='bbox 1814 1979 2003 2030; x_wconf 81' lang='lat' dir='ltr'><strong>sactum</strong></span> 
     </span>
     <span class='ocr_line' id='line_1_23' title="bbox 319 2057 2003 2124; baseline 0.001 -16"><span class='ocrx_word' id='word_1_139' title='bbox 319 2075 433 2108; x_wconf 87' lang='lat' dir='ltr'><strong>esse</strong></span> <span class='ocrx_word' id='word_1_140' title='bbox 467 2058 699 2118; x_wconf 86' lang='lat' dir='ltr'><strong>carmini,</strong></span> <span class='ocrx_word' id='word_1_141' title='bbox 745 2058 796 2107; x_wconf 89' lang='lat' dir='ltr'><strong>in</strong></span> <span class='ocrx_word' id='word_1_142' title='bbox 843 2074 939 2122; x_wconf 87' lang='lat' dir='ltr'><strong>quo</strong></span> <span class='ocrx_word' id='word_1_143' title='bbox 987 2057 1206 2106; x_wconf 86' lang='lat' dir='ltr'><strong>canendo</strong></span> <span class='ocrx_word' id='word_1_144' title='bbox 1241 2057 1422 2106; x_wconf 86' lang='lat' dir='ltr'><strong>chorus</strong></span> <span class='ocrx_word' id='word_1_145' title='bbox 1456 2058 1705 2108; x_wconf 87' lang='lat' dir='ltr'><strong>immorari</strong></span> <span class='ocrx_word' id='word_1_146' title='bbox 1736 2060 1898 2124; x_wconf 86' lang='lat' dir='ltr'><strong>potuit</strong></span> <span class='ocrx_word' id='word_1_147' title='bbox 1926 2060 2003 2110; x_wconf 86' lang='lat' dir='ltr'><strong>in-</strong></span> 
     </span>
     <span class='ocr_line' id='line_1_24' title="bbox 316 2135 2002 2204; baseline 0.002 -17"><span class='ocrx_word' id='word_1_148' title='bbox 316 2139 480 2188; x_wconf 82' lang='lat' dir='ltr'><strong>ventis</strong></span> <span class='ocrx_word' id='word_1_149' title='bbox 524 2138 957 2204; x_wconf 86' lang='lat' dir='ltr'><strong>philosophorum,</strong></span> <span class='ocrx_word' id='word_1_150' title='bbox 1007 2153 1134 2201; x_wconf 88' lang='lat' dir='ltr'><strong>quae</strong></span> <span class='ocrx_word' id='word_1_151' title='bbox 1179 2135 1465 2202; x_wconf 87' lang='lat' dir='ltr'><strong>Menalippa</strong></span> <span class='ocrx_word' id='word_1_152' title='bbox 1509 2139 1751 2204; x_wconf 84' lang='lat' dir='ltr'><strong>exposuit.</strong></span> <span class='ocrx_word' id='word_1_153' title='bbox 1819 2139 2002 2203; x_wconf 74' lang='lat' dir='ltr'><strong>Quam·</strong></span> 
     </span>
     <span class='ocr_line' id='line_1_25' title="bbox 318 2215 1544 2281; baseline -0.001 -14"><span class='ocrx_word' id='word_1_154' title='bbox 318 2219 488 2269; x_wconf 89' lang='lat' dir='ltr'><strong>obrem</strong></span> <span class='ocrx_word' id='word_1_155' title='bbox 525 2219 625 2267; x_wconf 88' lang='lat' dir='ltr'><strong>huc</strong></span> <span class='ocrx_word' id='word_1_156' title='bbox 656 2217 849 2266; x_wconf 82' lang='lat' dir='ltr'><strong>referre</strong></span> <span class='ocrx_word' id='word_1_157' title='bbox 882 2217 1022 2266; x_wconf 86' lang='lat' dir='ltr'><strong>lubet</strong></span> <span class='ocrx_word' id='word_1_158' title='bbox 1065 2215 1244 2281; x_wconf 78' lang='lat' dir='ltr'><strong>fragm.</strong></span> <span class='ocrx_word' id='word_1_159' title='bbox 1277 2215 1375 2268; x_wconf 87' lang='lat' dir='ltr'><strong>inc.</strong></span> <span class='ocrx_word' id='word_1_160' title='bbox 1411 2218 1544 2267; x_wconf 81' lang='lat'>153:</span> 
     </span>
    </p>

    <p class='ocr_par' dir='ltr' id='par_1_10' title="bbox 450 2289 1622 2363">
     <span class='ocr_line' id='line_1_26' title="bbox 450 2289 1622 2363; baseline -0.005 -14"><span class='ocrx_word' id='word_1_161' title='bbox 450 2291 685 2363; x_wconf 80' lang='grc' dir='ltr'><strong><em>”Ολβιος,</em></strong></span> <span class='ocrx_word' id='word_1_162' title='bbox 721 2294 859 2356; x_wconf 84' lang='grc' dir='ltr'><strong><em>ὄςτις</em></strong></span> <span class='ocrx_word' id='word_1_163' title='bbox 888 2298 982 2363; x_wconf 79' lang='grc' dir='ltr'><strong>τῆς</strong></span> <span class='ocrx_word' id='word_1_164' title='bbox 1015 2293 1248 2359; x_wconf 79' lang='grc' dir='ltr'><strong><em>ἱστορίας</em></strong></span> <span class='ocrx_word' id='word_1_165' title='bbox 1619 2289 1622 2291; x_wconf 69' lang='grc'><strong><em>’</em></strong></span> 
     </span>
    </p>

    <p class='ocr_par' dir='ltr' id='par_1_11' title="bbox 453 2375 1272 2444">
     <span class='ocr_line' id='line_1_27' title="bbox 453 2375 1272 2444; baseline -0.006 -15"><span class='ocrx_word' id='word_1_166' title='bbox 453 2376 566 2444; x_wconf 76' lang='grc' dir='ltr'><strong><em>ἔσχε</em></strong></span> <span class='ocrx_word' id='word_1_167' title='bbox 596 2375 857 2443; x_wconf 68' lang='grc' dir='ltr'><strong><em>μάθησιν,</em></strong></span> <span class='ocrx_word' id='word_1_168' title='bbox 881 2376 1010 2442; x_wconf 83' lang='grc' dir='ltr'><strong><em>μήτε</em></strong></span> <span class='ocrx_word' id='word_1_169' title='bbox 1041 2375 1272 2426; x_wconf 79' lang='grc' dir='ltr'><strong><em>πολιτῶν</em></strong></span> 
     </span>
    </p>

    <p class='ocr_par' dir='ltr' id='par_1_12' title="bbox 449 2453 1363 2524">
     <span class='ocr_line' id='line_1_28' title="bbox 449 2453 1363 2524; baseline -0.004 -16"><span class='ocrx_word' id='word_1_170' title='bbox 449 2453 536 2508; x_wconf 79' lang='grc' dir='ltr'><strong>ἐπὶ</strong></span> <span class='ocrx_word' id='word_1_171' title='bbox 567 2454 852 2524; x_wconf 83' lang='grc' dir='ltr'><strong><em>πημοσύνῃ</em></strong></span> <span class='ocrx_word' id='word_1_172' title='bbox 884 2454 1004 2522; x_wconf 86' lang='grc' dir='ltr'><strong><em>μήτ’</em></strong></span> <span class='ocrx_word' id='word_1_173' title='bbox 1038 2454 1111 2514; x_wconf 86' lang='grc' dir='ltr'><strong>εἰς</strong></span> <span class='ocrx_word' id='word_1_174' title='bbox 1142 2453 1363 2513; x_wconf 77' lang='grc' dir='ltr'><strong><em>ἀδίκους</em></strong></span> 
     </span>
    </p>

    <p class='ocr_par' dir='ltr' id='par_1_13' title="bbox 452 2535 896 2604">
     <span class='ocr_line' id='line_1_29' title="bbox 452 2535 896 2604; baseline -0.005 -16"><span class='ocrx_word' id='word_1_175' title='bbox 452 2537 663 2604; x_wconf 81' lang='grc' dir='ltr'><strong><em>πράξεις</em></strong></span> <span class='ocrx_word' id='word_1_176' title='bbox 697 2535 896 2602; x_wconf 81' lang='grc' dir='ltr'><strong><em>ὁρμῶν,</em></strong></span> 
     </span>
    </p>
   </div>
   <div class='ocr_carea' id='block_1_3' title="bbox 334 2696 2013 3466">
    <p class='ocr_par' dir='ltr' id='par_1_14' title="bbox 352 2696 2010 3115">
     <span class='ocr_line' id='line_1_30' title="bbox 391 2696 1749 2765; baseline -0.007 -15"><span class='ocrx_word' id='word_1_177' title='bbox 391 2706 432 2761; x_wconf 80' lang='lat'><strong>⁸)</strong></span> <span class='ocrx_word' id='word_1_178' title='bbox 461 2708 644 2765; x_wconf 78' lang='lat' dir='ltr'><strong>Fragm.</strong></span> <span class='ocrx_word' id='word_1_179' title='bbox 680 2708 816 2751; x_wconf 81' lang='lat' dir='ltr'><strong>dubia</strong></span> <span class='ocrx_word' id='word_1_180' title='bbox 844 2722 888 2763; x_wconf 91' lang='lat' dir='ltr'><strong>p.</strong></span> <span class='ocrx_word' id='word_1_181' title='bbox 917 2705 1018 2749; x_wconf 78' lang='lat'><strong>450.</strong></span> <span class='ocrx_word' id='word_1_182' title='bbox 1049 2706 1214 2749; x_wconf 82' lang='lat' dir='ltr'><strong>Matth.</strong></span> <span class='ocrx_word' id='word_1_183' title='bbox 1271 2702 1340 2747; x_wconf 86' lang='lat' dir='ltr'><strong>Cf.</strong></span> <span class='ocrx_word' id='word_1_184' title='bbox 1371 2703 1545 2746; x_wconf 86' lang='lat' dir='ltr'><strong>Welek.</strong></span> <span class='ocrx_word' id='word_1_185' title='bbox 1576 2715 1620 2756; x_wconf 85' lang='lat' dir='ltr'><strong>p.</strong></span> <span class='ocrx_word' id='word_1_186' title='bbox 1650 2696 1749 2741; x_wconf 78' lang='lat'><strong>847.</strong></span> 
     </span>
     <span class='ocr_line' id='line_1_31' title="bbox 363 2767 2005 2832; baseline -0.008 -11"><span class='ocrx_word' id='word_1_187' title='bbox 363 2777 423 2832; x_wconf 75' lang='lat' dir='ltr'><strong>”J</strong></span> <span class='ocrx_word' id='word_1_188' title='bbox 454 2778 544 2820; x_wconf 87' lang='lat' dir='ltr'><strong>Pro</strong></span> <span class='ocrx_word' id='word_1_189' title='bbox 572 2779 682 2821; x_wconf 87' lang='lat' dir='ltr'><strong>Acci</strong></span> <span class='ocrx_word' id='word_1_190' title='bbox 710 2777 859 2821; x_wconf 84' lang='lat' dir='ltr'><strong>verbis</strong></span> <span class='ocrx_word' id='word_1_191' title='bbox 887 2778 987 2832; x_wconf 88' lang='lat' dir='ltr'><strong>(qui</strong></span> <span class='ocrx_word' id='word_1_192' title='bbox 1013 2775 1217 2818; x_wconf 85' lang='lat' dir='ltr'><strong>Vinctam</strong></span> <span class='ocrx_word' id='word_1_193' title='bbox 1239 2775 1432 2829; x_wconf 83' lang='lat' dir='ltr'><strong>quidem,</strong></span> <span class='ocrx_word' id='word_1_194' title='bbox 1460 2773 1540 2813; x_wconf 83' lang='lat' dir='ltr'><strong>sed</strong></span> <span class='ocrx_word' id='word_1_195' title='bbox 1561 2784 1645 2812; x_wconf 87' lang='lat' dir='ltr'><strong>non</strong></span> <span class='ocrx_word' id='word_1_196' title='bbox 1666 2767 2005 2824; x_wconf 73' lang='lat' dir='ltr'><strong>Philosophum,</strong></span> 
     </span>
     <span class='ocr_line' id='line_1_32' title="bbox 459 2837 2009 2904; baseline -0.006 -13"><span class='ocrx_word' id='word_1_197' title='bbox 459 2848 768 2904; x_wconf 73' lang='lat' dir='ltr'><strong>Menalippum</strong></span> <span class='ocrx_word' id='word_1_198' title='bbox 795 2848 993 2891; x_wconf 80' lang='lat' dir='ltr'><strong>imitatus</strong></span> <span class='ocrx_word' id='word_1_199' title='bbox 1024 2846 1111 2900; x_wconf 80' lang='lat' dir='ltr'><strong>est)</strong></span> <span class='ocrx_word' id='word_1_200' title='bbox 1139 2847 1256 2887; x_wconf 86' lang='lat' dir='ltr'><strong>haec</strong></span> <span class='ocrx_word' id='word_1_201' title='bbox 1285 2858 1313 2886; x_wconf 87' lang='lat' dir='ltr'><strong>a</strong></span> <span class='ocrx_word' id='word_1_202' title='bbox 1340 2844 1537 2885; x_wconf 87' lang='lat' dir='ltr'><strong>Varrone</strong></span> <span class='ocrx_word' id='word_1_203' title='bbox 1564 2840 1616 2881; x_wconf 84' lang='lat' dir='ltr'><strong>L.</strong></span> <span class='ocrx_word' id='word_1_204' title='bbox 1646 2839 1698 2880; x_wconf 82' lang='grc' dir='ltr'><strong>Ιι.</strong></span> <span class='ocrx_word' id='word_1_205' title='bbox 1729 2838 1832 2890; x_wconf 86' lang='lat' dir='ltr'>vll,</span> <span class='ocrx_word' id='word_1_206' title='bbox 1861 2837 1931 2880; x_wconf 90' lang='lat'><strong>66.</strong></span> <span class='ocrx_word' id='word_1_207' title='bbox 1963 2853 2009 2893; x_wconf 85' lang='lat' dir='ltr'><strong>p.</strong></span> 
     </span>
     <span class='ocr_line' id='line_1_33' title="bbox 462 2910 2010 2974; baseline -0.006 -15"><span class='ocrx_word' id='word_1_208' title='bbox 462 2917 533 2960; x_wconf 79' lang='lat'><strong>76.</strong></span> <span class='ocrx_word' id='word_1_209' title='bbox 565 2924 800 2974; x_wconf 82' lang='lat' dir='ltr'><strong>ponuntur.</strong></span> <span class='ocrx_word' id='word_1_210' title='bbox 860 2916 1042 2961; x_wconf 81' lang='lat' dir='ltr'><strong>Erravit</strong></span> <span class='ocrx_word' id='word_1_211' title='bbox 1070 2919 1147 2958; x_wconf 86' lang='lat' dir='ltr'><strong>aut</strong></span> <span class='ocrx_word' id='word_1_212' title='bbox 1174 2914 1270 2970; x_wconf 87' lang='lat' dir='ltr'><strong>ipse</strong></span> <span class='ocrx_word' id='word_1_213' title='bbox 1299 2917 1377 2955; x_wconf 85' lang='lat' dir='ltr'><strong>aut</strong></span> <span class='ocrx_word' id='word_1_214' title='bbox 1404 2911 1566 2953; x_wconf 83' lang='lat' dir='ltr'><strong>scriba.</strong></span> <span class='ocrx_word' id='word_1_215' title='bbox 1626 2910 1834 2950; x_wconf 87' lang='lat' dir='ltr'><strong>Ceterum</strong></span> <span class='ocrx_word' id='word_1_216' title='bbox 1869 2910 2010 2966; x_wconf 79' lang='lat' dir='ltr'><strong>vulgo</strong></span> 
     </span>
     <span class='ocr_line' id='line_1_34' title="bbox 464 2979 1847 3043; baseline -0.009 -12"><span class='ocrx_word' id='word_1_217' title='bbox 464 2988 663 3043; x_wconf 83' lang='lat' dir='ltr'><strong>itaque</strong></span> <span class='ocrx_word' id='word_1_218' title='bbox 692 3002 773 3043; x_wconf 87' lang='lat' dir='ltr'><strong>pro</strong></span> <span class='ocrx_word' id='word_1_219' title='bbox 805 2989 886 3031; x_wconf 82' lang='lat' dir='ltr'><strong>ita</strong></span> <span class='ocrx_word' id='word_1_220' title='bbox 916 2994 961 3029; x_wconf 83' lang='lat' dir='ltr'><strong>et</strong></span> <span class='ocrx_word' id='word_1_221' title='bbox 988 2988 1251 3040; x_wconf 85' lang='lat' dir='ltr'><strong>imponas</strong></span> <span class='ocrx_word' id='word_1_222' title='bbox 1279 2998 1359 3039; x_wconf 87' lang='lat' dir='ltr'><strong>pro</strong></span> <span class='ocrx_word' id='word_1_223' title='bbox 1388 2981 1556 3038; x_wconf 82' lang='lat' dir='ltr'><strong>ponis</strong></span> <span class='ocrx_word' id='word_1_224' title='bbox 1585 2979 1847 3021; x_wconf 81' lang='lat' dir='ltr'><strong>scribuntur.</strong></span> 
     </span>
     <span class='ocr_line' id='line_1_35' title="bbox 352 3056 1471 3115; baseline -0.006 -14"><span class='ocrx_word' id='word_1_225' title='bbox 352 3060 439 3111; x_wconf 85' lang='lat'><strong>***)</strong></span> <span class='ocrx_word' id='word_1_226' title='bbox 470 3058 653 3115; x_wconf 88' lang='lat' dir='ltr'><strong>Fragm.</strong></span> <span class='ocrx_word' id='word_1_227' title='bbox 683 3059 769 3100; x_wconf 86' lang='lat' dir='ltr'><strong>inc.</strong></span> <span class='ocrx_word' id='word_1_228' title='bbox 799 3057 840 3099; x_wconf 92' lang='grc'><strong>1.</strong></span> <span class='ocrx_word' id='word_1_229' title='bbox 897 3058 963 3099; x_wconf 84' lang='lat' dir='ltr'><strong>At</strong></span> <span class='ocrx_word' id='word_1_230' title='bbox 992 3056 1150 3111; x_wconf 86' lang='lat' dir='ltr'><strong>scripsi</strong></span> <span class='ocrx_word' id='word_1_231' title='bbox 1178 3069 1259 3110; x_wconf 86' lang='lat' dir='ltr'><strong>pro</strong></span> <span class='ocrx_word' id='word_1_232' title='bbox 1289 3058 1471 3108; x_wconf 81' lang='lat' dir='ltr'><strong>atque.</strong></span> 
     </span>
    </p>

    <p class='ocr_par' dir='ltr' id='par_1_15' title="bbox 334 3114 2013 3466">
     <span class='ocr_line' id='line_1_36' title="bbox 334 3114 2010 3184; baseline -0.007 -13"><span class='ocrx_word' id='word_1_233' title='bbox 334 3129 435 3183; x_wconf 72' lang='lat'><strong>”*⁴&#39;)</strong></span> <span class='ocrx_word' id='word_1_234' title='bbox 463 3128 702 3184; x_wconf 71' lang='lat' dir='ltr'><strong>Dionysius</strong></span> <span class='ocrx_word' id='word_1_235' title='bbox 731 3129 809 3180; x_wconf 80' lang='lat' dir='ltr'><strong>lx,</strong></span> <span class='ocrx_word' id='word_1_236' title='bbox 842 3126 920 3168; x_wconf 89' lang='lat' dir='ltr'><strong>ll:</strong></span> <span class='ocrx_word' id='word_1_237' title='bbox 958 3124 1278 3183; x_wconf 74' lang='grc' dir='ltr'><strong><em>περιερχομένη</em></strong></span> <span class='ocrx_word' id='word_1_238' title='bbox 1307 3123 1460 3172; x_wconf 78' lang='grc' dir='ltr'><strong><em>πάσας</em></strong></span> <span class='ocrx_word' id='word_1_239' title='bbox 1489 3121 1642 3170; x_wconf 83' lang='grc' dir='ltr'><strong><em>αἰτίας</em></strong></span> <span class='ocrx_word' id='word_1_240' title='bbox 1669 3118 1753 3162; x_wconf 83' lang='grc' dir='ltr'><strong>τοῦ</strong></span> <span class='ocrx_word' id='word_1_241' title='bbox 1779 3118 1924 3161; x_wconf 76' lang='grc' dir='ltr'><strong><em>σῶσαι</em></strong></span> <span class='ocrx_word' id='word_1_242' title='bbox 1950 3114 2010 3159; x_wconf 76' lang='grc' dir='ltr'><strong>τοὶ</strong></span> 
     </span>
     <span class='ocr_line' id='line_1_37' title="bbox 462 3185 2011 3253; baseline -0.007 -12"><span class='ocrx_word' id='word_1_243' title='bbox 462 3200 653 3249; x_wconf 83' lang='grc' dir='ltr'><strong><em>παιδία,</em></strong></span> <span class='ocrx_word' id='word_1_244' title='bbox 695 3195 835 3253; x_wconf 78' lang='grc' dir='ltr'><strong><em>λέγει·</em></strong></span> <span class='ocrx_word' id='word_1_245' title='bbox 877 3197 930 3240; x_wconf 86' lang='grc' dir='ltr'><strong>εἰ</strong></span> <span class='ocrx_word' id='word_1_246' title='bbox 973 3196 1032 3240; x_wconf 80' lang='grc' dir='ltr'><strong>δὲ</strong></span> <span class='ocrx_word' id='word_1_247' title='bbox 1071 3196 1378 3253; x_wconf 78' lang='grc' dir='ltr'><strong><em>παρθένος</em></strong></span> <span class='ocrx_word' id='word_1_248' title='bbox 1419 3193 1718 3248; x_wconf 73' lang='grc' dir='ltr'><strong><em>φθαρεῖσα</em></strong></span> <span class='ocrx_word' id='word_1_249' title='bbox 1753 3185 2011 3242; x_wconf 77' lang='grc' dir='ltr'><strong><em>ἐξέθηκε</em></strong></span> 
     </span>
     <span class='ocr_line' id='line_1_38' title="bbox 459 3255 2012 3323; baseline -0.008 -11"><span class='ocrx_word' id='word_1_250' title='bbox 459 3267 527 3311; x_wconf 75' lang='grc' dir='ltr'><strong>τὰ</strong></span> <span class='ocrx_word' id='word_1_251' title='bbox 557 3268 775 3312; x_wconf 82' lang='grc' dir='ltr'><strong><em>παιδία</em></strong></span> <span class='ocrx_word' id='word_1_252' title='bbox 802 3266 902 3311; x_wconf 89' lang='grc' dir='ltr'><strong>καὶ</strong></span> <span class='ocrx_word' id='word_1_253' title='bbox 930 3264 1281 3323; x_wconf 83' lang='grc' dir='ltr'><strong><em>φοβουμένη</em></strong></span> <span class='ocrx_word' id='word_1_254' title='bbox 1309 3261 1411 3307; x_wconf 83' lang='grc' dir='ltr'><strong>τὸν</strong></span> <span class='ocrx_word' id='word_1_255' title='bbox 1438 3259 1692 3317; x_wconf 77' lang='grc' dir='ltr'><strong><em>πατέρα,</em></strong></span> <span class='ocrx_word' id='word_1_256' title='bbox 1721 3255 1785 3303; x_wconf 80' lang='grc' dir='ltr'><strong><em>σύ</em></strong></span> <span class='ocrx_word' id='word_1_257' title='bbox 1815 3255 2012 3313; x_wconf 83' lang='grc' dir='ltr'><strong><em>φόνον</em></strong></span> 
     </span>
     <span class='ocr_line' id='line_1_39' title="bbox 464 3325 2013 3396; baseline -0.008 -13"><span class='ocrx_word' id='word_1_258' title='bbox 464 3341 492 3383; x_wconf 83' lang='grc' dir='ltr'>δ</span> <span class='ocrx_word' id='word_1_259' title='bbox 503 3336 724 3396; x_wconf 74' lang='grc' dir='ltr'><strong><em>ράσειςς</em></strong></span> <span class='ocrx_word' id='word_1_260' title='bbox 768 3331 881 3390; x_wconf 69' lang='lat' dir='ltr'><strong>diste</strong></span> <span class='ocrx_word' id='word_1_261' title='bbox 918 3335 998 3381; x_wconf 77' lang='grc' dir='ltr'><strong>καὶ</strong></span> <span class='ocrx_word' id='word_1_262' title='bbox 1036 3334 1089 3381; x_wconf 86' lang='grc' dir='ltr'><strong>τὸ</strong></span> <span class='ocrx_word' id='word_1_263' title='bbox 1145 3332 1289 3392; x_wconf 76' lang='grc' dir='ltr'><strong><em>αὐτῆς</em></strong></span> <span class='ocrx_word' id='word_1_264' title='bbox 1347 3331 1535 3390; x_wconf 76' lang='grc' dir='ltr'><strong><em>πρᾶγμα</em></strong></span> <span class='ocrx_word' id='word_1_265' title='bbox 1572 3328 1690 3387; x_wconf 74' lang='grc' dir='ltr'><strong><em>λέγει</em></strong></span> <span class='ocrx_word' id='word_1_266' title='bbox 1728 3327 1780 3374; x_wconf 72' lang='grc' dir='ltr'><strong>ἐν</strong></span> <span class='ocrx_word' id='word_1_267' title='bbox 1816 3325 2013 3384; x_wconf 80' lang='grc' dir='ltr'><strong><em>σχήματι</em></strong></span> 
     </span>
     <span class='ocr_line' id='line_1_40' title="bbox 462 3409 735 3466; baseline -0.004 -14"><span class='ocrx_word' id='word_1_268' title='bbox 462 3409 698 3466; x_wconf 64' lang='grc' dir='ltr'><strong><em>συμβουλῇ</em></strong></span> <span class='ocrx_word' id='word_1_269' title='bbox 701 3424 735 3459; x_wconf 86' lang='grc' dir='ltr'><strong>ς.</strong></span> 
     </span>
    </p>
   </div>
  </div>
 </body>
</html>
