2144 3854
932 248 1054 309 265

287 399 447 450 Esset
480 396 692 449 dolendi
725 412 926 460 caussa,
957 405 1018 448 ut
1052 398 1244 447 iniecto
1278 398 1486 465 equulei

291 480 466 531 Frena
497 486 713 546 repente
744 485 894 528 tacta
927 478 1269 543 exagitantur
1302 495 1464 528 novo:

289 559 400 610 Sed
432 562 539 610 iam
571 559 814 609 subactus
845 559 1069 608 miseriis
1105 558 1391 624 obtorpai.”

285 639 518 704 Magnam
567 639 722 689 fuisse
774 639 920 688 huius
975 637 1173 687 fabulae
1233 638 1429 688 laudem
1490 636 1695 688 Ovidius
1751 642 1828 688 te-

157 723 318 771 statur
351 719 530 783 (Trist.
558 719 619 780 ΙΙ,
645 718 814 783 384.):

286 799 527 861 „Nobilis
563 805 639 848 est
678 798 881 847 Canace
901 797 1095 861 fratris
1130 813 1304 846 amore
1335 797 1469 849 sai.''

154 881 222 930 Et
269 881 367 930 iam
416 879 757 943 Aristophanis
803 883 1027 942 tempore
1074 883 1241 942 partes
1276 878 1423 926 huius
1460 877 1692 926 dramatis
1727 876 1829 926 fre-

154 967 366 1026 quenter
398 959 541 1023 vulgo
576 958 760 1008 cantari
794 957 964 1006 solitas
1016 973 1129 1007 esse
1172 957 1499 1023 Phidippides
1545 963 1830 1021 argumento

154 1047 236 1092 est
271 1038 666 1107 (Nub.1:375.:)

285 1119 318 1172 ὁ
351 1119 399 1172 δ’
434 1111 598 1179 εὐθὺς
628 1113 715 1184 ᾐσ’
751 1116 1050 1184 Εὐριπίδου
1087 1116 1243 1186 ῥῆσίν
1274 1120 1392 1181 τιν’,
1428 1116 1499 1179 ὡς
1533 1115 1692 1169 ἐκίνει

285 1199 530 1266 αδελφός,
567 1192 609 1251 ὦ
650 1193 954 1262 Ἀλεξίκακε,
987 1197 1087 1266 τὴν
1120 1198 1450 1267 ὁμομητρίαν
1483 1198 1734 1266 ἀδελφήν.

152 1280 330 1347 Neque
370 1282 574 1346 reliquis
619 1283 927 1347 temporibus
975 1299 1086 1330 eam
1135 1283 1339 1345 gloriam
1375 1284 1684 1331 obscuratam
1719 1295 1832 1330 esse

151 1362 268 1412 inde
300 1368 522 1429 apparet,
559 1363 692 1425 quod
727 1362 1023 1410 nobilissimi
1057 1363 1212 1410 omnis
1249 1363 1444 1428 generis
1472 1367 1697 1411 auctores
1714 1378 1830 1426 pas-

153 1443 251 1492 sim
283 1443 346 1492 ad
382 1460 489 1492 eam
524 1448 882 1507 respexerunt,
930 1442 1062 1492 velut
1107 1441 1274 1502 Plato,
1319 1442 1614 1491 Aristoteles
1663 1439 1832 1506 (Polit.

150 1522 233 1580 111,
248 1526 297 1581 2,
312 1522 403 1587 5.)‚
440 1523 767 1572 Dicaearchus
783 1523 980 1587 (fragm.
995 1524 1086 1586 1.),
1121 1521 1498 1586 Theophrastus
1526 1522 1728 1589 (fragm.
1742 1522 1832 1586 2.),

152 1603 384 1653 Aelianus
414 1602 569 1666 (Hist.
598 1603 844 1660 anim.IV‚
867 1602 994 1667 54),
1031 1601 1247 1651 Galenus
1269 1602 1467 1665 (fragm.
1492 1602 1614 1667 19.)‚
1646 1603 1832 1668 Diony-

153 1683 259 1732 sius
293 1683 424 1744 Hal.⁹
458 1683 638 1733 Strabo
665 1683 868 1750 (fragm.
900 1681 989 1747 1.),
1016 1682 1310 1732 Plutarchus
1337 1680 1537 1748 (fragm.
1556 1687 1604 1733 2.
1623 1685 1831 1734 5.9.11.

153 1764 279 1827 24.),
313 1764 597 1814 Athenaeus
622 1763 823 1828 (fragm.
852 1766 898 1811 3.
921 1767 969 1812 5.
995 1761 1116 1824 11.),
1150 1761 1330 1811 Sextus
1358 1761 1502 1827 Emp.
1525 1762 1726 1829 (fragm.
1741 1765 1832 1830 5.)‚

153 1843 401 1894 Lucianus
430 1844 626 1908 (fragm.
653 1841 777 1906 24),
814 1843 989 1892 Cicero
1021 1842 1195 1907 (Tusc.
1229 1842 1315 1899 ΙΙΙ,
1344 1841 1448 1906 28.)
1469 1877 1484 1901 ,
1518 1849 1577 1893 ut
1610 1844 1833 1894 omittam

152 1924 274 1973 alios
308 1925 636 1974 obscuriores
704 1923 759 1972 In
794 1922 1006 1971 theatris
1041 1922 1247 1971 eandem
1271 1923 1496 1972 omnibus
1524 1925 1834 1988 temporibus

149 2004 381 2054 floruisse
424 2019 489 2053 ex
531 2003 744 2053 Neronis
795 2002 1071 2052 actionibus
1104 2002 1409 2067 intelligitur.
1475 2003 1682 2053 Accedit
1715 2005 1835 2054 Ovi-

151 2083 220 2133 dii
253 2083 461 2133 imitatio
496 2090 550 2134 et
583 2085 881 2133 comicorum
916 2097 1205 2146 graecorum
1242 2082 1504 2132 allusiones
1527 2083 1835 2147 frequentis-

150 2164 324 2217 simae.
393 2164 462 2214 Et
480 2164 838 2230 Aristophanes
872 2161 1075 2227 quidem
1111 2178 1283 2212 versus
1317 2163 1438 2211 alios
1469 2162 1690 2223 deflexit,
1723 2165 1834 2215 aliis

151 2245 332 2294 abusus
368 2250 447 2294 est
478 2246 529 2295 in
565 2245 745 2309 Equit..
772 2245 916 2293 1175.
957 2240 1160 2308 (fragm.
1193 2241 1295 2307 2.),
1341 2242 1471 2295 Nub.
1500 2245 1676 2306 1468..
1717 2245 1833 2296 Pac.

152 2326 267 2377 114.
294 2327 426 2383 119„
465 2324 670 2374 Thesm.
698 2326 817 2374 177.
839 2327 903 2382 8.,
938 2323 1065 2375 Rau.
1092 2324 1237 2372 1475.
1306 2323 1706 2386 AnaxandrideS‚
1750 2327 1835 2391 qui

151 2404 364 2454 traditur
397 2404 587 2470 primus
622 2400 821 2467 ἔρωτας
852 2400 943 2454 καὶ
974 2400 1264 2468 παρθένων
1288 2402 1505 2468 φθοράς
1528 2405 1707 2455 fabulis
1731 2407 1835 2456 suis

151 2484 453 2545 inseruisse,
496 2499 556 2532 an
589 2485 895 2547 tragoediam
927 2484 979 2532 in
1015 2484 1321 2533 comoediam
1348 2486 1638 2548 mutaverit,
1670 2488 1833 2537 nesci-

153 2579 292 2625 mus;
327 2562 416 2612 sed
451 2562 656 2612 deflexit
688 2579 885 2613 versum
918 2563 1325 2613 celeberrimum:

285 2641 322 2711 ἦ
353 2642 503 2703 πόλις
536 2638 797 2709 ἐβούλεθ’,
831 2634 868 2708 ᾗ
901 2641 1090 2709 νόμων
1120 2639 1280 2693 οὐδὲν
1319 2640 1476 2708 μέλει.

151 2725 227 2776 Ab
262 2725 544 2789 Antiphane
576 2730 758 2787 autem,
795 2725 880 2789 qui
914 2725 1121 2774 eandem
1155 2725 1395 2774 rationem
1420 2726 1469 2774 in
1493 2722 1674 2774 fabulis
1698 2741 1832 2775 com-
1879 2743 1890 2749 ²

150 2805 393 2872 ponendis
452 2811 651 2855 secutus
686 2811 795 2867 est,
839 2805 971 2853 idem
1022 2810 1365 2871 argumentum
1411 2809 1675 2855 tractatum
1720 2813 1835 2856 esse

152 2901 214 2936 ex
246 2885 550 2951 fragmento,
587 2886 719 2950 quod
755 2901 908 2951 supra
940 2885 1229 2949 posuimus,
1262 2891 1488 2952 apparet.
1555 2885 1685 2935 Tum
1718 2886 1834 2936 Eri-

149 2965 243 3032 phi
276 2981 473 3029 quoque
508 2965 690 3014 Aeolus
735 2966 795 3014 ab
831 2966 1086 3015 Athenaeo
1120 2963 1206 3016 IV.
1241 2982 1292 3030 p.
1328 2967 1443 3017 134.
1478 2981 1834 3018 commemora-

152 3052 252 3107 tur,
286 3045 384 3094 hoc
417 3047 579 3111 posito
612 3046 918 3111 fragmento:

283 3123 442 3190 λόγος
473 3124 577 3191 γάρ
611 3123 714 3176 ἐστ’
749 3124 967 3221 ἀρχαῖος
1000 3122 1069 3175 οὐ
1101 3124 1277 3186 κακῶς
1308 3123 1458 3192 ἔχων.

286 3198 442 3256 οἶνον
474 3204 690 3271 λέγουσι
721 3199 849 3267 τοὺς
880 3203 1149 3271 γέροντας,
1186 3198 1228 3257 ὦ
1259 3205 1441 3272 πάτερ,

284 3285 490 3338 πείθειν
523 3287 763 3354 χορεύειν
796 3287 863 3339 οὐ
896 3285 1168 3348 θέλοντας.

153 3366 209 3415 ln
241 3367 568 3420 Aeolosicone
601 3370 958 3435 Aristophanes
990 3384 1087 3419 non
1111 3361 1281 3419 ¹totum
1299 3369 1487 3431 drama,
1524 3366 1614 3416 sed
1641 3371 1833 3433 partem

154 3446 263 3497 eius
312 3447 361 3498 iu
409 3448 563 3500 risum
610 3450 884 3502 detorsisse
932 3454 1114 3516 potest.
1200 3447 1433 3500 Ceterum
1484 3447 1607 3501 nihil
1654 3449 1832 3500 horum
