2144 3854
1174 273 1295 328 162

384 423 644 489 manipulis
678 421 849 470 vitium
886 418 1031 469 factis
1066 435 1190 469 onus
1224 426 1364 484 tergo
1397 418 1612 482 imponit
1646 424 1697 469 et
1730 421 1779 469 in
1811 421 1973 472 villam
2001 423 2078 473 in-

384 511 461 554 tro
495 500 738 564 aufert*).
805 500 1007 549 luterim
1042 501 1222 566 satyri,
1259 516 1460 550 saevum
1492 501 1686 564 tyranni
1718 500 1968 565 ingenium
1998 503 2079 552 fe-

382 598 565 646 rosque
598 596 765 630 mores
799 580 1146 640 ostendentes,
1192 581 1359 630 multis
1397 597 1507 628 cum
1542 581 1758 630 lacrimis
1783 581 1848 630 de
1867 580 2077 632 infortu-

384 663 464 711 nio
489 677 580 711 suo
607 665 986 724 conqueruntur.
1055 660 1275 723 Quorum
1311 662 1589 709 narratione
1621 661 1788 710 audita
1831 661 2078 711 Hercules

383 740 596 790 miseros
641 739 955 799 consolatuS,
1007 741 1115 806 ipse
1163 756 1342 805 corpus
1392 741 1550 804 quieti
1598 740 1802 790 daturus
1835 742 1885 790 in
1918 741 2078 790 villam

384 837 442 871 se
474 820 700 871 confert:

526 899 817 966 βανβῶμεν
850 897 1192 961 εἰςελθόντες·
1233 899 1530 967 ἀπόμορξαι
1565 898 1723 951 σέθεν

514 978 579 1032 τὰ
613 980 838 1046 δάκρυα.

517 1061 751 1127 Sequitur
784 1062 995 1110 alterum
1030 1061 1171 1110 chori
1207 1078 1432 1124 carmen,
1476 1078 1574 1126 quo
1621 1077 1737 1127 spes
1778 1060 1952 1111 salutis
1985 1077 2078 1127 per

384 1142 652 1192 Herculem
685 1142 1023 1206 impetrandae
1065 1159 1094 1190 a
1139 1144 1316 1207 satyris
1369 1142 1636 1206 significari
1681 1142 1860 1206 potuit.
1929 1141 2080 1190 Redit

385 1222 566 1272 deinde
598 1222 842 1271 Hercules
876 1237 938 1270 ex
972 1221 1152 1283 domo,
1187 1222 1428 1272 maximos
1473 1221 1690 1271 afferens
1730 1223 1868 1286 panis
1912 1222 2078 1280 orbe8‚

385 1310 438 1352 et
463 1303 571 1351 sine
597 1318 734 1351 mora
765 1306 1017 1351 taurorum
1039 1303 1514 1367 praestantissimum
1530 1302 1636 1351 Iovi
1658 1302 1894 1351 immolat.
1928 1300 2076 1361 Tum,

386 1382 511 1432 cella
542 1383 725 1431 vinaria
758 1381 979 1443 effracta,
1013 1382 1207 1432 ianuam
1241 1399 1333 1448 pro
1368 1398 1537 1431 mensa
1572 1383 1792 1447 apponit,
1825 1381 1959 1431 dolio
1989 1397 2077 1430 au—

384 1467 489 1511 tem
522 1462 822 1526 pulcerrimo
866 1467 1038 1526 aperto
1084 1462 1360 1509 convivium
1393 1467 1445 1510 et
1479 1463 1875 1511 comissationem
1907 1461 2076 1510 laetis-

385 1542 558 1591 simam
591 1540 810 1589 instituit
831 1539 926 1604 ²²²*).
993 1539 1295 1590 Saltantibus
1331 1546 1383 1589 et
1416 1541 1601 1590 laetitia
1632 1540 1961 1605 gestientibus
1994 1556 2073 1590 sa·

385 1621 509 1685 tyris
543 1619 723 1684 Syleus
757 1620 1023 1669 intervenit
1075 1624 1126 1669 et
1158 1619 1439 1678 vehementi
1471 1621 1544 1670 ira
1573 1619 1875 1681 exardescit,
1905 1619 2080 1670 videus

384 1701 619 1750 iacturam
652 1716 817 1749 rerum
853 1707 903 1749 et
936 1700 1066 1749 servi
1100 1701 1395 1759 socordiam,
1430 1701 1680 1747 dominum
1703 1700 2079 1754 contemnentis.

386 1781 451 1830 At
483 1781 586 1842 ille,
621 1780 743 1828 nihil
778 1785 964 1828 mutato
999 1781 1160 1840 vultu,
1197 1795 1357 1843 neque
1391 1783 1598 1844 propter
1633 1795 1718 1840 ea,
1754 1795 1881 1844 quae
1913 1786 2079 1845 patra-

384 1861 471 1920 vit,
507 1860 767 1909 demissior

517 1937 746 2003 κλίθητι,
779 1938 957 2003 inquit,
991 1934 1080 1988 καὶ
1110 1935 1378 2003 πίνωμεν·
1414 1935 1474 1988 ἐν
1504 1936 1677 2004 τούτῳ
1712 1934 1771 1989 δέ
1802 1955 1911 2003 μου

517 2016 616 2086 τὴν
646 2021 839 2083 πεῖραν
872 2011 1009 2069 εὐθὺ
1040 2016 1284 2084 λάμβαν’,
1319 2016 1364 2068 εἰ
1394 2017 1648 2082 κρείττων
1680 2014 1774 2086 ἔσῃ
1799 2017 1929 2078 ***).

387 2101 464 2150 Ad
495 2100 624 2148 hanc
659 2099 866 2148 eandem
900 2098 1239 2148 invitationem
1272 2100 1440 2149 refero
1471 2100 1650 2164 fragm.
1685 2100 1783 2152 inc.
1820 2101 1946 2149 135:

518 2172 665 2240 οἶνος
693 2177 924 2243 περάσας
955 2177 1276 2242 πνευμόνων
1309 2176 1579 2244 διαρροοές.

389 2258 641 2325 Supplicia
674 2260 931 2309 minitante
966 2259 1144 2324 Syleo,
1192 2259 1437 2309 Hercules
1484 2260 1552 2309 nil
1599 2275 1655 2308 se
1688 2259 1765 2307 his
1800 2259 2075 2309 terroribus

380 2339 576 2389 >moveri
610 2340 856 2389 ostendit:

455 2480 499 2534 ³⁸)
528 2481 732 2535 Apollod.
767 2481 798 2522 l.
833 2481 889 2522 l.:
923 2478 1007 2522 σὺν
1039 2483 1141 2529 ταῖς
1175 2478 1318 2536 ῥίζαις
1351 2475 1435 2526 τὰς
1459 2475 1689 2532 α’μπέλους
1719 2474 1917 2531 σκάψας.
1957 2479 2072 2520 Cra-

524 2550 814 2594 meriAnecd.
828 2552 857 2592 1.
871 2552 929 2593 l.:
956 2547 1225 2599 ἀνεσπακὼς
1246 2546 1296 2591 δὲ
1321 2544 1500 2604 δικέλλῃ
1521 2547 1793 2606 προρρίζους
1815 2549 1900 2599 τάς
1920 2545 2072 2604 α’μπέ-

528 2623 649 2672 λονς,
683 2619 1011 2677 νωτοφορήσας
1028 2636 1078 2664 τε
1095 2616 1240 2670 αὐτὰς
1266 2619 1328 2669 εἰς
1342 2615 1393 2661 τὸ
1416 2618 1586 2675 οἴκημα
1604 2620 1808 2676 γεωργοῦ
1829 2620 1914 2663 τοῦ
1927 2615 2073 2677 οἷγροῦ

525 2693 621 2734 κτλ.

433 2761 501 2816 **)
531 2761 857 2804 Grammaticus
874 2761 919 2802 in
943 2762 1091 2803 Cram.
1113 2761 1275 2802 Anecd.
1301 2761 1331 2801 l.
1354 2760 1411 2800 1.=
1442 2756 1612 2816 ἄρτους
1636 2775 1685 2803 τε
1702 2756 1927 2814 μεγάλους
1948 2756 2071 2801 ἐποί-

529 2845 609 2888 ησε
629 2831 707 2875 καὶ
730 2830 812 2874 τὸν
839 2832 1025 2888 κρείττω
1049 2833 1141 2875 τῶν
1158 2831 1279 2888 βοῶν
1290 2828 1440 2877 θύσας
1450 2828 1528 2871 καὶ
1542 2827 1624 2872 τὸν
1640 2829 1853 2872 mosaha
1871 2828 2070 2887 διαρρή-

529 2902 610 2954 ξας
631 2901 710 2945 καὶ
739 2899 820 2945 τὸν
842 2903 1081 2945 κάλλιστον
1113 2902 1258 2944 πίθον
1287 2896 1603 2954 ἄποπωμᾶσας
1630 2896 1713 2949 τὰς
1742 2899 1895 2956 θύρας
1923 2915 1974 2943 τε
2007 2898 2069 2950 ὦς

525 2969 756 3028 τράπεζαν
774 2971 877 3021 θεὶς
900 2968 1038 3027 ἤσθιέ
1058 2987 1107 3015 τε
1133 2971 1213 3015 καὶ
1232 2969 1382 3014 ἔπινεν
1405 2963 1532 3026 ᾄδων
1558 2972 1652 3012 κτλ.

416 3040 505 3096 *‘*)
532 3041 665 3083 Philo
685 3057 728 3096 p.
743 3040 850 3083 681:
883 3040 981 3086 ἐπεὶ
1002 3040 1103 3100 γάρ,
1123 3039 1376 3124 πριαμένου
1387 3038 1583 3092 Συλέως,
1599 3040 1664 3089 εἰς
1677 3037 1818 3095 οἷγρόν
1838 3037 2067 3095 ἐπέμφθη,

524 3109 780 3164 διέδειξεν
765 3110 911 3168 ε’ργοις
932 3111 984 3155 τὰ
1009 3114 1089 3168 τῆς
1112 3111 1289 3167 φύσεως
1301 3108 1576 3155 ἀδούλωτον.
1637 3107 1732 3154 Τὸν
1750 3108 1833 3165 μὲν
1852 3108 1939 3168 γάρ
1964 3127 2066 3167 αρι-

526 3194 634 3224 στον
657 3184 751 3225 τῶν
773 3181 868 3226 ἐκεῖ
880 3181 1062 3241 ταύρων
1080 3179 1349 3231 καταθνσας
1364 3180 1442 3224 Διὶ
1465 3179 1700 3238 πρόφασιν
1717 3178 1954 3236 ενωχεῖτο·
1983 3196 2068 3224 πο-

528 3250 612 3296 λὺν
641 3250 691 3296 δε
712 3250 840 3297 οἶνον
865 3252 1129 3311 ἐμφορήσας
1151 3249 1345 3309 αθρονν,
1376 3267 1426 3295 εν
1459 3251 1581 3306 μάλα
1603 3246 2065 3308 κατακλιθεὶςζῆκρα-

528 3323 689 3382 τίζετο.
759 3326 901 3367 Σνλεῖ
932 3323 981 3367 δὲ
1021 3320 1286 3380 ἀφικομένῳ
1326 3321 1400 3364 καὶ
1448 3321 1855 3378 δνςανασχετοῦντι
1895 3317 1971 3365 ἐπὶ
2006 3322 2065 3378 τῇ

524 3389 670 3451 βλάβῃ
694 3393 771 3437 καὶ
789 3394 847 3451 τῇ
874 3392 1161 3451 θεράποντος
1192 3393 1398 3452 ῥᾳθυμίᾳ
1429 3393 1506 3436 και
1533 3390 1608 3437 ἐπὶ
1630 3393 1691 3450 τῇ
1706 3392 1898 3451 περιττῇ
1920 3406 2062 3435 κατα-

528 3461 750 3520 φρονήσει
771 3461 1101 3520 εὐτολμότατός
1128 3479 1261 3520 φησι·
1290 3465 1473 3518 κλίθητι
1497 3467 1587 3508 κτλ.
