2176 3874
872 316 999 374 475

216 464 321 520 κᾶν
355 458 395 533 ᾖ
429 465 602 532 σοφός
632 482 727 528 τις,
760 463 795 533 ἥ
829 465 875 516 τ’
910 462 1093 528 ἀτιμία
1125 462 1268 529 βίου.

214 547 410 614 φίλους
443 545 500 598 δὲ
532 541 662 616 τοὺς
694 545 792 612 μὲν
824 543 897 613 μὴ
930 545 1202 611 χαλῶντας
1235 539 1294 595 έν
1326 543 1507 610 λόγοις

211 615 454 694 κέκτησο,
488 622 618 690 τοὺς
652 626 710 680 δὲ
741 626 877 692 πρὸς
910 627 1071 693 χάριν
1100 619 1200 696 σὺν
1233 624 1409 693 ἡδονῇ

211 715 279 776 τῇ
315 716 384 777 σῇ
418 703 694 776 πονηροὺς
726 712 968 776 κλῇθρον
1003 706 1217 773 εἰργέτω
1243 705 1444 774 στέγης.

209 790 418 856 ὁμιλίας
449 809 505 843 τε
537 791 632 853 τὰς
663 788 967 858 γεραιτέρας
1001 788 1156 854 φίλει,

210 870 479 925 ἀκόλαστα
513 873 560 925 δ’
595 876 723 941 ἤθη,
757 869 973 938 λαμπρὰ
1007 870 1274 935 συγγελᾶν
1307 868 1497 934 μόνον,

209 954 378 1020 μίσει·
415 956 637 1022 βραχεῖα
669 952 850 1018 τέρψις
881 952 1085 1021 ἡδονῆς
1106 953 1286 1018 κακῆς.

209 1032 423 1105 ἐξουσία
456 1036 512 1088 δὲ
546 1036 737 1103 μήποτ’
773 1033 1023 1102 ἐντυχών,
1058 1033 1265 1093 τέκνον,

212 1112 465 1185 αἰσχροὺς
499 1115 697 1182 ἔρωτας
732 1117 981 1185 δημοτῶν
1014 1115 1320 1175 διωκαθεῖν,

212 1194 244 1250 ὃ
278 1199 366 1251 καὶ
401 1198 628 1264 σίδηρον
661 1198 895 1265 ἀγχόνας
929 1201 974 1249 τ’
1011 1196 1300 1264 ἐφέλκεται,

208 1281 454 1348 χρηστῶν
486 1281 730 1348 πενήτων
765 1283 835 1348 ἤν
868 1298 946 1341 τις
982 1279 1206 1346 αἰσχύνῃ
1240 1274 1415 1328 τέκνα.

215 1360 308 1414 καὶ
339 1356 470 1423 τοὺς
503 1356 780 1429 πονηροὺς
814 1362 887 1429 μή
922 1364 1039 1413 ποτ’
1076 1361 1253 1423 αὔξειν
1287 1355 1344 1410 έν
1378 1357 1555 1410 πόλει·

212 1442 372 1495 κακοὶ
404 1443 526 1510 γὰρ,
563 1442 951 1512 ἐμπλησθέντες
983 1443 1017 1511 ἢ
1052 1442 1396 1508 νομίσματος,

210 1522 245 1592 ἢ
280 1526 471 1586 πόλεος
505 1524 819 1592 ἐμπεσόντες
852 1525 925 1587 εἰς
958 1525 1126 1592 ἀρχήν
1158 1541 1295 1583 τινα,

213 1608 516 1671 σκιρτῶσιν,
550 1607 763 1675 ἀδόκητ’
801 1607 1208 1674 εὐτυχησάντων
1243 1604 1442 1669 δόμων.

207 1687 321 1739 ἀλλ’
362 1681 403 1739 ὦ
437 1685 628 1740 τέκνον
662 1707 754 1754 μοι
788 1688 881 1748 δὸς
914 1688 1038 1754 χέρ’,
1075 1687 1147 1748 ὡς
1181 1686 1314 1754 θίγῃ
1349 1683 1544 1751 πατήρ,

213 1767 305 1821 καὶ
337 1768 507 1836 χαῖρ’·
539 1769 630 1821 ὑπ’
669 1770 857 1831 αἰδοῦς
893 1770 939 1821 δ’
978 1768 1046 1820 οὐ
1078 1768 1200 1819 λίαν
1234 1767 1563 1833 ἀσπάζομαι·

209 1851 601 1917 γυναικόφρων
634 1851 737 1918 γὰρ
772 1851 952 1917 θυμὸς
986 1849 1187 1915 ἀνδρὸς
1222 1850 1288 1900 οὐ
1323 1852 1521 1913 σοφοῦ.

212 1933 326 1982 Fini
372 1935 607 1983 dramatis
655 1934 881 1984 Minerva
929 1934 1196 1982 intervenit
1253 1937 1307 1981 et
1354 1931 1612 1980 consoflata
1651 1932 1778 1983 Ere-

77 2014 315 2063 chtheum
350 2021 428 2063 est
462 2015 680 2064 iubendo
715 2016 910 2064 divinos
946 2016 1164 2063 honores
1201 2017 1254 2061 et
1285 2013 1443 2077 ipsius
1480 2017 1532 2060 et
1566 2013 1779 2064 filiarum

76 2094 303 2154 institui3
357 2094 423 2144 cf.
461 2097 617 2145 schol.
665 2097 727 2144 ad
764 2096 902 2144 Arati
949 2111 991 2144 v.
1030 2098 1156 2142 169:
1210 2091 1514 2156 Εὐριπίδης
1547 2091 1643 2158 μὲν
1677 2088 1780 2146 οὖν

75 2169 135 2224 έν
154 2166 395 2241 Ἐρεχθεῖ
405 2172 499 2235 τὰς
515 2169 806 2241 Ἐρεχθέως
824 2172 1130 2241 θυγατέρας
1144 2166 1342 2234 ἿΓοίδας
1363 2171 1495 2239 φησὶ
1511 2172 1777 2238 γενέσθαι,

39 2295 48 2302 ..
75 2258 216 2320 τρεῖς
237 2257 418 2315 οὔσας.
489 2258 633 2306 Adde
659 2259 762 2307 Cic.
790 2259 852 2307 N.
884 2258 940 2306 D.
967 2257 1051 2314 ΙΙΙ,
1088 2259 1168 2315 19,
1192 2259 1293 2316 49.,
1329 2257 1411 2304 ubi
1437 2256 1777 2307 Erechtheum

77 2343 129 2386 et
162 2337 424 2385 delubrum
461 2342 513 2385 et
547 2338 735 2385 cultum
768 2337 980 2386 Athenis
1026 2337 1266 2385 habuisse
1301 2337 1540 2399 scriptum
1576 2345 1680 2398 est,
1727 2344 1781 2388 et

77 2416 339 2465 Demosth.
375 2422 498 2464 orat.
536 2415 730 2468 funebr.
767 2433 817 2482 p.
841 2419 972 2464 139⁷
993 2415 1063 2478 *).
1134 2416 1328 2474 Claram
1348 2416 1624 2465 Erechthei
1643 2435 1780 2468 mor-

75 2502 179 2546 tem
216 2512 308 2562 pro
343 2497 503 2561 patria
550 2498 892 2546 occumbentis
939 2513 1032 2546 nec
1080 2500 1243 2545 minus
1293 2498 1442 2545 etiam
1493 2498 1622 2546 filias
1671 2501 1777 2549 eius

77 2577 257 2641 cupide
306 2582 518 2625 mortem
555 2593 645 2643 pro
681 2577 778 2625 vita
825 2577 1003 2625 civium
1054 2583 1349 2643 expetentes
1399 2577 1575 2626 Cicero
1622 2578 1775 2629 Tusc.

75 2655 113 2716 1,
149 2659 232 2717 48,
269 2659 380 2705 116.
417 2662 466 2706 et
507 2673 598 2723 pro
632 2657 799 2706 Sestio
834 2660 916 2719 21,
951 2660 1032 2706 48.
1071 2659 1253 2708 laudat.
1323 2658 1379 2706 In
1413 2657 1642 2707 faucibus
1669 2660 1778 2722 qui-

77 2737 284 2786 busdam
320 2743 489 2786 terrae
525 2738 842 2787 Erechtheus
878 2739 1105 2804 sepultus
1143 2754 1257 2788 esse
1291 2739 1342 2787 in
1376 2738 1491 2787 lone
1526 2739 1597 2804 (v.
1633 2738 1776 2803 294.)

77 2823 523 2867 commemoratur:

209 2895 413 2961 πατέρα
449 2896 497 2948 δ’
533 2896 750 2965 ἀληθῶς
782 2897 957 2965 χάσμα
993 2897 1091 2949 σὸν
1124 2898 1343 2965 κρύπτει
1375 2899 1608 2965 χθονόςς

74 2977 263 3028 Ibidem
301 2979 564 3028 delubrum
598 2981 913 3030 aedificatum
950 2981 1110 3030 fuisse
1146 2997 1354 3030 necesse
1389 2986 1481 3033 est.

202 3060 358 3108 Utilia
393 3061 580 3126 magis,
617 3077 763 3124 quam
800 3062 990 3122 dulcia,
1028 3062 1320 3126 Euripidem
1355 3062 1406 3110 in
1441 3062 1535 3110 hac
1576 3077 1777 3128 compo-

80 3140 241 3189 nenda
276 3141 532 3204 tragoedia
567 3148 793 3191 secutum
829 3158 943 3191 esse
978 3146 1030 3192 et
1070 3142 1338 3202 docendis,
1373 3143 1651 3205 monendis,
1687 3144 1776 3193 ad-

139 3312 193 3367 *)
211 3308 432 3355 Ἢιδεσαν
454 3306 656 3361 ἅπαντες
683 3309 969 3369 Ἐρεχθεῖδαι
996 3310 1080 3355 τὸν
1104 3308 1349 3367 ἐπώνυμον
1372 3310 1530 3355 αὐτῶν
1557 3309 1778 3369 Ἐρεχθέα

226 3380 359 3426 ἕνεκα
386 3382 473 3426 τοῦ
501 3383 646 3425 σῶσαι
676 3381 762 3436 τὴν
791 3381 947 3440 χώραν
974 3381 1061 3432 τὰς
1090 3379 1238 3426 αὑτοῦ
1274 3385 1470 3436 παῖδας,
1510 3378 1566 3433 ἃς
1594 3380 1775 3426 Ὑακιν-

221 3453 365 3502 θίδας
400 3453 651 3508 καλοῦσιν,
707 3454 771 3503 εἰς
808 3453 1048 3510 προῦπτον
1087 3450 1299 3498 θάνατον
1338 3451 1482 3499 δόντα
1521 3448 1775 3499 ἀναλῶσαι.

222 3522 294 3566 Cf.
326 3523 502 3566 Welck.
533 3538 578 3578 p.
613 3521 713 3565 724.
742 3528 831 3567 not.
861 3521 931 3565 14.
