2144 3854
893 272 1014 332 155

245 502 349 572 ἐγὼ
383 502 441 558 δὲ
473 501 674 568 πατρὸς
706 492 814 565 αἷμ’
850 495 1254 564 ἐτιμωρησάμην

249 579 352 638 σὺν
383 588 494 646 τοῖς
526 581 823 650 ἐφηβήσασι
856 580 965 631 τῶν
997 577 1290 630 ὀλωλότων.

251 667 402 718 Redit
435 666 614 716 deinde
657 664 719 714 ad
764 663 902 712 illum
944 660 1240 722 StheneluS,
1287 658 1577 723 explorandi
1627 675 1802 710 caussa

120 749 241 797 locis
278 748 494 797 finitimis
529 744 820 811 peragratiS‚
870 742 1153 804 nuntiatque
1187 756 1242 788 se
1278 754 1529 788 sermones
1565 743 1803 804 quosdam

119 829 442 892 agricolarum
479 825 766 890 aucupando
801 823 1024 872 Oeneum
1048 822 1310 870 invenisse.
1379 819 1630 885 Suspenso
1648 824 1805 887 gradu

120 924 178 957 se
211 907 493 974 adrepsisse
524 918 791 968 auremque
825 901 1104 951 admovisse
1138 901 1282 950 dicit:
1802 900 1803 903 ’

121 985 157 1037 οὶ
169 1005 201 1038 κ
214 1005 245 1054 ρ
259 986 313 1051 ίζ
325 1003 438 1048 ων,
465 986 650 1050 ἄκροις
664 980 824 1036 ποσὶν
843 979 1306 1047 ἐπιπορευόμενος,
1323 979 1619 1047 Εὐριπίδης
1635 980 1807 1033 Οἰνεῖε

121 1068 426 1134 Hesychius.

254 1146 501 1211 „Simul
549 1162 770 1198 aurem
819 1143 1121 1206 attendi,
1182 1150 1253 1193 ut
1302 1144 1559 1210 quirem
1605 1160 1814 1194 exau-

961 1224 1108 1274 dire
1143 1222 1496 1291 ampliu3.''

124 1306 334 1359 Videtur
359 1313 533 1358 autem
569 1307 795 1367 Oeneus,
849 1306 1110 1370 impatiens
1159 1305 1594 1367 contumeliarum,
1638 1307 1818 1371 quibus*

123 1372 367 1453 perpetuo
401 1387 729 1450 afficiebatur,
765 1404 794 1437 e
828 1402 1029 1436 carcere
1062 1386 1299 1450 effugisse
1355 1391 1527 1451 atque,
1580 1387 1812 1437 dissimu-

123 1467 231 1527 lato>
257 1467 452 1518 nomine
484 1468 822 1533 dignitateque
855 1484 971 1527 sua,
1017 1466 1213 1516 servilia
1245 1467 1514 1516 ministeria
1547 1468 1640 1518 sub
1673 1484 1816 1533 agre-

126 1547 195 1598 sti
228 1541 391 1612 aliquo
417 1549 618 1599 domino
640 1549 849 1599 subisse.
917 1548 1087 1611 Itaque
1115 1562 1262 1610 quum
1289 1548 1508 1611 quotidie
1531 1563 1641 1597 cum
1664 1564 1818 1614 grege

126 1628 425 1678 famulorum
460 1628 512 1677 in
558 1644 703 1692 agros
753 1629 816 1677 ad
861 1643 987 1692 opus
1031 1626 1310 1676 faciendum
1353 1628 1660 1689 mitteretur,
1706 1628 1820 1678 fieri

128 1709 304 1773 potuit,
339 1713 410 1770 ut,
445 1708 580 1758 forte
611 1709 868 1766 inventuS,
925 1723 987 1757 ex
1030 1708 1180 1756 certis
1231 1707 1522 1770 quibusdam
1557 1707 1756 1757 indiciis
1790 1723 1820 1756 a

130 1788 371 1838 Sthenelo
406 1794 774 1854 agnosceretur.
845 1788 936 1837 Ille
980 1787 1143 1837 statim
1177 1803 1299 1851 grex
1334 1789 1384 1836 in
1419 1803 1615 1837 scenam
1649 1788 1820 1854 prodi-

130 1875 269 1919 turus
305 1873 382 1918 est
415 1869 654 1933 chorique
690 1868 950 1918 functurus
983 1882 1214 1930 munere,
1262 1867 1313 1916 id
1364 1869 1496 1931 quod
1540 1868 1760 1932 praedici
1792 1885 1821 1918 a

130 1948 370 1999 Sthenelo
402 1948 599 1998 videtur
631 1947 772 1997 hisce
806 1948 1000 1998 verbis:

258 2026 492 2091 „Unde
541 2028 764 2078 omnia
807 2026 1128 2094 perdisci
1177 2044 1251 2077 ac
1297 2034 1641 2094 queantur
1667 2044 1823 2095 per-

994 2109 1055 2158 ci
1060 2107 1167 2174 pi''
1183 2110 1248 2173 ²²²).

130 2188 522 2240 Advenientibus
557 2189 812 2254 operariis,
846 2188 1115 2239 Diomedes
1149 2189 1532 2254 Sthenelusque,
1568 2205 1664 2254 quo
1687 2204 1824 2239 com-

131 2270 326 2319 modius
370 2269 564 2334 possint
609 2285 756 2319 voces
805 2285 1160 2335 sermonesque
1207 2270 1503 2319 rusticorum
1537 2270 1825 2339 subauscul-

132 2350 256 2408 tari,
301 2349 459 2399 oculis
493 2365 666 2399 eorum
700 2366 756 2398 se
791 2350 1100 2410 subducunt3
1145 2350 1285 2399 finito
1321 2356 1485 2399 autem
1520 2356 1694 2412 cantu,
1741 2349 1827 2414 qui

133 2445 226 2494 pro
259 2431 447 2495 parodo
482 2434 650 2491 esset,
686 2430 739 2479 in
773 2434 1093 2495 conspectum
1126 2430 1368 2490 redeunt,
1402 2446 1680 2480 sermonem
1715 2446 1827 2479 cum

136 2510 308 2560 Oeneo
343 2511 635 2571 conserturi,
671 2511 784 2573 qui,
821 2511 1042 2574 quamvis
1079 2511 1232 2559 otium
1267 2511 1359 2558 sibi
1409 2511 1468 2558 ad
1517 2510 1828 2576 satisfacien-

138 2591 256 2640 dum
289 2589 567 2655 peregrinis
602 2605 715 2638 esse
748 2594 927 2654 neget,
972 2595 1166 2649 tamen,
1203 2591 1382 2639 duetus
1411 2590 1676 2640 dulcedine
1710 2606 1829 2640 con-

138 2669 502 2735 querendorum
537 2669 802 2731 malorum,
837 2669 901 2718 de
932 2669 1024 2730 iis,
1061 2684 1187 2733 quae
1220 2685 1490 2734 perpessus
1525 2677 1632 2727 est,
1669 2668 1831 2720 fusius

139 2750 374 2817 exponit:
418 2800 421 2803 ,

270 2826 430 2896 σχολὴ
463 2826 561 2893 μὲν
595 2826 741 2894 οὐχί·
774 2829 848 2898 τῷ
884 2827 942 2880 δὲ
977 2826 1328 2894 δυςτυχοῦντί
1359 2843 1472 2890 πως

268 2908 500 2975 τερπνὸν
535 2906 594 2961 τὸ
628 2908 767 2973 λέξαι
799 2909 1279 2961 κᾶποκλαύσασθαι
1311 2908 1485 2961 πάλιν.

143 2992 560 3042 Contumeliamm
596 2992 926 3058 Apollodorus
961 2991 1241 3059 exemplum
1275 2992 1436 3042 refert
1468 2990 1611 3041 hisce
1644 2991 1833 3041 verbis:

142 3069 231 3123 καὶ
263 3069 472 3138 προςέτι
507 3072 677 3135 ζῶντα
710 3071 805 3123 τὸν
837 3069 999 3123 Οἰνέα
1029 3071 1399 3139 καθείρξαντες
1430 3070 1694 3139 ᾐκίζοντο.
1756 3072 1834 3121 Ex

146 3153 305 3219 ipsius
340 3154 506 3221 operis
540 3154 820 3221 fragmento
856 3155 1184 3221 cognoscitur,
1235 3155 1548 3223 propositum
1581 3154 1632 3203 in
1667 3151 1835 3203 convi-

284 3347 500 3392 Diomede
540 3351 773 3405 appellans
807 3348 1035 3406 significat
1072 3349 1339 3405 Thebas,
1391 3351 1497 3407 quia
1535 3363 1638 3395 eam
1677 3349 1837 3393 urbem

289 3419 480 3476 Ogygus
510 3419 757 3463 condidisse
786 3419 1016 3464 traditur.”

216 3489 267 3544 *)
294 3489 479 3547 Fragm.
508 3490 594 3533 inc.
625 3505 666 3533 n.
695 3489 766 3533 27.
