2144 3854
1142 268 1260 326 142

372 415 685 476 armentaque
730 425 841 460 cum
881 411 1153 463 hominibus
1195 413 1349 464 obviis
1384 414 1629 479 perderet.
1693 414 1906 468 hrhunc
1937 418 2026 484 igi-

374 495 455 541 tur
487 506 658 554 aprum
689 490 818 539 viros
850 489 1145 542 fortissimos
1190 509 1252 543 ex
1298 498 1472 542 cuncta
1506 491 1716 543 Graecia
1747 497 2030 548 convocavit

371 575 421 617 et
452 569 728 633 praemium,
753 571 1030 620 certaminis
1066 572 1128 633 ei,
1164 573 1248 636 qui
1291 571 1650 632 interfecisset,
1695 573 1877 639 pellem
1916 575 2029 640 apri

370 648 624 711 proposuit
655 654 749 698 etc.
814 649 908 712 Qui
939 666 1088 713 quum
1121 651 1478 708 convenissent,
1513 649 1712 702 Oeneus
1746 668 1831 702 eos
1855 664 2029 703 novem

368 726 476 775 dies
509 727 721 792 hospitio
754 730 978 793 excepit,
1015 730 1206 780 decimo
1240 735 1404 780 autem
1438 734 1536 778 etc.
1543 727 1574 751 ’'
1639 730 1858 782 Eadem
1831 731 2029 843 'Hygi-
2119 770 2123 776 -

367 821 457 854 nus
488 806 662 867 refert5
693 807 782 855 sed
815 808 973 856 minus
1005 810 1210 873 prolixa.

496 884 633 934 Haec
659 880 718 934 ab
753 887 1006 936 Artemide
1036 890 1084 937 in
1119 905 1265 939 scena
1299 889 1518 953 exposita
1554 905 1668 939 esse
1717 843 1858 940 recte
1892 888 2026 939 Wel-

366 963 540 1012 ckerus
574 964 805 1014 statuisse
837 966 1040 1019 videtur.
1103 968 1393 1034 Fragmenta
1428 968 1681 1034 Euripidis
1698 969 1918 1032 Attiique
1942 983 2027 1017 ex-

365 1047 495 1092 stant
526 1043 731 1091 haecce:
1395 1094 1398 1096 ,

494 1120 761 1172 Καλυδὼν
791 1121 888 1190 μὲν
917 1123 1011 1192 ἥδε
1041 1129 1186 1191 γαῖα,
1221 1124 1484 1186 Πελοπίας
1514 1126 1713 1192 χθονὸς

493 1199 552 1253 ἐν
583 1200 960 1269 ἀντιπόρθμοις
992 1205 1121 1257 πεδί’
1154 1204 1326 1272 ἔχουσ’
1359 1204 1668 1272 εὐδαίμονα·

497 1275 685 1343 Οἰνεὺς
716 1282 764 1334 δ’
799 1283 1012 1336 α’νοὶσσει
1041 1285 1192 1354 τῆςδε
1222 1289 1320 1354 γῆς
1349 1284 1650 1348 Αἰτωλίας,-

494 1363 822 1429 Πορθάονος
853 1367 994 1426 παῖς,
1029 1364 1089 1427 ὅς
1118 1367 1231 1417 ποτ’
1271 1360 1523 1417 Ἀλθαίαν
1554 1368 1724 1432 γαμεῖ,

491 1441 672 1510 Λήδας
704 1442 949 1510 ὅμαιμον,
987 1445 1207 1498 Θεστίου
1239 1445 1297 1498 δὲ
1329 1443 1618 1512 παρθένον.

361 1524 455 1573 His
487 1525 821 1573 subnectenda
853 1530 963 1574 sunt
995 1542 1120 1589 quae
1154 1526 1636 1590 Pseudoplutarchus
1680 1525 1733 1575 in
1773 1524 2021 1590 parallelis

361 1620 409 1669 p.
445 1604 554 1653 312.
590 1618 633 1652 c.
665 1606 746 1653 26.
776 1610 1124 1654 commemorat
1171 1621 1280 1653 cum
1322 1605 1608 1669 Apollodori
1640 1604 1919 1668 Hyginique
1949 1609 2025 1654 te-

361 1683 589 1732 stimonio
635 1683 991 1746 conspirantia:
1033 1675 1195 1749 ’Ἀρης
1243 1675 1460 1751 Ἀλθαίᾳ
1505 1679 1878 1749 evadit-&sami
1912 1683 2026 1733 Με-

359 1760 585 1828 λέαγρον
616 1761 837 1828 ποιήσας
872 1761 1213 1829 (ἐγέννησεῖ),
1265 1762 1348 1824 ὠς
1379 1761 1769 1828 Εὐριπίδης
1802 1758 1872 1812 ἐν
1902 1762 2026 1812 Με-

360 1842 620 1909 λεάγρῳ
647 1842 716 1906 *).
797 1842 1018 1907 Septimo
1064 1844 1143 1893 die
1189 1860 1365 1894 nomen
1407 1844 1580 1895 infanti
1610 1859 1639 1892 a
1668 1839 1819 1908 patre
1844 1842 2027 1907 imponi

359 1923 590 1987 oportuit.
658 1922 734 1971 Eo
786 1923 933 1987 igitur
965 1923 1047 1972 die
1079 1923 1262 1972 Parcae
1296 1923 1609 1973 sollemnibus
1642 1922 2021 1972 intervenientes

357 2001 458 2052 fata
491 2003 630 2068 pueri
663 2002 959 2063 cecinerunt,
994 2018 1195 2066 quarum
1229 2003 1456 2051 carminis
1487 2003 1582 2051 hae
1612 2005 1728 2051 sunt
1762 2001 2024 2066 reliquiae:

485 2078 774 2146 Μελέαγρε,
807 2078 994 2147 μελέαν
1024 2079 1126 2146 γάρ
1161 2081 1275 2131 ποτ’
1310 2079 1546 2145 ἅγρεύεις
1577 2081 1765 2144 ἄγραν..

487 2186 552 2197 —-·
618 2189 681 2198 —-
747 2189 812 2199 —
880 2177 946 2222 „o
977 2162 1245 2226 regina,
1283 2162 1418 2210 erit

490 2240 765 2307 Tempus
797 2239 968 2308 quod
1008 2240 1246 2290 huicce
1286 2240 1493 2301 torri,
1539 2254 1721 2305 quem
1767 2238 2027 2304 amburi

1176 2319 1407 2371 videsl?

355 2400 435 2452 cf.
470 2399 612 2452 ovid.
646 2399 851 2450 Metam.
884 2398 1015 2450 VIII.
1049 2414 1092 2447 v.
1127 2400 1226 2447 450
1256 2415 1424 2464 seqq.:

482 2479 695 2545 „Stipes
731 2484 860 2538 erat,
893 2494 1056 2544 quem,
1092 2494 1245 2544 quum
1272 2486 1458 2545 partus
1493 2478 1651 2527 enisa
1684 2479 1883 2528 &sceret

487 2559 735 2619 Thestias,
769 2559 825 2607 in
842 2559 1114 2621 flammam
1156 2560 1386 2624 triplices
1423 2573 1645 2624 posuere
1688 2556 1902 2608 Sorores
1921 2557 2020 2624 **)‚

407 2673 457 2726 ³⁸⁴)
486 2673 592 2715 Inde
623 2671 752 2716 Ovid.
781 2671 965 2713 Metam.
992 2670 1106 2713 VIII.
1135 2684 1179 2712 v.
1206 2666 1290 2712 436
1304 2684 1316 2711 ε
1346 2665 1671 2722 „Mavortiam”
1698 2671 1895 2726 appellat
1920 2664 2020 2712 Me—

377 2812 460 2866 **)
489 2744 764 2868 lxx-c.
793 2810 901 2852 171:
931 2811 1076 2863 „Cum
1091 2809 1297 2863 Althaea,
1324 2808 1498 2852 Thestii
1519 2808 1633 2862 filia,
1660 2820 1749 2851 una
1768 2811 1896 2851 noete
1914 2822 2019 2852 con-

490 2883 734 2924 cubuerunt
763 2882 938 2924 Oeneus
966 2884 1011 2923 et
1036 2881 1184 2923 Mars:
1225 2893 1279 2922 ex
1307 2879 1466 2933 quibus
1495 2892 1596 2921 cum
1624 2881 1740 2921 esset
1765 2882 1893 2922 natm
1919 2879 2020 2923 Me-

489 2953 659 3008 leager,
687 2952 866 2995 subito
853 2967 898 2995 m
921 2950 1050 3008 regia
1070 2953 1366 3007 apparuerunt
1388 2949 1558 2991 Parcae
1586 2949 1762 3002 Clotho,
1790 2948 2020 3003 Lachesis,

484 3021 689 3077 Atropos.
745 3022 828 3064 Cui
853 3021 948 3064 fata
974 3021 1040 3064 ita
1067 3021 1331 3077 cecinerunt.
1389 3019 1548 3061 Clotho
1592 3018 1701 3064 dixit
1738 3033 1842 3062 eum
1878 3033 2019 3077 gene-

485 3103 638 3132 rosum
663 3090 883 3144 futurum,
924 3091 1137 3133 Lachesis
1173 3076 1361 3141 fortem,
1402 3088 1594 3144 Atropos
1631 3087 1831 3132 titionem
1860 3089 2017 3132 arden-

486 3164 576 3203 tem
603 3160 846 3216 adspexit
832 3175 876 3202 m
904 3160 1007 3203 foco
1037 3165 1081 3204 et
1118 3160 1202 3203 ait.
1239 3158 1475 3202 Tamdiu
1502 3159 1597 3201 hic
1625 3158 1797 3212 vivit,
1827 3170 2015 3215 quam-

486 3229 580 3273 diu
624 3230 718 3273 hic
753 3230 891 3274 titio
931 3234 1261 3273 consumtus
1300 3242 1405 3270 non
1445 3227 1642 3272 fuerit.
1697 3230 1798 3271 Hoc
1823 3227 2016 3271 Althaea

485 3303 629 3343 mater
656 3315 757 3343 cum
786 3301 991 3355 audisset,
1021 3300 1194 3343 exsiluit
1212 3300 1267 3342 de
1291 3300 1404 3341 lecto
1426 3302 1556 3354 atque
1581 3298 1780 3342 titionem
1799 3298 2037 3354 exstinxits

484 3374 529 3413 et
556 3383 659 3414 eum
685 3371 728 3415 in
755 3372 885 3429 regia
907 3371 1057 3414 media
1084 3369 1231 3415 obruit
1254 3368 1464 3422 fatalem,
1512 3384 1566 3412 ne
1593 3370 1651 3413 ab
1679 3368 1775 3426 igni
1803 3369 2011 3412 absume-

482 3441 642 3486 retur.”
