2176 3874
1139 286 1264 346 506

373 437 436 503 (v.
472 439 612 500 830.)
647 436 905 487 Socratem
947 444 1095 499 poeta
1139 435 1407 485 maledicus
1439 434 1698 486 Melium
1732 438 2043 502 cognomina-

368 519 439 566 vit
471 515 781 581 (Σωκράτης
813 513 843 566 ὅ
877 514 1140 581 Μήλιος),
1189 517 1320 580 quod
1355 521 1491 566 esset
1534 517 1664 566 idem
1698 534 1769 567 ac.
1802 519 1845 567 si
1877 519 2046 570 ἄθεον

370 598 474 646 sive
506 595 777 662 θεομάχον
811 597 1082 661 appellaret
1113 594 1183 660 *).
1251 596 1424 661 Neque
1469 599 1707 647 absonum
1755 603 1834 648 est
1879 601 2043 664 suspi-

367 678 469 726 cari
501 678 735 742 populum
768 676 1173 736 Atheniensium,
1221 693 1366 740 quum
1401 681 1540 725 antea
1572 694 1663 742 per
1696 683 1921 745 tempora
1953 697 2044 746 pe·

367 757 615 805 stilentiae
655 758 718 805 ad
763 762 1063 806 contemtum
1110 757 1314 805 deorum
1363 771 1548 822 pronus
1583 757 1787 819 fuisset,
1834 765 2043 824 repente

365 836 609 885 mutatum
643 836 704 884 ad
749 837 955 885 deorum
990 841 1175 885 metum
1218 852 1275 884 ac
1320 836 1599 901 religiosam
1645 840 2042 904 superstitionem

365 915 584 965 redisse:
620 916 759 965 cuius
793 916 865 965 rei
893 915 1238 965 documentum
1272 921 1366 976 est,
1402 917 1550 980 quod,
1572 923 1730 982 peste,
1765 935 1877 968 cum
1902 920 2041 985 paul-

363 995 518 1045 lulum
552 996 832 1045 intermissa
862 996 1056 1055 fuisset,
1090 994 1488 1056 recrudescente,
1523 998 1772 1047 oraculum
1801 999 2042 1064 Apollinis

366 1075 431 1124 de
484 1076 705 1125 remedio
760 1076 1097 1125 consultarunt
1155 1074 1362 1138 eiusque
1418 1077 1557 1125 iussu
1608 1078 1781 1127 Delum
1832 1079 2041 1128 insulam

364 1155 607 1221 sepulcris
652 1161 955 1205 mortuorum
1000 1160 1271 1220 purgarunt
1318 1160 1370 1204 et
1403 1172 1542 1205 sacra
1574 1158 1906 1207 instaurarunt
1937 1155 2040 1222 **).

365 1235 483 1284 lnde
518 1236 665 1283 etiam
699 1236 747 1283 in
781 1234 1136 1299 philosophos,
1182 1249 1388 1297 quorum
1423 1236 1681 1302 disciplina
1714 1237 1919 1287 deorum
1955 1254 2042 1288 re-

362 1314 584 1363 verentia
619 1314 840 1362 imminui
873 1314 1153 1374 videretur,
1196 1314 1316 1362 iram
1353 1317 1676 1366 excanduisse
1707 1333 1916 1366 necesse
1948 1322 2041 1379 est,

361 1409 522 1457 neque
555 1394 742 1453 dubito,
778 1394 894 1456 quin
927 1394 1010 1442 illo
1043 1399 1269 1458 tempore
1291 1393 1523 1458 Diagoras
1551 1401 1699 1460 atque
1722 1397 2040 1461 ProtagoraS‚

362 1473 407 1522 si
459 1472 666 1522 Athenis
713 1473 994 1538 degissent,
1055 1475 1222 1522 statim
1267 1474 1449 1523 iudicio
1493 1475 1815 1525 circumventi
1869 1482 2042 1526 essent

362 1553 638 1618 capitisque
683 1552 916 1602 damnati.
1003 1553 1196 1614 Quibus
1244 1553 1529 1603 absentibus
1589 1556 1800 1605 invidiae
1847 1556 1912 1616 ii,
1958 1558 2040 1621 qui

360 1633 582 1689 aderant,
619 1631 818 1681 obnoxii
847 1631 1063 1691 fuerunt,
1099 1647 1194 1695 qua
1226 1636 1369 1680 utens
1404 1636 1772 1696 opportunitate
1787 1634 2042 1684 Socratem

359 1712 815 1761 innocentissimum
851 1711 1100 1772 comicus,
1150 1727 1247 1775 quo
1281 1727 1425 1760 nemo
1458 1713 1746 1762 malitiosior
1780 1712 1897 1774 fuit,
1940 1719 2041 1764 tra-

358 1793 517 1842 duxit.
598 1791 982 1840 Considerantes
1030 1807 1198 1840 eorum
1244 1791 1684 1856 philosophorum,
1733 1793 1818 1856 qui
1862 1794 2041 1844 merito

358 1872 706 1936 arguebantur,
741 1871 1060 1932 sententiam,
1097 1871 1300 1920 eandem
1336 1871 1385 1920 in
1420 1871 1626 1920 Hecuba
1657 1873 1844 1937 respici
1875 1879 1926 1922 et
1958 1890 2041 1923 re-

356 1953 450 2001 bus
484 1953 749 2016 verbisque
782 1951 992 1999 refutari
1026 1951 1363 2014 intelligimus.
1432 1951 1689 2017 Diagoram
1725 1953 1854 2002 enim
1887 1954 2043 2004 tradit

358 2032 540 2082 Sextus
574 2032 859 2096 Empiricus
908 2029 1038 2095 (adv.
1074 2030 1236 2080 Math.
1272 2048 1319 2094 p.
1356 2029 1493 2092 318.)
1543 2031 1717 2080 iniuria
1765 2048 1793 2080 a
1827 2034 2040 2096 quodam

358 2112 612 2172 affectum,
647 2127 759 2159 cum
793 2111 837 2158 is
873 2110 1185 2159 iureiurando
1219 2109 1516 2173 interposito
1538 2109 1836 2159 maleficium
1857 2112 2039 2160 infitia-

356 2196 437 2240 tus
483 2193 620 2239 esset
663 2205 827 2254 neque
871 2188 1018 2237 ullam
1069 2189 1273 2251 periurii
1304 2204 1514 2254 poenam
1549 2206 1577 2237 a
1612 2189 1707 2237 diis
1742 2191 2038 2256 accepisset,

357 2271 587 2334 coepisse
621 2269 740 2318 deos
766 2284 880 2316 esse
909 2284 1092 2333 negare
1115 2274 1262 2333 atque
1289 2269 1438 2318 etiam
1463 2285 1659 2318 carmen
1683 2271 2039 2334 composuisse,

358 2351 499 2400 cuius
532 2350 630 2398 hoc
666 2348 817 2397 fuerit
847 2349 1063 2397 initium:

486 2426 622 2479 κατὰ
655 2426 885 2492 δαίμονα
918 2425 1009 2478 καὶ
1041 2425 1205 2493 τύχην
1237 2427 1412 2478 πάντα
1444 2428 1675 2478 τελεῖται.

356 2509 610 2559 Inducitur
642 2510 702 2557 ab
727 2509 966 2573 Euripide
1002 2507 1185 2558 femina
1219 2526 1247 2556 a
1275 2510 1370 2557 diis
1404 2508 1782 2572 hominibusque
1805 2508 2040 2560 destituta

356 2595 407 2639 et
438 2590 629 2639 iniuriis
664 2605 760 2638 non
795 2590 956 2638 minus
991 2588 1299 2654 perfidorum
1332 2589 1600 2637 amicorum
1636 2604 1780 2652 quam
1815 2588 2033 2638 hostium

355 2670 759 2733 triumphantium
793 2670 1046 2733 exposita,
1091 2673 1148 2716 ut
1180 2669 1302 2717 nihil
1335 2684 1543 2733 usquam
1576 2668 1752 2732 refugii
1782 2669 1860 2718 vel
1892 2684 2036 2733 prae-

356 2750 471 2798 sidii
516 2749 735 2798 invenire
789 2764 942 2813 posse
985 2748 1241 2809 videatur,
1291 2765 1435 2812 quam
1468 2749 1764 2812 Talthybius
1810 2748 1863 2798 in
1903 2754 2036 2798 terra

356 2834 647 2894 prostratam
683 2829 872 2888 videns,
911 2819 952 2876 ὦ
990 2829 1112 2888 Ζεῦ,
1146 2829 1322 2892 inquit,

618 2905 668 2956 τί
698 2905 826 2969 λέξω
836 2928 857 2968 ,·
889 2907 1085 2973 πότερά
1117 2909 1164 2958 σ’
1198 2906 1523 2972 ἀνθρώπους
1556 2905 1718 2970 apaan,-

486 2984 521 3052 ἢ
558 2985 721 3048 δόξαν
754 2989 926 3048 ἄλλως
960 2988 1117 3055 τήνδε
1151 2991 1439 3055 κεκτῆσθαι
1471 2987 1643 3053 μάτην

487 3065 681 3132 ψευδῆ,
718 3067 1013 3129 δοκοῦντας
1048 3069 1322 3134 δαιμόνων
1357 3063 1492 3118 εἶναι
1523 3066 1693 3133 γένος,

482 3146 650 3212 τύχην
684 3145 742 3198 δὲ
774 3150 946 3200 πάντα
977 3150 1076 3201 τάν
1111 3151 1321 3217 βροτοῖς
1353 3146 1688 3207 {neemanim

409 3262 457 3316 ἧς)
487 3261 641 3305 Schol-
667 3258 794 3306 Ἐπεὶ
814 3262 1064 3323 Διαγόρας,
1091 3263 1275 3321 Μήλιος
1304 3261 1383 3317 ὦν,
1413 3260 1671 3320 διεβάλλετο
1695 3260 1758 3312 ὦς
1784 3260 2032 3316 θεομάχος,

493 3330 574 3375 καὶ
603 3329 687 3376 τὸν
715 3333 948 3392 Σωκράτη
977 3333 1027 3380 δὲ
1057 3334 1119 3386 αἱς
1146 3334 1293 3380 ἄθεον
1315 3331 1562 3391 διαβάλλει,
1591 3331 1669 3376 διὰ
1690 3332 1828 3376 τοῦτο
1848 3328 2035 3387 Μήλιον

495 3398 640 3445 αὐτὸν
669 3400 774 3460 ἔφη.

389 3472 466 3527 *ἢ
494 3472 625 3514 Diod.
651 3474 683 3515 1.
712 3475 743 3516 l.
