2176 3874
962 267 1085 328 363

188 427 268 473 tas
294 434 470 471 omnes
494 417 776 485 superabat.
810 414 1020 466 Dicendi
1042 413 1327 465 facultatem
1348 412 1603 479 Euripidis
1626 427 1869 462 summam

189 517 433 568 apparere
466 499 574 561 Dio,
605 504 662 549 ut
688 503 872 559 orator,
907 511 1208 562 magnopere
1230 494 1512 561 praedicat;
1559 494 1623 543 de
1650 493 1870 558 philoso-

190 582 309 649 phia
331 581 464 630 idem
492 596 556 629 ne
587 581 789 629 verbum
817 577 1029 641 quidem.
1077 576 1229 639 Atqui
1252 576 1364 640 plus
1394 576 1539 624 etiam
1565 575 1695 635 huic,
1727 590 1872 638 quam

191 664 276 724 illi,
310 663 371 711 ab
405 660 641 725 Euripide
674 661 908 709 tributum
949 655 1106 706 fuisse
1140 657 1290 705 facile
1324 661 1401 704 est
1433 656 1702 705 intellectu.
1749 654 1875 704 Nam

192 743 403 807 Ulysses
438 741 635 805 quidem
674 740 744 788 illi
776 739 944 787 studet
977 738 1103 785 adeo
1138 737 1434 801 sapiensque
1474 737 1648 785 haberi
1681 737 1750 784 ita
1773 735 1874 801 pri-

191 838 324 871 mum
361 837 474 870 esse
507 822 662 881 ducit,
698 826 752 869 ut
785 819 847 867 ad
882 817 1229 884 philosophiae
1264 817 1425 865 lucem
1462 817 1622 864 omnia
1657 820 1874 876 revocet,

194 901 258 950 ad
293 902 426 950 illius
462 906 728 967 praecepta
761 900 907 948 vitam
930 898 1073 963 plane
1108 899 1299 962 dirigat.
1370 897 1674 946 Philoctetes
1708 903 1876 946 autem

193 987 384 1032 tantum
418 999 483 1031 ex
517 981 828 1047 philosophia
861 980 1086 1028 utilitatis
1113 983 1407 1027 consecutus
1443 984 1537 1035 est,
1573 983 1627 1027 ut
1658 978 1877 1043 primum

194 1063 433 1112 maximas
468 1063 661 1110 divitias
698 1076 1018 1125 summosque
1052 1062 1286 1119 honores,
1334 1075 1362 1107 a
1398 1057 1632 1107 Troianis
1667 1058 1878 1118 oblatos,

193 1148 427 1207 tanquam
460 1143 633 1190 inanes
667 1157 828 1206 neque
863 1141 925 1188 ad
961 1141 1157 1189 beatam
1191 1140 1354 1188 ‘vitam
1404 1140 1670 1204 quidquam
1706 1138 1879 1187 confe-

193 1229 378 1281 rentes,
395 1227 709 1287 aspernetur,
730 1221 912 1270 deinde
940 1223 1088 1270 etiam
1113 1222 1276 1270 animo
1296 1221 1559 1284 imperare,
1575 1220 1880 1270 iracundiam

193 1304 463 1370 deponere,
487 1304 746 1366 ignoscere
770 1302 1058 1349 iniuriarum
1078 1300 1383 1362 auctoribus,
1405 1301 1671 1363 gratificari
1692 1300 1882 1366 patriae

192 1384 364 1434 odium
409 1398 552 1432 suum
601 1382 848 1430 didicerit.
920 1381 1034 1428 Hoc
1084 1385 1162 1428 est
1194 1380 1342 1441 illud,
1396 1386 1604 1445 propter
1650 1381 1783 1443 quod
1829 1380 1882 1429 in

194 1465 536 1515 mendicorum
572 1468 624 1512 et
657 1477 987 1527 pannosorum
1024 1476 1282 1509 numerum
1333 1461 1394 1509 ab
1430 1461 1764 1525 Aristophane
1797 1476 1884 1510 re-

193 1545 326 1594 latus
360 1551 454 1604 est,
493 1560 522 1591 a
557 1543 875 1592 mendicitate
910 1537 1270 1590 alienissimus!
1325 1541 1563 1590 Actorem
1597 1531 1796 1606 quoque
1831 1547 1885 1591 et

196 1624 487 1674 Diomedem
509 1624 735 1672 honestis
758 1623 1112 1688 generosisque
1150 1622 1368 1670 moribus
1396 1598 1686 1686 coflspicuos
1725 1621 1884 1676 fuisse

195 1705 515 1754 manifestum
536 1709 628 1754 est.
666 1704 998 1765 Quamobrem
1034 1704 1205 1759 miror,
1243 1702 1376 1765 quod
1403 1702 1510 1759 Dio,
1548 1720 1659 1751 cum
1687 1702 1883 1768 Sopho-

198 1786 291 1836 ciis
315 1801 638 1851 personarum
666 1785 1000 1842 severitatem,
1020 1783 1374 1848 ingenuitatem
1405 1785 1885 1848 generositatemque

197 1866 530 1932 praedicaret,
566 1865 630 1913 de
657 1864 897 1929 Euripide
930 1865 1105 1928 partim
1142 1868 1277 1912 tacet
1308 1865 1489 1929 partim
1519 1865 1679 1913 innuit
1714 1880 1788 1925 ea,
1824 1880 1886 1914 ex

196 1948 376 2011 quibus
412 1946 544 1994 illam
580 1945 776 1993 laudem
812 1945 1042 2009 personis
1077 1946 1181 1992 eius
1214 1944 1436 1992 abfuisse
1470 1945 1754 2008 suspiceris.

326 2027 558 2091 Magnam
594 2025 726 2089 apud
761 2024 986 2072 homines
1021 2025 1198 2073 doctos
1221 2024 1366 2073 huius
1397 2023 1592 2073 fabulae
1617 2025 1886 2074 auctorita-

195 2113 300 2158 tem
335 2105 491 2155 fuisse
523 2104 640 2153 inde
673 2108 899 2170 apparet,
935 2105 1068 2168 quod
1105 2104 1167 2151 ad
1204 2121 1311 2153 eam
1335 2105 1628 2169 saepissime
1647 2122 1888 2170 respexe-

194 2194 328 2250 runt,
363 2187 501 2236 velut
534 2185 847 2246 Aristoteles,
883 2185 1039 2245 Plato,
1074 2184 1388 2246 Plutarchus,
1424 2184 1619 2243 Cicero,
1657 2186 1888 2248 Quincti-

195 2269 374 2328 lianus,
412 2267 656 2331 Diogenes
703 2265 889 2323 Laert.‚
927 2265 1159 2314 Clemens
1195 2267 1366 2327 Alex.,
1402 2282 1610 2331 quorum
1647 2268 1887 2317 Aristote-

196 2350 306 2408 les,
354 2365 468 2397 cum
503 2352 661 2395 arteni.
696 2345 895 2394 dicendi
930 2347 1112 2394 docere
1144 2347 1458 2406 institueret,
1494 2354 1658 2396 motus
1696 2348 1887 2397 Isocra-

198 2430 265 2479 tis
298 2428 514 2478 rhetoris
547 2427 734 2490 gloria,
769 2442 918 2474 versu
951 2426 1040 2474 illo
1074 2427 1293 2491 paullum
1331 2428 1590 2476 immutato
1623 2444 1745 2478 usus
1781 2434 1889 2478 esta

332 2506 551 2574 αἰσχρὸν
584 2509 808 2566 σιωπᾶν,
837 2497 1144 2571 Ἰσοκράτην
1182 2505 1231 2557 δ’
1269 2504 1363 2558 ἐᾶν
1396 2505 1580 2573 λέγειν.

199 2590 367 2641 Attius
401 2605 520 2638 vero
554 2604 650 2637 non
688 2588 1145 2653 Sophoclis‘neque
1179 2589 1412 2653 Aeschyli
1448 2605 1592 2654 qnam
1634 2588 1888 2654 Euripidis

200 2671 534 2720 Philoctetem
590 2669 804 2718 theatris
864 2667 1197 2717 Romanorum
1254 2669 1632 2718 accommodare
1699 2669 1888 2732 maluit,

200 2768 328 2817 quae
362 2750 526 2799 versio
559 2766 656 2799 non
691 2750 852 2797 minus
887 2749 1137 2808 studiose,
1174 2765 1319 2813 quam
1354 2766 1583 2816 graecum
1622 2750 1890 2815 exemplar,

200 2832 532 2882 lectitabatur.
600 2830 667 2879 Et
702 2835 884 2894 quanto
903 2829 1209 2893 Aeschylum
1234 2830 1499 2896 Euripides
1526 2846 1694 2879 rerum
1720 2831 1891 2881 inven-

200 2917 364 2962 tarum
400 2911 735 2977 implicatione
771 2915 821 2959 et
854 2911 1138 2959 necessario
1174 2911 1388 2959 decursu
1425 2907 1683 2976 superarit,
1734 2911 1893 2975 quivis

201 2993 449 3059 intelligit.
530 2991 707 3056 Neque
739 2992 826 3040 ille
858 2998 1050 3040 temere
1084 3008 1165 3040 res
1200 2992 1504 3052 immutavit,
1554 2991 1643 3040 sed
1688 2992 1893 3041 retinuit

201 3089 527 3138 quaecunque
557 3073 759 3121 retineri
797 3077 1060 3137 potuerunt
1094 3072 1156 3121 ad
1191 3074 1487 3122 movendum
1523 3071 1892 3121 delectandum-

203 3170 301 3217 que
335 3160 462 3218 apta.
544 3153 670 3215 Quin
706 3155 851 3201 etiam
900 3154 1147 3216 integrum
1181 3170 1377 3202 versum
1415 3153 1685 3218 paullulum
1722 3168 1892 3203 corre-

205 3239 340 3283 ctum
374 3250 436 3282 ex
467 3234 719 3297 Aeschylo
757 3234 1020 3298 Euripides
1058 3234 1310 3298 adoptavit
1345 3234 1565 3282 huncce:

336 3312 654 3377 φαγέδαινα,
688 3311 722 3379 ἥ
756 3330 848 3377 μοι
882 3312 1080 3377 σάρκας
1115 3309 1280 3364 ἐσθίει,
1310 3313 1494 3373 ποδός,

206 3409 350 3456 quam
387 3396 761 3453 correctionem,
798 3402 850 3443 ut
885 3403 1084 3443 ornatus
1123 3396 1369 3445 commodi
1404 3394 1675 3460 exemplar,
1711 3394 1892 3443 merito

207 3471 375 3521 laudat
408 3474 702 3523 Aristoteles
736 3475 876 3524 Poet.
915 3474 1070 3537 XXlI,
1106 3478 1152 3524 ’1.
