2176 3874
1120 296 1243 354 37⁰

475 448 600 499 ἀνθ’
634 434 714 496 ὧν
747 443 937 509 ὄμματ’
971 438 1124 494 ἔλυσε
1153 442 1220 494 τὰ
1249 439 1524 508 Γοργόνος
1547 437 1740 493 ἐνθάδε
1763 443 2017 511 Περσεύς,

571 529 702 593 γυῖα
733 524 1126 591 λιθουργήσας,
1161 521 1320 590 ματρὶ
1352 522 1707 589 χαριζόμενος.

345 609 436 658 cui
477 607 687 656 Perseus
733 623 791 656 se
835 606 967 655 dicta
1011 606 1158 655 factis
1203 606 1610 655 confirmaturum
1657 622 1772 655 esse
1821 607 2018 671 praedi-

344 689 441 747 cit,
476 693 526 736 et
559 687 854 752 symbolam,
891 703 1036 751 quam
1069 690 1243 752 petere
1278 687 1442 734 iussus
1477 686 1561 745 sit,
1600 686 1662 734 ad
1696 686 1852 752 ipsius
1885 688 2018 754 regis

341 768 536 833 nuptias
570 767 887 816 celebrandas
919 767 1178 816 allaturum
1194 764 1262 828 *).
1312 765 1502 814 Deinde
1537 766 1706 815 obiicit
1737 766 1803 826 ei,
1839 768 2018 832 quibus

340 847 530 896 iniuriis
577 853 628 895 et
674 847 783 910 ipse
827 851 880 895 et
925 854 1084 895 mater
1130 851 1180 894 et
1214 845 1382 909 Dictys
1418 846 1623 895 libidine
1669 847 1775 895 eius
1809 847 2018 898 affectus

341 929 422 980 sit.
491 927 751 975 Postremo
794 928 978 975 amicos
1014 926 1146 990 regis
1180 932 1230 974 et
1275 926 1535 990 populares
1571 943 1741 976 omnes
1774 928 2019 992 hortatur,

341 1013 425 1065 ut,
471 1024 566 1072 qua
599 1006 699 1054 sint
730 1007 912 1056 virtute
945 1013 1092 1069 atque
1126 1007 1400 1070 probitate,
1444 1012 1705 1070 tyrannum
1741 1014 2018 1060 coerceant.

338 1087 480 1137 Talia
516 1086 646 1134 enim
679 1102 720 1133 a.
742 1085 926 1134 Perseo
960 1087 1089 1134 dicta
1139 1101 1252 1133 esse
1301 1102 1330 1134 e
1377 1088 1623 1135 contraria
1669 1089 1888 1138 oratione
1924 1088 2019 1138 Po-

340 1169 570 1233 lydectae
605 1166 932 1230 perspicitur,
971 1166 1107 1213 cuius
1154 1165 1434 1230 fragmenta
1468 1166 1587 1215 satis
1624 1166 1875 1219 luculenta
1907 1185 2018 1220 ser·

337 1253 450 1296 vata
482 1251 598 1295 sunt
629 1245 844 1293 haecce:

471 1328 576 1390 φεῦ
611 1326 742 1388 φεῦ,
778 1320 1003 1382 παλαιὸς
1038 1316 1191 1382 αἶνος
1223 1322 1295 1383 ὡς
1326 1325 1497 1385 καλῶς
1531 1320 1657 1392 ἔχει·

470 1404 570 1456 οὐκ
603 1402 671 1453 ἂν
702 1400 909 1468 γένοιτο
942 1403 1166 1470 χρηστὸς
1199 1401 1257 1455 ἐκ
1290 1408 1460 1456 κακοῦ
1494 1406 1716 1472 πατρός·

468 1566 685 1624 πολλοῖς
717 1562 982 1630 παρέστην
1011 1563 1336 1630 κάφθόνησα
1369 1563 1437 1632 δὴ
1471 1565 1682 1632 βροτῶν

471 1644 609 1706 ὄςτις
639 1649 886 1697 κακοῖσιν
919 1642 1108 1706 ἐσθλὸς
1142 1642 1220 1697 ὢν
1252 1644 1437 1710 ὅμοιος
1470 1641 1525 1713 ᾗ,

465 1726 643 1792 λόγων
676 1725 917 1792 ματαίων
950 1724 1023 1787 εἰς
1055 1725 1281 1792 ἅμιλλαν
1314 1724 1491 1789 ἐξιών·

467 1803 528 1858 τὸ
562 1806 610 1858 δ’
644 1800 714 1874 ἦν
746 1809 832 1872 ἄρ’
868 1807 969 1860 οὐκ
1001 1807 1268 1859 ἀκουστὸν
1300 1806 1417 1859 οὐδ’
1452 1806 1757 1874 ἀνασχετόν,

468 1893 623 1953 σιγᾶν
656 1887 890 1940 κλύοντα
923 1888 1071 1941 δεινὰ
1104 1888 1239 1955 πρὸς
1269 1888 1554 1941 κακιόνων.

473 1969 517 2020 εἰ
545 1969 593 2020 δ’
627 1963 773 2035 ἦσθα
806 1966 878 2035 μὴ
911 1969 1184 2032 κάκιστος,
1217 1971 1400 2021 οὔποτ’
1435 1968 1504 2020 ἂν
1535 1970 1693 2021 πόλιν

467 2048 567 2116 τὴν
600 2047 702 2116 σὴν
734 2049 925 2111 ἀτίζων
956 2050 1105 2116 τήνδ’
1141 2048 1209 2100 ἂν
1241 2049 1473 2114 εύλόγεις
1504 2049 1728 2114 πάτραν,

468 2129 540 2189 ὥς
573 2125 631 2179 ἔν
662 2132 711 2195 γ’
748 2126 863 2195 ἐμοὶ
894 2129 1114 2194 κρίνοιτ’
1149 2128 1216 2180 ἂν
1250 2130 1317 2181 οὐ
1351 2131 1526 2191 καλῶς
1561 2132 1786 2197 φρονεῖν

468 2207 606 2270 ὅςτις
634 2208 881 2274 πατρῴας
912 2212 1012 2277 γῆς
1045 2209 1311 2275 ἀτιμάζων
1345 2209 1511 2273 ὅρους

466 2291 629 2356 ἀλλην
663 2287 867 2341 ἐπαινεῖ
895 2289 985 2341 καὶ
1016 2291 1291 2355 τρόποισιν
1323 2290 1518 2359 ἣδεται.

336 2370 598 2420 Praeterea
625 2373 818 2429 obiicit,
864 2374 1024 2435 quod,
1072 2389 1220 2437 quum
1255 2374 1321 2421 sit
1353 2374 1636 2422 etiamnunc
1669 2371 2016 2424 adolescentu-

335 2452 440 2511 lus,
488 2452 637 2500 nimia
684 2452 761 2500 sui
794 2453 1025 2516 opinione
1072 2452 1251 2501 ductus
1302 2452 1508 2519 gloriam
1543 2454 1633 2502 sibi
1667 2458 1866 2519 arroget
1898 2454 2017 2503 reli-

336 2547 557 2603 quorum⁴
589 2531 795 2581 virtutes
841 2531 985 2596 longe
1020 2540 1353 2597 superantem.
1432 2533 1574 2583 Haec
1619 2534 1800 2584 deinde
1833 2552 1862 2585 a
1894 2534 2017 2585 Per-

337 2627 423 2660 seo
456 2610 765 2660 refutantur:

463 2689 788 2755 τυραννικόν
820 2709 870 2742 τι
901 2689 1050 2742 πόλλ’
1086 2689 1400 2762 ἐπίστασθαι
1430 2691 1603 2759 λέγειν

467 2800 528 2808 -
666 2799 1520 2810 ——-—-—·——-

464 2849 613 2913 νέος,
648 2851 834 2910 πόνοις
867 2849 925 2902 δέ
958 2850 1008 2918 γ’
1044 2852 1145 2904 ούκ
1177 2835 1512 2919 ἀγύμναστος
1545 2850 1761 2919 φρένας.

465 3009 539 3070 εἰς
573 3009 621 3061 δ’
656 3009 923 3077 εὐγένειαν
956 3011 1086 3078 ὀλίγ’
1123 3010 1220 3080 ἔχω
1256 3014 1457 3080 φράσαι
1490 3012 1647 3063 καλά·

468 3088 498 3141 ὁ
531 3089 629 3155 μὲν
660 3090 762 3156 γὰρ
797 3087 987 3152 ἐσθλὸς
1021 3093 1235 3162 εὐγενὴς
1269 3094 1435 3160 ἔμοιγ’
1471 3092 1623 3160 ἀνήρ,

467 3170 499 3222 ὅ
533 3171 582 3222 δ’
617 3171 683 3222 οὐ
718 3171 952 3234 δίκαιος,
984 3172 1086 3225 κᾶν
1108 3174 1398 3244 ,ἀμείνονος
1429 3174 1629 3238 πατρὸς

471 3253 644 3318 Ζηνὸς
675 3252 905 3320 πεφύκῃ,
941 3253 1196 3324 δυςγενὴς
1229 3250 1367 3308 εἶναι.
1399 3255 1559 3308 δοκεῖ.

466 3360 533 3369 --
664 3361 728 3372 ,-.
863 3362 925 3370 --
1060 3363 1123 3372 —
1256 3366 1323 3374 ..—.
1456 3366 1514 3375 ——

401 3498 451 3553 >Τ’)
480 3498 612 3543 Ovid.
641 3501 672 3542 1.
702 3501 762 3543 1.=
793 3499 1043 3554 „Dabimus
1070 3502 1153 3546 tibi
1182 3503 1372 3561 pignora
1399 3501 1541 3546 veri.’'
