2144 3854
1091 311 1214 369 3⁰4

444 456 583 523 μηδ’,
618 456 687 506 ἄν
719 471 770 507 τι
803 455 985 522 συμβῇ
1019 454 1275 523 δυςχερές,
1311 453 1513 508 δουλοῦ
1549 455 1727 522 πάλιν,

444 537 556 587 ἄλλ’
590 535 751 597 αὐτὸς
785 534 886 587 αἰεὶ
919 535 1090 603 μίμνε,
1123 534 1221 604 τὴν
1254 541 1459 588 σαυτοῦ
1493 536 1660 602 φύσιν

443 616 628 678 σώζων,
659 616 901 683 βεβαίως,
938 614 1062 678 ὥςτε
1093 617 1289 684 χρυσὸς
1322 615 1379 669 ἐν
1413 617 1560 684 πυρί.

445 697 560 747 Fuit
591 699 688 748 hoc
723 699 892 748 drama
926 716 985 748 ex
1018 715 1198 762 genere
1222 716 1409 760 eorum,
1443 692 1577 764 quae‘
1594 698 1848 764 implicata
1867 699 1983 749 κατ’

310 772 494 842 ἐξοχὴν
527 779 787 844 appellavit
820 779 1140 841 Aristoteles,
1174 797 1380 844 quorum
1417 784 1715 829 structuram
1750 777 1983 844 deperdi-

309 863 473 907 torum
522 874 584 906 ex
632 858 918 924 fragmentis
965 859 1256 924 indiciisque
1303 858 1813 922 coniectura-assequi
1848 858 1982 906 diffi-

311 938 539 986 cillimum
576 943 664 987 est.
749 938 978 986 Ceterum
1026 939 1272 1003 Euripidis
1308 940 1552 1004 ingenium
1587 939 1636 986 in
1669 939 1767 987 hoc
1800 953 1983 1001 genere

308 1018 521 1065 maxime
566 1018 780 1081 viguisse
828 1034 889 1066 cx
935 1018 1065 1066 Ionis
1114 1019 1280 1082 sabula
1323 1019 1629 1081 inteiligitur.
1715 1017 1983 1067 Praeterea

307 1097 457 1146 etiam
492 1104 677 1146 morata
714 1098 912 1161 egregie
963 1097 1059 1146 suit
1104 1089 1229 1148 haec
1273 1099 1441 1147 fabula
1486 1115 1653 1147 senem
1703 1095 1982 1147 exhibendo

308 1183 520 1234 cautum,
554 1176 930 1225 formidolosum
967 1183 1117 1241 atque
1150 1180 1295 1228 etiam
1329 1179 1568 1238 uxorium,
1603 1177 1862 1227 mulierem
1885 1176 1980 1225 im-

305 1261 559 1322 potentem
596 1261 647 1304 et
679 1257 740 1304 ad
776 1257 963 1320 quidvis
997 1257 1272 1307 audendum
1321 1274 1553 1323 pronam,
1600 1258 1827 1306 iuvenem
1873 1255 1981 1322 glo-

304 1336 410 1384 riae
445 1335 691 1399 cupidum,
729 1337 790 1384 ad
825 1336 1009 1400 optima
1043 1337 1267 1401 exempla
1299 1339 1445 1387 vitam
1480 1351 1980 1401 moresquecompo-

305 1420 522 1472 nentem,
558 1431 717 1479 neque
751 1416 911 1465 minus
947 1417 1152 1465 consilio
1187 1417 1480 1482 prudentem
1517 1434 1660 1481 quam
1694 1431 1840 1465 manu
1872 1414 1978 1464 for-

305 1499 405 1543 tem
433 1494 565 1543 etad
595 1495 820 1559 pericula
854 1497 1107 1548 subeunda
1142 1503 1407 1562 promtum.
1475 1496 1623 1546 Unde
1654 1511 1751 1546 non
1784 1493 1978 1544 vilissi-

302 1589 494 1624 marum
528 1574 802 1625 fabularum
838 1591 1045 1627 numero
1078 1578 1301 1640 Aegeum
1335 1576 1495 1626 fuisse
1528 1575 1769 1641 suspicari
1800 1574 1933 1624 licet.

703 1955 768 2010 C.
845 1957 1570 2013 Heraclidae.

435 2096 731 2148 Marathone
775 2099 826 2149 in
870 2098 1192 2166 Tetrapolide
1216 2100 1266 2165 *)
1314 2118 1461 2150 scena
1511 2096 1745 2149 dramatis
1791 2093 1975 2145 consti-

301 2177 482 2238 tuitur3
515 2185 914 2242 repraesentatur
948 2182 1185 2245 templum
1217 2182 1337 2230 lovis
1360 2179 1592 2229 Forensis
1625 2174 1975 2242 (Αγοραίου);

299 2258 665 2321 conspiciuntur
698 2258 788 2307 filii
825 2259 1054 2309 Herculis
1089 2268 1252 2310 aetate
1286 2262 1499 2309 minores
1533 2260 1583 2306 in
1606 2274 1689 2306 ara
1708 2255 1823 2307 ante
1846 2260 1976 2305 tem-

298 2337 434 2401 plum
471 2337 726 2399 collocati,
760 2339 910 2388 ramis
946 2341 1120 2399 olivae,
1159 2357 1281 2405 quos
1319 2356 1489 2389 secum
1524 2339 1774 2398 tulerunt,
1808 2337 1857 2386 in
1890 2351 1976 2385 ara

298 2416 553 2481 depositiS‚
587 2417 814 2481 interque
849 2434 933 2466 eos
968 2419 1146 2480 Iolaus!
1183 2420 1417 2469 Herculis
1453 2418 1696 2483 quondam
1731 2431 1897 2466 comes
1925 2420 1977 2465 et

296 2495 517 2545 laborum
553 2498 748 2558 socius,
799 2514 927 2546 nunc
959 2499 1227 2548 liberorum
1263 2500 1482 2547 eiusdem
1519 2504 1666 2547 tutor.
1730 2496 1786 2546 In
1819 2510 1974 2561 pene-

297 2575 504 2625 tralibus
540 2578 715 2643 templi
746 2578 919 2627 eadem
954 2579 1145 2628 ratione
1179 2579 1310 2628 filiae
1342 2578 1576 2628 Herculis
1613 2593 1724 2626 cum
1759 2577 1860 2624 avia
1888 2576 1973 2624 Al-

298 2671 470 2704 cmena
515 2658 761 2722 supplices
807 2659 867 2706 ad
904 2675 1039 2707 aram
1075 2660 1360 2708 consedisse
1394 2659 1659 2724 finguntur.
1727 2655 1973 2720 Exagitati

296 2751 324 2784 a
358 2741 532 2785 cuncta
569 2736 781 2786 Graecia
815 2738 1126 2800 Heraclidae,
1163 2755 1311 2802 quum
1346 2747 1554 2804 propter
1577 2735 1846 2802 Eurysthei
1880 2751 1973 2799 po-

295 2816 496 2864 tentiam
530 2816 786 2881 minasque
819 2818 951 2867 nulia
986 2820 1154 2867 civitas
1191 2835 1276 2868 eos
1310 2820 1537 2882 recipere
1567 2817 1788 2876 auderet,
1823 2831 1973 2878 repu-

293 2895 416 2943 diati
453 2911 610 2960 nuper
643 2913 671 2944 a
706 2896 1013 2958 Trachiam,
1060 2900 1109 2948 in
1159 2899 1254 2947 hoc
1290 2898 1519 2946 Herculis
1552 2891 1766 2958 τέμενος
1799 2894 1972 2943 confu-

292 2980 470 3039 gerunt
490 2972 599 3037 **),
648 2976 766 3025 freti
814 2982 866 3025 et
912 2978 1202 3042 cognatione
1244 2984 1294 3027 et
1327 2979 1561 3035 amicitia,
1613 2991 1708 3040 qua
1741 2974 1971 3024 Theseus

292 3052 638 3118 Herculesque
682 3058 928 3106 coniuncti
980 3057 1196 3109 fuerunt.
1276 3058 1469 3108 Abesse
1526 3056 1729 3123 fingitur
1777 3052 1971 3118 'Hyllus

364 3221 410 3276 *)
440 3222 604 3264 strabo
634 3223 748 3265 vm.
780 3239 825 3279 p.
854 3223 954 3267 383.
986 3225 1115 3267 docet
1153 3221 1413 3278 Tetrapolin
1442 3225 1619 3277 partem
1665 3205 1837 3265 Atticae
1879 3223 1972 3263 ter-

432 3305 512 3334 rae
542 3292 706 3335 dictam
735 3294 875 3336 fuisse
906 3307 1033 3349 eam,
1078 3308 1192 3349 quae
1222 3294 1400 3337 Oenoen
1420 3325 1431 3347 ,
1471 3292 1768 3343 Marathona,
1797 3289 1970 3333 Proba-

433 3361 625 3405 linthum
654 3368 698 3405 et
724 3364 1023 3420 Tricorython
1054 3365 1308 3407 contineret.

335 3433 402 3488 *Ἴ
431 3433 581 3489 Eurip.
613 3434 748 3475 Herc.
780 3434 867 3476 fur.
893 3434 1016 3477 1329.
1048 3435 1229 3478 Diodor.
1260 3433 1350 3477 Sic.
1379 3432 1451 3482 IV,
1477 3431 1548 3474 57.
1569 3432 1723 3477 Schol.
1746 3429 1856 3481 (led.
1871 3429 1968 3473 Col.

430 3502 528 3550 701.
558 3503 749 3561 Longin.
780 3504 949 3561 fragm.
978 3505 1089 3548 vm.
1118 3520 1163 3560 p.
1196 3501 1266 3548 85.
1295 3502 1365 3546 ed.
1395 3502 1568 3560 Egger.
