2176 3874
1075 289 1198 348 534

294 445 349 490 ut
381 441 429 489 in
462 439 559 487 hoc
593 438 844 488 cardinem
890 438 1008 502 poni
1055 454 1222 488 rerum
1257 444 1504 505 appareat.
1572 439 1778 491 Maioris
1811 447 1977 494 autem

294 520 533 568 momenti
576 519 670 568 fuit
713 519 945 582 Polydori
980 535 1100 578 nex,
1147 520 1330 585 quippe
1364 536 1462 584 quo
1498 523 1765 587 superstite
1799 522 1979 574 Troia·

292 616 409 648 num
445 615 650 663 regnum
684 599 947 647 restaurari
990 600 1267 664 potuisset3
1314 617 1485 667 regem
1519 618 1638 652 vero
1671 604 1848 667 opibus
1883 605 1978 654 flo-

291 685 482 727 rentem
535 684 587 728 et
633 678 844 727 amicitia
893 680 1139 728 exercitus
1184 681 1386 729 victoris
1422 683 1664 732 munitum
1712 683 1762 733 in
1806 685 1979 749 perni-

294 759 421 806 ciem
465 759 809 824 praecipitari,
863 765 915 808 et
950 761 1010 808 ab
1046 760 1233 810 imbelli
1267 762 1532 812 mulierum
1568 768 1763 812 caterva
1797 765 1976 829 perfici

292 839 426 902 quod
459 840 540 887 vix
574 840 738 903 magni
768 841 1014 889 exercitus
1050 842 1295 906 perficere
1347 843 1568 907 possint,
1623 859 1855 909 magnum
1902 850 1980 895 est

294 923 344 966 et
378 920 557 967 summi
600 925 781 984 poetae
826 922 992 970 studio
1038 921 1254 986 dignum.
1337 923 1508 985 ltaque
1563 923 1980 988 quemadmodum

290 998 340 1048 in
373 998 565 1049 Thesei
597 1000 784 1059 fabula,
819 1017 963 1064 quam
993 1017 1089 1050 una
1122 1018 1233 1051 cum
1262 1002 1502 1052 Hecubae
1533 1009 1694 1053 actam
1719 1020 1832 1054 etse
1860 1021 1980 1055 cou-

292 1078 422 1140 iicio,
447 1095 544 1129 non
568 1081 616 1129 in
644 1081 886 1130 Ariadnae
913 1097 1080 1130 amore
1102 1087 1185 1130 aut
1206 1082 1492 1143 infortunio,
1528 1084 1617 1133 sed
1646 1084 1699 1133 in
1726 1085 1979 1135 sceleroso

290 1158 492 1209 homine
541 1161 790 1226 puniendo
840 1161 1125 1226 populoque
1178 1162 1555 1212 Atheniensium
1605 1181 1633 1212 a
1679 1166 1978 1215 contumelia

291 1237 547 1289 liberando
582 1242 732 1289 cardo
766 1257 933 1289 rerum
965 1242 1205 1303 vertitur,
1250 1242 1320 1291 ita
1353 1258 1417 1292 ne
1448 1244 1497 1291 in
1532 1242 1742 1293 Hecuba
1774 1244 1978 1308 quidem
2028 1286 2034 1293 x

291 1333 425 1366 mors
470 1321 699 1383 virginis,
749 1321 969 1385 quamvis
1016 1322 1252 1383 eximiae,
1312 1322 1403 1371 sed
1449 1323 1631 1388 perfidi
1677 1325 1812 1390 regis
1858 1340 1979 1389 sup-

291 1397 522 1461 plicium,
576 1402 708 1465 quod
762 1401 903 1466 quasi
946 1400 1156 1451 inferiae
1202 1402 1479 1453 interfectis
1529 1403 1784 1465 obfertur,
1837 1419 1980 1455 sum-

290 1493 420 1528 mam
455 1495 622 1530 rerum
656 1482 873 1546 finisque
909 1486 1001 1532 est.

454 1818 524 1873 B.
610 1821 1006 1877 Alcmene
1070 1821 1249 1876 sive
1314 1821 1813 1896 Licymnius.

421 1964 688 2016 Alcmenae
722 1966 920 2016 fabulae
954 1982 1165 2027 nomen,
1204 1983 1232 2015 a
1266 1965 1474 2028 Plauto,
1521 1965 1768 2029 Stobaeo‚
1813 1966 1981 2032 Hesy-

291 2043 435 2106 chio,
484 2046 690 2095 Polluce
725 2052 776 2095 et
811 2047 1078 2095 scholiasta
1109 2046 1460 2111 Aristophanis
1496 2048 1763 2108 traditum,
1810 2047 1862 2096 in
1896 2047 1983 2097 Al-

287 2125 415 2174 bano
452 2131 706 2189 spectatae
739 2126 861 2174 fidei
895 2131 1214 2174 monumento
1249 2127 1487 2174 omissum
1524 2132 1626 2185 est,
1673 2125 1820 2193 unde·
1854 2126 1983 2174 alte·

288 2222 400 2255 rum
437 2206 602 2254 eidem
635 2221 817 2254 nomen
864 2205 1021 2254 fuisse
1066 2205 1360 2255 Welckerus
1413 2211 1554 2254 recte
1601 2204 1841 2265 coniecit,
1890 2204 1982 2253 sed

287 2286 421 2334 idem
459 2301 570 2333 cum
605 2285 1017 2350 Rhadamanthye
1053 2301 1163 2334 eam
1199 2287 1501 2348 coniungens
1537 2300 1736 2333 errasse
1769 2283 1981 2333 videtur.

288 2364 520 2428 Spuriam
568 2365 697 2413 enim
744 2365 879 2413 illam
924 2366 1233 2427 tragoediam
1269 2370 1322 2414 et
1358 2381 1452 2429 per
1486 2379 1706 2413 errorem
1750 2361 1983 2428 Euripidi

288 2445 589 2509 adscriptam
625 2444 784 2493 fuisse
829 2450 1003 2493 auctor
1035 2446 1194 2507 vitae,
1245 2461 1373 2509 quae
1410 2448 1487 2493 est
1519 2443 1569 2492 in
1604 2443 1716 2494 cod.
1747 2442 1980 2512 Mediol.,

287 2528 499 2573 testatur
516 2541 532 2585 3
569 2524 859 2573 Alcmenam
889 2530 1064 2574 contra
1096 2541 1188 2589 pro
1222 2525 1432 2591 genuina
1456 2523 1675 2572 habitam
1701 2538 1815 2572 esse
1840 2522 1983 2577 testi-

287 2605 403 2665 bus,
454 2620 578 2668 quos
628 2605 872 2666 diximus,
922 2607 1224 2654 credendum
1273 2609 1364 2654 est.
1442 2602 1735 2668 Coniugium
1781 2603 1982 2675 quidem

287 2684 554 2733 Alcmenae
580 2690 729 2748 atque
742 2685 1171 2751 Rhadamanthyis
1197 2687 1636 2735 commemoratum
1660 2683 1720 2732 ab
1741 2680 1983 2749 Euripide

288 2763 447 2812 fuisse
472 2780 564 2828 pro
599 2770 739 2814 certo
773 2765 1026 2816 affirmare
1058 2766 1177 2816 licet
1211 2771 1492 2830 propterea,
1529 2762 1661 2827 quod
1693 2764 1743 2812 in
1779 2762 1979 2828 anagly-

288 2844 402 2907 phis
428 2843 705 2908 Cyzicenis,
739 2862 948 2909 quorum
983 2852 1156 2896 auctor
1187 2861 1347 2912 paene
1369 2845 1552 2909 ubique
1578 2843 1871 2908 Euripidem
1902 2857 1982 2891 se-

288 2927 434 2972 cutus
465 2930 569 2983 est,
615 2925 863 2975 Hercules
910 2931 1121 2976 matrem
1167 2927 1219 2976 in
1254 2941 1455 2990 campos
1500 2923 1733 2988 ElysioS,
1779 2922 1981 2972 Rhada—

287 3005 510 3068 manthyi
567 3010 860 3069 nupturam,
909 3008 1160 3056 abducens
1208 3006 1552 3056 exhibebatur.
1630 3001 1821 3054 Verum
1870 3017 1982 3051 eam

287 3085 547 3133 materiam
581 3101 678 3133 non
714 3087 809 3135 toti
843 3088 1125 3150 tragoediae
1161 3085 1476 3146 formandae,
1519 3082 1610 3133 sed
1645 3082 1802 3132 exitui
1835 3081 1981 3131 dum-

287 3168 427 3213 taxat
459 3167 784 3228 temperando
818 3172 982 3232 aptam
1018 3165 1189 3233 fuisset
1209 3167 1410 3232 planum
1445 3169 1537 3214 est.
1852 3212 1854 3215 ,

340 3286 347 3291 ,
421 3244 657 3293 Profecto
703 3261 798 3295 non
858 3252 1127 3311 potuerunt
1169 3247 1298 3295 vitae
1346 3260 1489 3294 casus
1534 3243 1831 3300 Alcmenae,
1879 3241 1977 3291 nisi

289 3329 374 3373 aut
418 3341 531 3374 cum
577 3325 809 3374 Herculis
855 3331 942 3375 aut
990 3343 1102 3375 cum
1147 3325 1526 3376 Heraclidarum
1558 3322 1678 3371 fatis
1714 3322 1980 3386 coniunge-

288 3408 484 3464 rentur,
530 3406 592 3453 ad
637 3405 955 3455 efficiendam
998 3406 1147 3455 ullam
1181 3405 1482 3470 tragoediam
1517 3402 1773 3452 sufficere.
1842 3401 1979 3474 Idem

287 3484 336 3532 in
379 3484 700 3550 Licymnium
737 3487 893 3549 cadit,
940 3487 1080 3536 cuius
1126 3502 1305 3537 nomen
1351 3484 1436 3536 uni
1479 3483 1736 3548 Euripidis
1781 3487 1979 3548 tragoe—
