2144 3854
1168 295 1291 352 334

406 445 580 498 cundia
613 442 732 492 deos
765 440 1079 491 iurisiurandi
1111 446 1265 491 testes
1299 443 1938 508 pactorumqne=praesides
1969 446 2063 496 im-

403 528 586 591 plorat,
631 528 686 571 ut
731 522 810 570 his
844 521 1044 570 vocibus
1078 537 1170 586 per
1202 521 1424 586 duplices
1458 522 1652 570 aedium
1678 527 1851 586 portas
1882 525 2062 580 auditis

402 605 631 654 mulieres
666 601 950 650 Corinthiae
984 602 1263 662 acciuntur,
1308 617 1434 665 quae
1485 606 1691 666 propter
1723 617 1922 652 saevum
1953 619 2063 653 mu·-

402 684 538 733 lieris
571 681 817 746 ingenium
853 687 905 730 et
938 682 1264 746 praefractam
1298 688 1517 730 naturam
1568 697 1666 730 non
1713 682 1874 731 minus
1914 699 2062 748 quam

400 763 587 820 nutrix,
635 777 698 810 ne
739 762 916 827 insigni
963 761 1124 826 aliquo
1157 763 1377 810 facinore
1410 762 1530 808 iram
1577 762 1768 826 expiet,
1818 769 2063 813 verentur.

398 842 602 903 Tamen,
638 841 850 905 mitigari
880 841 1118 890 ferociam
1154 843 1258 890 eius
1278 842 1580 890 sermonibus
1614 857 1760 906 posse
1788 848 2065 907 sperantes,

398 922 573 972 nutrici
606 922 927 986 persuadent,
974 927 1030 970 ut
1063 938 1198 981 eam,
1251 922 1532 986 priusquam
1568 922 1681 970 mali
1714 921 1895 985 aliquid
1929 922 2062 970 intus

397 1002 651 1069 perficiat,
699 1017 905 1050 evocare
953 1007 1003 1048 et
1046 1001 1095 1050 in
1146 1001 1440 1064 colloquium
1477 1017 1616 1049 suum
1651 1002 1900 1051 adducere
1933 1000 2064 1050 omni

397 1097 546 1146 opera
582 1080 791 1130 studeat.
857 1081 949 1128 His
985 1081 1141 1145 prima
1174 1097 1288 1145 pars
1323 1081 1633 1145 tragoediae,
1686 1097 1813 1145 quae
1846 1081 2064 1132 continet

396 1162 651 1228 prologum
687 1177 797 1209 cum
829 1160 1047 1225 parodo,
1095 1161 1387 1220 absolvitur,
1436 1177 1530 1225 qua
1561 1167 1793 1224 tanquam
1826 1160 2062 1210 orationis

396 1241 596 1291 exordio
613 1240 901 1304 magnifico,
929 1247 982 1288 ut
1004 1241 1180 1289 attenti
1206 1242 1530 1306 suspensique
1552 1246 1859 1307 spectatores
1877 1240 2061 1291 redde-

396 1328 601 1381 rentur,
666 1319 899 1368 effectum
951 1326 1041 1369 est.
1121 1319 1174 1368 ln
1226 1320 1322 1368 hoc
1372 1321 1521 1385 igitur
1578 1321 1717 1385 quasi
1765 1320 2061 1370 vestibulum

396 1400 631 1449 dramatis
665 1399 903 1448 intrantes
939 1401 1105 1448 statim
1150 1400 1466 1449 admiratione
1499 1416 1798 1466 occupamur
1830 1406 2061 1466 tantaque

395 1497 587 1541 rerum,
640 1495 764 1543 quae
803 1486 1071 1528 eventurae
1105 1483 1246 1538 sunt,
1290 1480 1660 1543 exspectatione
1696 1494 2059 1547 praeparamur,

395 1566 447 1608 ut
480 1560 760 1608 necessario
803 1559 985 1623 patrari
1031 1558 1218 1606 scelera
1252 1559 1474 1622 quamvis
1507 1559 1739 1609 immania
1772 1566 1826 1610 et
1858 1566 2061 1610 naturae

392 1640 633 1689 humanae
666 1639 907 1687 contraria
940 1638 1282 1704 intelligamus.

525 1719 684 1782 Quum
720 1719 770 1767 in
803 1718 992 1767 medias
1025 1734 1105 1767 res
1138 1733 1234 1767 non
1269 1719 1428 1768 minus
1460 1718 1732 1782 tragoedia,
1766 1735 1909 1783 qnam
1940 1719 2061 1770 reli-

393 1816 490 1864 qua
523 1804 771 1864 poemata,
822 1815 919 1862 quo
953 1798 1166 1862 quidque
1209 1805 1290 1847 est
1333 1800 1837 1862 praestantissimum,
1881 1814 2062 1867 rapere

393 1880 575 1939 soleat,
625 1880 733 1928 fere
765 1879 946 1943 insigni
990 1879 1148 1941 aliquo
1192 1878 1459 1928 infortunio
1503 1880 1731 1944 oppressi
1774 1882 2062 1945 magnisque

392 1961 531 2010 malis
559 1960 879 2008 circumventi
911 1959 1133 2007 homines
1172 1960 1338 2007 statim
1373 1959 1514 2007 initio
1553 1960 1864 2010 inducuntur.
1898 1961 2060 2024 ‘Quae

392 2040 517 2090 mala
552 2047 809 2103 postquam
843 2038 1048 2102 prologo
1083 2044 1197 2086 sunt
1230 2039 1476 2102 exposita,
1525 2039 1737 2104 parodus
1770 2042 2060 2105 saepissime

393 2119 575 2169 doloris
610 2134 809 2178 eorum,
843 2118 926 2180 qui
960 2117 1009 2165 in
1042 2117 1146 2164 illis
1170 2117 1314 2164 malis
1346 2125 1628 2179 versantur,
1676 2120 2057 2172 declarationem

390 2201 609 2249 continet
641 2198 884 2261 simulque
919 2197 1066 2246 studii
1097 2197 1499 2262 significationem
1535 2214 1723 2262 eorum,
1757 2201 1844 2264 qui
1876 2201 2058 2252 velru-

389 2294 528 2328 more
560 2278 638 2326 vel
673 2279 884 2326 clamore
915 2277 991 2326 vel
1040 2277 1130 2326 alia
1180 2293 1351 2326 caussa
1394 2279 1542 2327 acciti
1575 2281 1752 2329 adesse
1779 2280 2057 2331 laboranti-

389 2361 481 2409 bus
516 2359 886 2408 constituerunt.
954 2357 1071 2406 Post
1112 2358 1237 2407 haec
1286 2373 1382 2407 non
1428 2358 1585 2407 minus
1620 2366 1758 2409 certo
1793 2361 1968 2411 ordine
1999 2361 2055 2421 ii,

391 2454 596 2504 quorum
630 2439 855 2486 lamentis
889 2439 1076 2486 accitus
1111 2446 1187 2486 est
1221 2437 1419 2496 chorus,
1456 2454 1675 2488 caussam
1713 2440 1936 2490 dolorum
1971 2441 2054 2491 fu-

389 2519 492 2568 sius
528 2533 776 2582 exponere
823 2523 872 2566 et
906 2518 1055 2566 sortis
1089 2534 1207 2566 suae
1240 2518 1548 2581 iniquitatem
1582 2519 1802 2585 longiore
1834 2522 2054 2570 oratione

388 2599 651 2648 ostendere
674 2597 850 2646 solent.
918 2597 1024 2659 Qua
1053 2598 1104 2646 in
1127 2614 1182 2645 re
1200 2613 1296 2645 non
1323 2604 1401 2646 est
1423 2600 1711 2659 mirandum,
1745 2601 1875 2663 quod
1902 2613 2054 2666 saepe

387 2678 563 2737 iidem,
612 2677 698 2740 qui
742 2677 888 2725 modo
933 2677 1252 2726 vehementer
1284 2678 1536 2726 concitatis
1570 2679 1740 2727 animis
1774 2680 2052 2729 tumultuati

388 2763 526 2819 sunt,
572 2757 733 2806 subito
781 2757 942 2805 sedati
985 2758 1285 2821 mitigatique
1333 2758 1697 2822 conspiciuntur
1739 2764 1789 2807 et
1838 2761 2051 2824 cogitate

390 2837 795 2901 considerateque
838 2853 935 2886 non
978 2838 1133 2885 solum
1181 2837 1256 2885 de·
1288 2853 1482 2886 suarum
1529 2852 1694 2886 rerum
1738 2843 1899 2901 statu,
1958 2841 2053 2890 sed·

387 2919 532 2967 etiam
580 2918 645 2966 de
692 2917 931 2965 universis
975 2918 1123 2966 rebus
1177 2917 1398 2965 humanis
1453 2922 1723 2980 naturaque
1767 2918 2046 2968 mortalium

384 2996 652 3045 disserunt.
738 2995 956 3044 Primum
1003 2998 1131 3046 enim
1177 3003 1452 3062 temporum
1498 2996 1751 3045 intervalla
1797 2998 1890 3045 alia
1934 3004 2049 3047 sunt

386 3091 583 3138 scenae,
618 3075 711 3122 alia
745 3076 977 3124 veritatis.
1045 3077 1233 3125 Deinde
1264 3078 1387 3125 haec
1421 3082 1497 3125 est
1529 3082 1700 3125 natura
1735 3075 1940 3137 doloris,
1973 3083 2046 3138 ut,

386 3157 547 3220 primo
581 3155 687 3203 eius
721 3155 906 3218 impetu
941 3155 1140 3218 sedato,
1186 3156 1410 3205 homines
1445 3171 1471 3202 a
1507 3162 1707 3220 stupore
1739 3161 1794 3208 et-
1819 3156 2045 3206 lamentis

387 3235 450 3284 ad
482 3234 851 3283 meditationem
899 3239 1172 3295 transeant,
1220 3241 1393 3299 atque,
1437 3234 1630 3283 etiamsi
1676 3239 1814 3284 antea
1855 3236 2046 3286 nonnisi

387 3314 610 3380 proxima
642 3328 865 3377 quaeque
898 3314 1211 3376 attenderint,
1242 3317 1339 3364 iam
1370 3315 1663 3364 remotiores
1697 3329 1871 3368 rerum,
1896 3330 2045 3364 caus-

389 3410 469 3445 sas
501 3393 810 3459 investigent,
845 3393 940 3442 hoc
965 3400 1181 3457 agentes,
1207 3400 1262 3444 ut
1288 3411 1317 3445 a
1343 3395 1443 3444 suis
1468 3395 1759 3445 moribusin
1784 3410 2041 3445 commune
