2144 3854
893 254 972 309 27

100 405 266 457 fabula
308 403 649 455 vehementius
694 399 1059 450 miserationem
1107 403 1331 460 moveat,
1384 403 1518 448 tanto
1552 398 1772 449 cumula-

97 487 196 537 tius
229 501 340 536 eam
371 481 651 549 tragoediae
682 477 874 544 legibus
897 479 1203 543 respondere
1222 478 1488 544 opinantis.
1537 477 1772 530 Ceterum

97 566 348 616 tristitiam
379 568 775 631 argumentorum
803 559 846 609 si
871 558 1129 623 respiciaS‚
1164 557 1265 607 duo
1291 557 1564 610 dramatum
1593 574 1775 624 genera

98 647 401 711 distinguere
446 643 659 710 poteriS,
708 655 917 704 quorum
963 639 1171 688 alterum
1220 656 1248 687 a
1280 640 1562 690 tristissima
1605 656 1775 689 rerum

102 726 383 776 conditione
426 725 487 772 ad
531 722 787 771 laetiorem
831 718 1087 784 procedit,
1131 735 1281 783 quum
1330 735 1393 769 ex
1434 721 1570 786 gravi
1611 720 1775 785 aliquo

99 806 384 856 discrimine
402 803 625 853 homines
644 818 735 867 per
757 801 900 862 mala,
922 815 1014 864 per
1037 799 1358 849 difficultates
1386 805 1536 864 atque
1556 801 1778 865 pericula

100 901 189 936 seu
221 887 402 936 virtute
434 899 524 932 seu
555 882 813 948 prudentia
848 897 936 930 seu
970 884 1180 944 utraque
1214 879 1520 942 eluctemur,
1563 880 1777 929 alterum

99 984 129 1016 a
172 964 443 1019 minoribus
477 964 618 1012 malis
652 962 714 1012 ad
747 961 934 1011 maiora
983 960 1235 1021 ascendit,
1279 976 1430 1025 quum
1463 960 1778 1026 impatientes

100 1045 354 1096 molestiae
387 1042 591 1093 alicuius
623 1043 877 1104 homineS,
910 1042 1028 1090 dum
1064 1058 1119 1091 se
1152 1041 1363 1091 liberare
1397 1042 1628 1100 student,
1674 1042 1780 1091 sive

98 1127 200 1176 irae
232 1126 338 1176 sive
368 1124 558 1175 libidini
591 1128 853 1189 parenteS,
900 1123 948 1171 in
982 1123 1252 1188 perniciem
1285 1138 1341 1171 se
1376 1122 1599 1187 aliosque
1630 1139 1779 1189 prae-

100 1206 338 1272 cipitent,
386 1211 473 1255 aut
521 1222 670 1270 quum
718 1203 961 1253 malorum
1008 1219 1068 1252 ex
1113 1203 1333 1268 pristinis
1381 1203 1516 1252 vitiis
1550 1209 1780 1254 natorum

97 1286 385 1352 pridemque
417 1291 822 1352 praeparatorum
854 1285 927 1333 vis
961 1289 1167 1349 repente
1199 1300 1531 1349 prorumpens
1552 1285 1781 1334 trahens-

99 1382 197 1431 que
244 1368 323 1417 vel
369 1367 546 1417 domus
585 1367 903 1430 familiaeque
946 1364 1025 1415 vel
1068 1366 1212 1431 regni
1259 1366 1529 1431 populique
1586 1364 1780 1416 ruinam

100 1452 268 1497 sontes
314 1447 522 1514 perinde
570 1451 717 1512 atque
760 1448 977 1496 insontes
1025 1447 1284 1512 opprimat.
1359 1444 1542 1495 Prioris
1584 1447 1781 1511 generis

100 1535 177 1578 est
209 1527 408 1577 Rhesus
444 1527 638 1589 fabula,
671 1529 752 1576 cui
783 1527 1042 1593 prologum
1078 1528 1182 1576 eius
1215 1527 1439 1590 generis,
1485 1527 1625 1575 cuius
1660 1527 1782 1585 dixi,

100 1609 428 1674 praemissum
462 1607 646 1669 fuisse,
681 1608 776 1658 nisi
808 1624 872 1657 ex
905 1607 1011 1656 aliis
1047 1607 1240 1655 indiciis
1275 1606 1565 1655 certissimis
1600 1607 1783 1656 intelli-

102 1694 335 1751 geretur,
380 1687 462 1738 vel
509 1703 572 1738 ex
604 1689 698 1737 hac
733 1688 979 1738 communi
1011 1687 1372 1750 tragoediarum
1404 1686 1662 1752 Euripidis
1694 1703 1782 1737 na-

102 1774 215 1818 tura
247 1768 426 1817 coniici
458 1773 647 1833 posset.
713 1768 847 1833 Ergo
894 1768 1034 1833 quasi
1077 1766 1317 1831 quaedam
1351 1766 1548 1816 victima
1581 1767 1783 1818 Rhesus

101 1849 150 1897 in
197 1853 359 1897 castra
406 1848 735 1897 Troianorum
781 1848 1069 1908 adducitur,
1120 1847 1448 1896 immolandus
1493 1864 1522 1895 a
1558 1847 1783 1908 Graecis,

102 1928 240 1978 cuius
264 1931 445 1992 quanto
468 1928 763 1977 cumulatius
779 1927 933 1994 gloria
948 1926 1271 1988 fortitudiniS,
1297 1928 1587 1990 nobilitatis,
1614 1944 1783 1994 opum,

103 2023 269 2058 rerum
303 2009 520 2074 denique
553 2013 802 2075 gestarum
837 2014 1067 2072 augetur,
1116 2012 1254 2057 tanto
1299 2010 1537 2059 maiorem
1582 2009 1784 2071 Graeci,

101 2104 161 2138 eo
196 2089 420 2150 sublato,
470 2105 533 2139 ex
565 2089 714 2138 rebus
748 2088 1030 2154 desperatis
1060 2088 1354 2138 felicitatem
1389 2090 1620 2154 adepturi
1652 2095 1785 2141 sunt.

234 2167 412 2219 Prodit
446 2170 543 2218 iam
577 2170 628 2218 in
663 2186 861 2219 scenam
898 2168 1124 2231 Rhesus,
1169 2170 1334 2219 aureis
1376 2171 1528 2219 armis
1563 2172 1785 2221 radiante

103 2266 340 2316 corpore,
388 2252 595 2315 strepitu
642 2248 1074 2300 tintinnabulorum
1122 2250 1185 2299 de
1219 2251 1396 2316 clypeo
1431 2267 1785 2317 suspensorum

105 2335 359 2394 stuporem
392 2331 640 2392 iniicienS,
691 2330 844 2379 Marti
887 2331 984 2395 ipsi
1015 2330 1201 2380 iudicio
1235 2331 1377 2380 chori
1410 2332 1784 2397 comparandus,

105 2411 196 2460 Cui
221 2410 410 2460 Hector
435 2426 532 2460 non
559 2411 719 2460 solum
745 2412 974 2476 ingenue,
1010 2411 1100 2460 sed
1134 2412 1282 2461 etiam
1316 2429 1495 2477 aspere
1518 2419 1666 2478 atque
1693 2415 1784 2463 im-

105 2496 317 2556 portune
362 2491 657 2555 exprobrat,
703 2491 861 2556 quod,
909 2493 1127 2557 quamvis
1161 2492 1325 2541 multis
1361 2493 1427 2542 sit
1459 2493 1785 2558 legationibus

106 2569 348 2634 donisque
379 2571 665 2631 arcessituS,
699 2587 860 2635 neque
892 2572 1100 2635 gratiam
1133 2560 1376 2635 beneficii,
1410 2573 1543 2638 quod
1577 2576 1638 2624 ab
1673 2576 1786 2641 ipso

105 2651 300 2699 adiutus
326 2665 532 2715 regnum
557 2651 805 2699 Thracum
834 2652 1114 2711 obtinuerit,
1149 2653 1359 2713 referre,
1391 2670 1554 2718 neque
1579 2656 1786 2720 propin-

106 2731 306 2795 quitatis
330 2730 511 2779 officiis
531 2731 818 2780 satisfacere
844 2727 1098 2792 curaverit,
1115 2731 1203 2780 sed
1219 2733 1444 2795 neglecto
1457 2734 1785 2785 Troianorum

106 2810 325 2876 periculo
348 2811 681 2876 potationibus
702 2812 898 2860 interim
926 2812 1090 2873 (more
1117 2810 1392 2875 Thracum)
1428 2831 1483 2863 se
1511 2814 1787 2878 delectarit,

106 2891 335 2941 Troianis
370 2896 563 2941 aestum
595 2892 856 2958 frigusque
890 2892 1189 2958 patientibus
1224 2909 1282 2942 ac
1315 2895 1463 2943 morti
1487 2911 1544 2944 se
1571 2897 1787 2947 offeren-

104 2973 254 3033 tibnS,
288 2988 381 3022 nec
414 2974 578 3038 priuS,
625 2989 770 3038 quam
805 2973 936 3022 bello
970 2973 1064 3022 iam
1100 2989 1258 3039 paene
1290 2975 1450 3037 finito,
1486 2977 1668 3026 anxilio
1701 2994 1787 3028 ve-

108 3054 219 3103 niat.
308 3052 435 3103 Cum
479 3053 714 3103 Hectoris
758 3053 1127 3119 importunitate
1176 3053 1334 3104 Rhesi
1394 3055 1584 3106 ferocia
1638 3064 1791 3124 atque

109 3134 290 3183 fiducia
334 3138 509 3183 certat.
591 3134 689 3196 Qui
727 3140 989 3200 postquam
1038 3135 1320 3186 tarditatem
1368 3153 1507 3187 suam
1542 3155 1787 3189 excusans

110 3214 312 3263 crimina
339 3213 502 3275 diluit,
534 3214 665 3264 bello
688 3232 716 3263 a
742 3215 938 3280 Scythis
966 3215 1101 3264 illato
1124 3230 1180 3265 se
1204 3222 1453 3268 retentum
1479 3235 1594 3269 esse
1617 3225 1788 3270 osten-

112 3294 301 3355 dendo,
348 3310 444 3344 uno
477 3295 562 3344 die
593 3295 807 3358 bellum,
850 3294 983 3360 quod
1017 3295 1191 3346 decem
1225 3300 1362 3348 annis
1396 3299 1480 3348 ille
1512 3300 1659 3350 finire
1690 3315 1790 3350 non

115 3376 360 3438 potuerit,
395 3390 452 3425 se
483 3376 881 3442 propulsaturum
915 3391 1028 3426 esse
1059 3384 1342 3436 asseverat,
1382 3385 1433 3428 et
1465 3379 1646 3430 dirutis
1678 3385 1789 3430 tur-

116 3454 268 3514 ribus,
301 3456 515 3506 incensis
549 3457 769 3518 navibuS,
804 3456 983 3507 deletis
1015 3457 1262 3517 hostibus,
1297 3459 1454 3510 altero
1488 3460 1570 3511 die
1588 3460 1791 3514 domum
