2144 3854
1054 278 1177 335 22⁰

267 422 477 487 'bebant,
510 422 785 474 maluerint.
852 421 953 473 Pro
985 423 1081 474 hoc
1113 440 1225 474 meo
1260 423 1499 474 beneficio
1533 423 1660 475 hanc
1694 442 1724 474 a
1755 430 1807 476 te
1833 418 1948 494 g'ra-

277 507 399 555 tiam
432 509 549 569 peto
581 502 863 566 neutiquam
895 518 1065 568 parem
1088 503 1224 568 (vita
1257 505 1385 553 enim
1420 504 1542 553 nihil
1576 504 1749 554 donari
1786 506 1947 557 maius

275 585 484 650 potest),
519 583 608 631 sed
643 598 847 647 aequam
880 583 1186 648 iustamque,
1230 600 1292 633 ne
1325 599 1586 634 novercam
1619 584 1790 635 liberis
1822 586 1949 636 meis

275 664 326 712 in
361 664 562 712 domum
597 663 776 722 ducaS,
827 679 980 726 quae,
1013 664 1194 714 invidia
1230 665 1407 726 ducta,
1441 664 1553 712 illos
1588 665 1716 714 male
1747 669 1946 717 tractet.

272 741 490 792 Infestae
540 742 668 790 enim
702 741 862 792 solent
894 759 1133 793 novercae
1167 759 1280 793 esse
1312 744 1491 807 prioris
1525 744 1622 793 tori
1654 743 1826 795 liberis
1857 762 1946 797 ne·

273 837 371 884 que
403 821 586 886 viperis
620 822 854 872 mitiores,
922 823 988 872 Et
1030 824 1122 872 filii
1167 825 1365 888 quidem
1399 824 1603 872 masculi
1636 825 1794 889 patris
1828 841 1946 890 pos-

272 906 386 949 sunt
418 901 466 949 in
499 902 746 965 praesidio
779 902 898 963 niti3
933 903 1067 952 filiae
1086 909 1267 965 autem,
1304 919 1415 952 cum
1447 904 1546 953 sint
1570 903 1760 953 iniuriis
1786 904 1946 954 omni-

271 979 364 1027 bus
399 981 653 1041 obnoxiae,
706 986 756 1030 et
800 982 935 1031 laesa
981 984 1112 1033 sarna
1157 984 1433 1049 nuptiarum
1487 1000 1577 1049 spe
1609 985 1861 1049 privantur
1892 988 1948 1034 et

272 1059 448 1107 solatio
483 1060 763 1124 auxilioque
798 1063 926 1110 omni
961 1064 1227 1112 destitutae
1277 1069 1403 1112 sunt.
1471 1063 1718 1112 Acerbum
1752 1067 1833 1114 est
1864 1063 1946 1114 vel

268 1138 383 1198 hoc,
418 1140 548 1202 quod
581 1156 744 1204 neque
776 1142 826 1190 in
859 1142 1140 1206 nuptiarum
1173 1142 1359 1192 laetitia
1392 1158 1553 1207 neque
1584 1144 1635 1193 in
1663 1148 1835 1208 partus
1854 1144 1946 1193 do-

268 1216 474 1281 loribuS,
507 1219 593 1268 ubi
626 1221 695 1268 nil
728 1227 883 1271 matre
918 1222 1113 1271 dulcius
1148 1227 1254 1284 est,
1305 1223 1473 1272 matris
1517 1238 1667 1288 opera
1715 1228 1769 1272 et
1801 1239 1944 1287 prae-

268 1298 428 1347 sentia
468 1299 571 1348 filia
619 1300 999 1352 confirmabitur.
1063 1300 1193 1350 Mihi
1239 1302 1371 1350 enim
1402 1303 1598 1352 iamiam
1633 1303 1945 1353 moriendum

268 1385 371 1427 est:
407 1379 616 1442 proinde
648 1380 755 1428 sitis
792 1380 995 1443 felices,
1029 1381 1140 1430 sitis
1174 1396 1451 1441 memoreS‚
1485 1387 1541 1432 tu
1575 1383 1790 1446 quidem,
1825 1398 1943 1432 con-

267 1459 371 1516 iux,
406 1459 592 1519 uxoriS,
628 1475 730 1519 voS,
765 1460 940 1519 liberi,
985 1461 1157 1524 matris
1192 1461 1427 1525 optimae.
1494 1462 1589 1511 His
1624 1462 1804 1511 auditis
1836 1463 1942 1512 Ad-

266 1542 431 1587 metus
477 1539 697 1588 Alcestin
746 1541 897 1589 etiam
941 1546 1185 1590 mortuam
1232 1541 1387 1590 solam
1431 1542 1525 1590 sibi
1581 1557 1788 1590 uxorem
1833 1540 1944 1592 fore

264 1617 554 1682 pollicetur,
600 1636 762 1685 neque
796 1621 942 1670 ullam
977 1621 1174 1686 diguam
1210 1636 1349 1682 esse,
1397 1637 1523 1686 quae
1554 1621 1607 1670 iu
1641 1621 1747 1670 eius
1779 1620 1944 1671 locum

264 1699 513 1748 succedat.
578 1700 754 1764 Neque
786 1717 858 1762 se,
892 1701 1053 1765 quoad
1088 1702 1231 1763 vivat,
1265 1699 1453 1750 luctum
1477 1701 1776 1751 minuturum
1812 1717 1943 1763 esse,

264 1779 353 1826 sed
389 1779 554 1827 valere
584 1779 759 1830 iubere
794 1782 1012 1830 convivia
1046 1786 1097 1831 et
1131 1786 1264 1830 serta
1298 1785 1348 1830 et
1392 1786 1596 1842 cantus,
1643 1781 1774 1831 omni
1824 1797 1943 1847 gau-

263 1856 348 1906 dio
383 1873 495 1906 cum
531 1875 684 1908 uxore
717 1877 746 1909 e
779 1862 876 1910 vita
912 1877 1002 1911 sua
1035 1866 1248 1912 exemto.
1315 1859 1487 1909 Solum
1521 1861 1845 1925 aegritudinis
1868 1860 1942 1910 le-

262 1951 434 1986 vamen
481 1937 619 1999 fore,
673 1940 717 1988 si
764 1940 1022 2006 imaginem
1060 1941 1256 1997 uxoriS,
1306 1940 1519 1988 sollertis
1553 1940 1760 1989 artificis
1794 1956 1942 1989 manu

261 2016 512 2078 effictam,
564 2018 918 2083 amplectatur,
970 2036 1216 2070 summum
1262 2020 1525 2083 gaudium,
1571 2020 1615 2068 si
1649 2018 1856 2068 eandem
1890 2018 1943 2067 in

260 2099 444 2146 somnis
482 2100 767 2163 conspiciat.
834 2099 1026 2160 Quodsi
1076 2098 1262 2163 Orphei
1297 2099 1393 2147 sibi
1425 2115 1520 2147 vox
1554 2103 1826 2162 cantusque
1859 2114 1940 2148 es-

261 2181 355 2235 set,
391 2193 489 2240 quo
524 2176 872 2243 Proserpinam
910 2195 1022 2228 cum
1058 2178 1266 2228 Plutone
1299 2178 1621 2239 demulceret,
1657 2178 1720 2227 ad
1753 2178 1940 2227 inferos

259 2255 616 2305 descensurum
651 2273 782 2319 esse,
810 2259 956 2307 nullis
991 2259 1238 2307 terriculis
1273 2259 1594 2324 prohibitum,
1630 2258 1747 2323 quin
1781 2259 1829 2306 in
1862 2258 1939 2306 lu-

261 2350 370 2384 cem
404 2336 535 2384 illam
570 2339 845 2389 reduceret.
915 2339 1057 2387 Nunc
1091 2344 1255 2388 autem
1292 2354 1485 2403 rogare,
1521 2344 1576 2387 ut
1594 2338 1714 2386 illuc
1744 2354 1800 2387 se
1826 2353 1941 2387 ven-

258 2421 424 2465 turum
461 2423 719 2480 exspectet
752 2418 1014 2482 locumque
1049 2419 1143 2467 sibi
1177 2424 1402 2483 paratum
1437 2418 1639 2466 habeat:
1672 2418 1724 2466 in
1762 2417 1938 2467 eadem

258 2496 389 2544 enim
424 2498 591 2544 arcula
625 2498 827 2547 cedrina
861 2500 1209 2563 compositum,
1245 2499 1401 2547 latere
1435 2498 1582 2547 lateri
1615 2499 1816 2558 iuncto,
1852 2514 1941 2547 cu-

256 2581 476 2625 raturum
512 2593 656 2638 esse,
707 2594 771 2628 ne
803 2583 1029 2628 mortuus
1065 2584 1326 2643 separetur
1357 2579 1419 2627 ab
1454 2594 1543 2640 ea,
1592 2594 1736 2643 quam
1785 2578 1941 2627 solam

254 2656 488 2705 habuerit
520 2657 736 2709 fidelem.
806 2659 916 2707 Hac
950 2664 1154 2724 accepta
1187 2659 1318 2718 fide,
1368 2658 1555 2707 liberos
1601 2657 1818 2706 Alcestis
1851 2674 1940 2722 pa-

254 2737 321 2785 tri
354 2737 403 2784 in
437 2753 611 2786 manus
646 2739 801 2787 tradit
829 2738 1243 2802 ,commendatque
1267 2739 1485 2796 orbatos,
1519 2737 1682 2786 mariti
1707 2737 1939 2798 animum,

255 2833 354 2864 una
388 2817 515 2864 mori
547 2818 807 2882 cupientiS,
844 2819 1117 2878 confirmat,
1153 2818 1421 2880 statimque
1455 2817 1802 2882 exstinguitur.
1867 2815 1939 2864 lbi

253 2895 524 2955 Eumelus,
560 2899 857 2947 exstinctum
893 2899 1146 2947 oculorum
1179 2897 1398 2960 vigorem
1433 2897 1716 2959 solutasque
1763 2909 1938 2943 manus

252 2975 444 3035 videns,
479 2977 573 3040 piis
609 2978 826 3040 querelis
862 2983 1072 3027 matrem
1107 2977 1390 3026 defunctam
1427 2975 1762 3040 prosequitur,
1797 2991 1939 3023 suam

254 3059 308 3103 et
341 3055 527 3103 sororis
580 3060 631 3104 et
676 3057 829 3121 patris
885 3062 1074 3107 sortem
1120 3058 1398 3122 deplorans,
1466 3054 1708 3103 Admetus
1756 3058 1938 3115 autem,

253 3135 539 3183 consolante
575 3136 757 3193 choro,
805 3136 971 3185 missis
1006 3138 1251 3201 querelis,
1301 3135 1453 3184 funus
1504 3139 1556 3182 et
1600 3134 1815 3183 honores
1839 3133 1938 3182 de-

251 3214 456 3263 functae
488 3214 710 3263 adornat.
781 3215 1001 3266 Chorum
1027 3217 1226 3265 naenias
1250 3220 1448 3263 cantare
1481 3213 1635 3274 iubet,
1665 3212 1935 3277 populares

254 3308 425 3342 omnes
456 3294 612 3343 tonsis
649 3295 863 3344 crinibus
899 3303 949 3344 et
977 3296 1125 3360 pullis
1147 3296 1367 3344 vestibus
1385 3293 1575 3359 lugere,
1610 3292 1758 3341 etiam
1785 3308 1938 3356 equo-

253 3389 364 3423 rum
397 3374 536 3422 iubas
569 3374 761 3434 secari,
797 3375 1009 3439 denique
1041 3377 1279 3425 tibiarum
1311 3374 1549 3438 lyraeque
1575 3376 1719 3421 cantu
1749 3370 1938 3420 duode-

256 3453 353 3503 cim
389 3469 587 3505 menses
622 3454 873 3506 abstineri.
939 3456 1031 3505 His
1068 3454 1314 3507 mandatis
1349 3451 1528 3514 editis,
1578 3450 1708 3502 iutro
1757 3465 1938 3517 corpus
