2144 3854
1173 254 1254 312 74

386 400 574 449 Deinde
624 399 818 447 miseria
877 395 962 462 (τὰ
1016 397 1199 466 τρύχη)
1258 399 1716 466 repraesentabatur
1769 399 2046 464 Phoenicis,‚

387 479 581 528 effossis
615 477 875 528 luminibus
904 481 1111 529 errantis
1134 481 1255 545 (τοῦ
1278 481 1487 546 τυφλοῦ
1517 477 1768 539 Φοίνικος
1790 481 2043 548 Aristoph.

386 557 595 607 Acharn.
655 555 794 620 421.)
820 555 886 622 *).
967 559 1301 611 Tribuendum
1355 561 1403 610 ei
1462 576 1576 610 esse
1635 575 1814 611 censeo
1868 560 2044 628 fragm.

383 637 476 687 inc.
508 639 587 688 53.
620 653 670 700 p.
707 640 818 686 375.
853 637 1059 690 Mamm

514 714 658 782 δεινὴ
691 714 788 780 μὲν
818 714 950 784 ὀργὴ
983 718 1232 784 κυμάτων
1265 716 1590 780 θαλασσίων,

513 794 677 848 δειναὶ
714 795 770 847 δὲ
801 803 1045 863 ποταμοῦ
1077 799 1166 850 καὶ
1198 798 1367 864 πυρὸς
1398 801 1606 864 θερμοῦ
1639 797 1818 861 πνοαί,

512 875 688 928 δεινὸν
721 876 778 928 δὲ
809 878 977 936 πενία,
1015 879 1161 932 δεινὰ
1195 880 1241 932 δ’
1277 882 1408 931 ἄλλα
1439 878 1604 946 μυρία
1617 891 1629 906 ·

511 956 621 1007 ἀλλ’
657 955 812 1009 οὐδὲν
845 957 984 1010 οὕτω
1019 959 1210 1022 δεινόν,
1247 958 1317 1020 ὡς
1349 960 1503 1027 γυνή,
1537 958 1719 1021 κακόν,

508 1037 626 1090 οὐδ’
659 1036 727 1089 ἂν
759 1036 967 1104 γένοιτο
1001 1040 1215 1107 γράμμα
1247 1043 1442 1092 τοιοῦτ’
1478 1037 1537 1091 ἐν
1569 1043 1769 1105 γραφῇ,

508 1117 621 1170 οὐδ’
656 1117 724 1170 ἂν
753 1118 911 1184 λόγος
944 1120 1174 1184 δείξειεν·
1209 1120 1254 1172 εἰ
1286 1120 1343 1173 δέ
1374 1138 1473 1172 του
1507 1120 1654 1171 θεῶν

508 1198 618 1250 τόδ’
654 1197 760 1251 ἐστὶ
792 1200 1019 1266 πλάσμα,
1053 1201 1377 1269 δημιουργὸς
1410 1199 1487 1253 ὢν
1518 1199 1700 1252 κακῶν

506 1278 744 1345 μέγιστος
775 1279 903 1332 ἴστω
936 1280 1025 1333 καὶ
1058 1284 1295 1349 βροτοῖσι
1329 1282 1602 1349 δυςμενής.

509 1361 585 1411 Ab
619 1362 817 1412 ultionis
854 1364 1147 1430 cogitatione
1178 1366 1254 1416 vel
1287 1364 1512 1414 violanda
1543 1362 1729 1427 pietate
1765 1357 2050 1426 longissime

381 1440 547 1489 abest:

507 1519 696 1581 „Plus
727 1521 927 1570 miser
959 1521 1104 1584 sim,
1148 1524 1211 1571 εἰ
1248 1523 1604 1571 scelestum
1622 1520 1850 1584 faxim
1881 1516 2048 1586 quod

1214 1601 1432 1650 dicam
1451 1599 1656 1664 fore.'’

512 1757 636 1820 „Ut
681 1759 851 1826 quod
886 1761 1148 1825 factum
1206 1767 1304 1809 est
1346 1759 1598 1825 sutile,
1659 1758 1886 1817 amici,
1944 1772 2053 1806 vos

1197 1840 1461 1905 feratis
1482 1835 1827 1903 fortiter-3⁷

377 1917 632 1967 Summum
665 1919 795 1967 enim
832 1921 1008 1969 bonum
1044 1919 1275 1968 virtutem
1307 1935 1420 1968 esse
1453 1919 1601 1967 docet
1613 1954 1627 1978 ‚
1659 1933 1820 1981 neque
1852 1920 2054 1982 praeter

378 2004 579 2062 peccata
612 1999 872 2062 quidquam
909 2001 957 2048 in
990 2000 1127 2048 malis
1160 1999 1470 2064 ponendum:

507 2077 677 2141 „Sed
708 2080 917 2128 virum
950 2081 1160 2128 virtut
1178 2096 1206 2127 e
1238 2094 1393 2127 vera
1426 2078 1530 2125 viv
1547 2076 1672 2126 ere‘
1693 2077 2051 2125 animatum

1196 2156 1501 2219 addecess

510 2236 948 2305 Fortiterque
995 2238 1340 2288 innoxium
1387 2252 1632 2286 vacare
1691 2234 1771 2285 ad
1828 2234 2073 2292 adver-,

1206 2317 1460 2366 sartos:

506 2397 611 2447 Ea
643 2397 924 2447 libertas
957 2402 1079 2459 est,
1128 2399 1242 2465 qui
1266 2402 1501 2464 pectus
1543 2410 1778 2461 purum
1825 2399 1889 2442 et
1925 2392 2052 2458 sir—

1209 2493 1370 2526 mam
1402 2475 1704 2541 gestitat
1728 2471 1842 2537 **).·

510 2558 720 2608 Aliae
768 2573 870 2606 res
926 2557 1336 2607 obnoxiosae
1390 2560 1592 2605 nocte
1647 2555 1717 2603 in
1773 2553 2054 2603 obscura

1215 2634 1486 2686 latenL”

506 2718 675 2781 ltaque
708 2733 772 2767 ne
807 2732 924 2766 suae
959 2716 1157 2781 quidem
1190 2718 1318 2766 vitae
1351 2717 1448 2764 vim
1481 2713 1662 2762 afferre
1695 2710 1978 2763 constituit:

506 2796 680 2847 καίτοι
711 2796 827 2847 ποτ’
863 2794 912 2846 εἴ
938 2798 1038 2847 τιν’
1074 2794 1305 2861 εἷςίδοιμ’
1341 2791 1444 2844 ἄνα
1477 2791 1660 2843 πτόλιν

503 2873 712 2942 τυφλὸν
743 2879 1114 2945 προηγητῆρος
1147 2871 1512 2941 ἐξηρτημένον,

508 2955 888 3023 α’δημονοῦντα
922 2959 1242 3023 συμφοραῖς,
1276 2953 1603 3018 ἐλοιδόρουν,

506 3036 580 3099 ὡς
611 3033 779 3100 δειλὸς
811 3037 891 3104 εἴη
925 3037 1168 3090 θάνατον
1200 3033 1438 3090 ἐκποδὼν
1470 3032 1618 3100 ἔχων.

450 3239 493 3294 *)
523 3237 655 3281 Ovid.
683 3236 736 3279 A.
765 3237 817 3280 A.
849 3237 894 3291 1,
929 3236 1037 3280 337:
1068 3237 1247 3293 „Flevit
1271 3231 1581 3291 Amyntorides
1608 3243 1689 3287 per
1714 3227 1865 3273 inania
1885 3226 2054 3270 lumina

528 3306 774 3351 Phoenix.'’
827 3308 891 3350 ld.
920 3306 1028 3352 ibid.
1057 3308 1167 3352 2612
1198 3307 1278 3362 „Id
1305 3305 1421 3361 quod
1446 3300 1756 3360 Amyntorides
1782 3297 1978 3342 videas.”

437 3379 495 3435 *’)
527 3378 599 3423 ef.
616 3379 776 3420 Horat.
801 3379 885 3434 Ep.
906 3379 942 3432 Ι,
962 3379 1004 3431 1,
1031 3379 1111 3422 60:
1141 3378 1259 3434 „Hic
1280 3388 1433 3420 murus
1457 3386 1619 3418 aeneus
1639 3374 1747 3427 esto,
1767 3367 1841 3414 Nil
1859 3366 2057 3412 conscire

533 3448 634 3502 sibi,
663 3449 786 3494 nulla
813 3449 1061 3504 pallescere
1089 3446 1263 3504 culpa.’'
