2176 3874
1122 275 1247 332 464

358 438 565 489 unquam
610 419 773 468 vilium
820 432 988 467 rerum
1032 418 1109 468 vel
1155 420 1517 483 obsoletarum,
1569 422 1658 471 sed
1707 421 2020 474 nitidissimae

355 517 571 569 quasque
615 503 666 548 et
715 497 1136 563 splendidissimas
1179 500 1559 564 Aristophanem
1602 502 1790 552 rosisse
1833 503 1914 553 vel
1960 518 2022 552 ex

352 584 449 633 hoc
482 579 707 643 exemplo
739 577 998 643 intelligas
1081 578 1316 628 Horatius
1352 595 1515 629 mores
1549 580 1713 631 Inonis
1746 582 1823 632 his
1856 582 2020 633 verbis

352 659 619 712 declaravit
650 658 709 708 A.
743 657 799 706 P.
837 660 958 707 123:
993 657 1130 719 „Sit
1161 658 1425 707 flebilis
1461 659 1624 710 Ino.''
1675 660 2022 728 Respexerunt

351 745 548 807 praeter
582 754 693 798 eoa,
740 753 861 801 quos
908 753 1056 804 supra
1099 739 1482 800 nominavimus,
1528 741 1590 788 ad
1634 741 1761 791 hanc
1803 741 2021 791 fabulam

350 820 581 872 Aelianus
615 817 749 868 Hist.
783 833 859 866 an.
897 818 978 878 III,
1012 821 1121 878 1⁵1„
1159 818 1451 867 Plutarchus
1485 821 1790 885 saepissime,
1829 820 2020 870 Gellius

349 899 477 961 XIII,
500 902 595 958 18..
630 897 951 946 Philostratus
975 896 1077 950 Vit.
1096 898 1255 963 Apoll.
1273 898 1377 949 VII.
1393 901 1459 959 4..
1495 899 1637 948 Philo
1673 905 1724 950 et
1755 900 1828 950 Io.
1846 900 2019 964 Lydus

349 979 547 1044 (fragm.
574 978 698 1040 22),
733 978 1067 1040 Athenagoras
1102 977 1221 1042 Leg.
1246 994 1294 1042 p.
1323 978 1508 1028 Christ.
1536 997 1577 1030 c.
1601 982 1680 1028 26.
1729 980 1807 1029 Ex
1840 979 2018 1043 quibus

347 1058 643 1109 testimoniis
689 1072 783 1105 non
826 1062 1015 1106 tantum
1051 1057 1256 1106 eruditis
1289 1057 1385 1107 hoc
1420 1058 1585 1108 drama
1620 1059 1894 1122 familiare,
1928 1059 2019 1109 sed

347 1139 498 1189 etiam
531 1136 831 1186 multitudini
865 1152 1062 1200 semper
1094 1137 1426 1200 gratissimum
1458 1140 1617 1188 fuisse
1650 1145 1804 1205 patet.

480 1216 536 1266 Si
581 1216 711 1264 idem
759 1221 1098 1278 argumentum
1131 1217 1408 1280 Aeschylus
1444 1225 1496 1267 et
1530 1218 1805 1284 Sophocles
1837 1222 2017 1268 tracta-

347 1302 522 1348 verunt
555 1295 865 1359 (quamquam
902 1294 964 1342 de
997 1295 1094 1343 hoc
1127 1296 1327 1344 dubito:
1364 1297 1575 1360 spoliato
1599 1299 1729 1347 enim
1755 1297 2015 1362 Euripide,

345 1377 493 1427 huius
527 1373 836 1441 supellectile
868 1373 1005 1422 illum
1038 1374 1270 1424 instruxit
1292 1375 1626 1440 Welckerus),
1661 1377 1804 1442 plane
1822 1377 2017 1426 diversa

344 1456 442 1507 fuit
472 1456 669 1504 illorum
702 1458 846 1517 atque
878 1452 1027 1503 huius
1061 1455 1208 1512 ratio,
1242 1454 1294 1502 id
1323 1455 1457 1518 quod
1489 1471 1552 1504 ex
1584 1457 1705 1520 ipsis
1737 1457 2015 1506 fabularum

343 1535 620 1586 nominibus
665 1534 966 1598 intelligitur.
1042 1533 1352 1583 Athamantis
1399 1535 1529 1584 enim
1574 1551 1754 1585 nomen
1798 1534 1873 1583 illi
1916 1539 2015 1584 tra-

342 1616 530 1681 goediis
571 1614 960 1678 inscripserunt,
1007 1613 1059 1661 in
1102 1613 1250 1663 huius
1300 1631 1514 1679 persona
1561 1630 1805 1665 summum
1850 1629 2017 1664 reru-

343 1700 645 1746 momentum
690 1694 805 1758 poni
854 1693 1209 1758 significantes.
1292 1692 1558 1759 Proprium
1599 1693 1855 1759 Euripidis
1900 1693 2016 1751 fuit,

344 1774 475 1840 quod
508 1774 595 1823 Ino
640 1773 822 1822 multos
867 1788 1017 1821 annos
1063 1774 1114 1821 in
1160 1774 1371 1822 obscura
1421 1775 1655 1838 spelunca
1689 1775 1841 1824 instar
1875 1772 2015 1822 ferae

342 1855 489 1904 vitam
524 1855 723 1919 degisse
755 1852 1060 1917 fingebatur,
1094 1853 1366 1919 proprium,
1398 1855 1530 1918 quod
1564 1856 1772 1904 duarum
1803 1867 2015 1902 uxorum

341 1933 669 1984 aemulatione
702 1933 877 1981 domus
913 1932 1244 1985 evertebatur.
1330 1934 1452 1983 Eam
1499 1934 1697 1984 fabulae
1738 1936 2013 1983 commuta-

341 2013 526 2063 tionem
561 2028 679 2062 cave
706 2016 894 2061 temere
926 2013 987 2060 ab
1017 2011 1258 2076 Euripide
1291 2014 1522 2062 effectam
1548 2029 1661 2062 esse
1685 2012 1888 2062 credas:
1921 2027 2014 2077 po·-

341 2094 437 2143 tuit
493 2093 622 2141 enim
673 2090 799 2138 haec
843 2105 1039 2153 quoque
1095 2091 1242 2156 vulgo
1297 2093 1476 2140 tradita
1533 2092 1793 2156 accipere,
1853 2106 2014 2153 neque

341 2171 607 2236 quidquam
651 2169 891 2234 impedit,
946 2184 1043 2231 quo
1093 2170 1253 2219 minus
1302 2170 1508 2220 Graecis
1557 2169 1688 2219 idem
1736 2169 1799 2218 de
1844 2169 2012 2230 Inone,

340 2249 471 2314 quod
506 2248 763 2298 Germanis
797 2249 862 2297 de
894 2247 1156 2297 Genoveva
1189 2265 1481 2314 persuasum
1514 2251 1671 2299 fuisse
1704 2248 1977 2298 credamus.

472 2329 724 2389 Pestium,
786 2327 961 2390 quibus
1016 2327 1312 2377 familiarum
1364 2329 1495 2377 salus
1549 2333 1824 2388 evertatur,
1890 2327 2014 2391 fingi

338 2409 473 2460 nulla
515 2411 712 2473 potest,
762 2422 906 2470 quam
950 2422 1048 2456 non
1081 2407 1345 2473 Euripides
1379 2408 1647 2472 tragoediis
1680 2406 2011 2469 illustraverit,

337 2488 469 2539 unde
513 2488 701 2536 factum
743 2491 844 2548 est,
891 2492 944 2535 ut
993 2487 1254 2538 mulierum
1299 2503 1416 2537 osor
1460 2492 1510 2537 et
1543 2486 1862 2536 calumniator
1896 2502 2011 2536 esse

335 2572 614 2634 putaretur,
639 2582 843 2629 quarum
867 2583 929 2616 ex
951 2568 1167 2617 moribus
1204 2568 1335 2616 salus
1368 2567 1666 2616 familiarum
1700 2566 2010 2631 potissimum

337 2646 536 2712 pendet.
594 2645 728 2694 Idem
763 2646 931 2711 igitur,
967 2648 1051 2711 qui
1083 2649 1135 2698 in
1156 2647 1396 2711 Meleagri
1432 2646 1596 2696 fabula
1629 2645 1889 2695 mulierem
1921 2659 2008 2694 ex-

335 2727 500 2776 hibuit
542 2725 800 2776 muliebria
843 2731 1236 2776 contemnentem
1271 2733 1322 2776 et
1362 2728 1578 2776 virorum
1613 2741 1765 2789 opera
1794 2727 2008 2773 tractan—

336 2811 439 2855 tem
488 2807 549 2855 ob
598 2821 804 2868 eamque
852 2823 958 2855 rem
993 2807 1346 2856 connubiorum
1380 2807 1493 2872 iuga
1526 2804 1865 2853 fastidientem
1897 2801 2007 2863 (cu-

335 2886 411 2934 ius
446 2885 641 2951 generis
676 2890 842 2934 nostra
885 2891 1019 2935 aetas
1064 2887 1301 2950 plurimas
1342 2883 1602 2951 protulit),
1651 2884 1702 2932 in
1734 2882 1897 2932 Inonis
1930 2882 2006 2931 fa-

334 2964 450 3016 bula
494 2964 653 3012 virum
698 2980 850 3013 unum
894 2966 1100 3015 duarum
1141 2982 1343 3015 uxorum
1378 2963 1657 3028 coniugium
1692 2965 2004 3027 expetentem

333 3043 530 3092 induxit
562 3049 613 3092 et
644 3048 902 3107 utramque
935 3062 1040 3094 rem
1075 3046 1126 3094 in
1159 3046 1427 3110 perniciem
1473 3041 1766 3090 familiarum
1806 3043 2004 3089 vertere

335 3122 567 3171 ostendit.
649 3122 733 3171 Sic
767 3130 939 3187 poeta,
989 3141 1084 3189 quo
1130 3141 1273 3173 nemo
1308 3126 1526 3173 dramata
1561 3119 1863 3179 delectandis
1895 3133 2001 3167 mo-

334 3202 604 3266 vend1sque
649 3202 823 3251 animis
871 3205 1061 3268 aptiora
1107 3204 1430 3268 temperavit,
1478 3199 1608 3250 idem
1645 3198 1880 3250 docendis
1911 3199 2003 3248 ho-

334 3282 542 3332 minibus
576 3284 785 3333 maxime
819 3283 1034 3333 omnium
1067 3284 1273 3334 idoneus
1307 3283 1418 3332 fuit.
