2144 3854
941 277 1059 337 153

161 428 272 481 bun.
306 432 362 478 et
405 427 702 495 Borghes.)‚
747 426 924 492 quibus
977 426 1204 476 omnibus
1230 426 1346 477 fere
1379 427 1581 477 eaedem
1614 426 1835 476 actiones

162 508 472 560 exhibentur.
541 508 758 558 Primum
792 506 922 556 enim
955 505 1211 569 Meleager
1244 509 1571 572 conspicitur,
1616 506 1839 557 adstante

161 606 258 639 una
290 590 456 651 Furia,
490 589 783 638 Thestiadas
817 586 1147 642 interficienS,
1194 602 1400 649 quorum
1435 590 1558 638 alter
1589 589 1684 638 iam
1719 605 1838 654 pro-

164 675 348 720 stratus
361 675 455 730 est,
482 668 570 718 sed
595 666 902 716 nihilominus
931 666 1132 715 exuvias
1158 667 1355 725 retinet,
1380 668 1506 717 alter
1519 670 1839 719 cummaxime

162 750 501 799 transfoditur.
570 747 755 796 Deinde
789 746 996 795 Althaea
1029 747 1320 806 ostenditur,
1354 748 1577 798 adstante
1610 755 1660 798 et
1691 749 1841 799 Furia

164 835 215 877 et
248 829 401 878 Parca
433 844 554 890 una,
590 828 811 876 titionem
847 827 898 874 in
931 842 1191 876 accensum
1226 843 1341 876 arae
1373 829 1535 893 ignem
1568 830 1840 894 imponens.

164 909 327 959 Lauro
362 915 530 959 ornata
564 913 640 956 est
673 923 770 969 ara,
805 906 935 955 unde
967 906 1224 956 Althaeam
1258 908 1425 972 paullo
1460 914 1573 958 ante
1600 911 1663 958 de
1687 911 1841 959 victo-

163 989 237 1037 ria
282 989 376 1038 diis
421 988 710 1055 gratulatam
761 1003 873 1035 esse
924 987 1169 1036 coniicias.
1236 985 1410 1038 Tertio
1445 989 1556 1038 loco
1590 988 1878 1056 Meleager

164 1069 500 1129 moribunduS‚
533 1069 581 1117 in
615 1068 745 1117 lecto
781 1068 981 1125 cubans,
1018 1068 1329 1132 conspicitur.
1396 1069 1605 1119 Adsunt·
1627 1076 1677 1119 et
1705 1077 1846 1136 pater

162 1155 216 1199 et
249 1150 426 1198 coniux
460 1152 512 1197 et
547 1165 743 1198 sorores
780 1153 830 1196 et
861 1148 1105 1210 Atalante,
1139 1149 1286 1197 variis
1319 1149 1476 1198 modis
1511 1166 1680 1200 omnes
1707 1152 1846 1200 dolo-

156 1245 270 1287 rem
302 1229 651 1296 significantes,
729 1229 950 1277 Dubitari
995 1243 1094 1277 non
1127 1234 1324 1293 potest,
1375 1231 1490 1293 quin
1532 1231 1846 1292 AristoteleS,

162 1309 303 1360 Poet.
340 1326 384 1358 c.
420 1311 497 1357 13.
532 1310 1063 1375 praestantissimarum
1098 1324 1302 1357 numero
1336 1311 1695 1374 tragoediarum
1735 1311 1848 1362 Me-

162 1390 383 1454 leagrum
416 1391 696 1450 nominans,
742 1389 996 1454 Euripidis
1032 1388 1246 1438 fabulam
1281 1391 1489 1452 dixerit,
1542 1391 1851 1457 quandoqui-

164 1470 281 1520 dem
314 1470 582 1535 Sophoclei
617 1471 782 1537 operis
815 1470 1066 1519 rarissima
1100 1475 1178 1519 est
1210 1472 1635 1533 commemoratio,
1671 1479 1723 1522 et
1747 1475 1849 1524 An-

163 1551 424 1616 tiphontis,
461 1552 544 1615 qui
577 1552 636 1600 ab
673 1551 750 1599 Ol.
784 1553 865 1610 93,
887 1555 917 1600 3
951 1551 1131 1599 florere
1159 1552 1340 1616 coepit,
1374 1550 1684 1616 Meleagrum
1713 1553 1849 1602 solus

164 1630 461 1680 Aristoteles
495 1631 908 1682 commemoravit.
975 1630 1246 1694 Utriusque
1278 1635 1453 1695 poetae
1475 1631 1673 1681 fabulae
1698 1648 1852 1697 opere

166 1710 419 1775 Euripidis
454 1711 578 1759 adeo
613 1713 904 1760 obscuratae
937 1714 1073 1771 sunt,
1126 1715 1182 1759 ut
1214 1712 1565 1776 mythographi
1599 1728 1768 1762 omnes
1800 1713 1853 1763 in

167 1790 452 1839 enarranda'
472 1789 663 1851 fabula,
710 1808 772 1840 ne
815 1791 1089 1839 Homerum
1134 1790 1334 1854 quidem
1379 1787 1619 1855 potio‘rem
1654 1792 1740 1842 illo
1774 1798 1852 1843 te-

168 1875 296 1919 stem
330 1887 443 1920 esse
476 1869 729 1932 ducentes,
763 1871 891 1919 illius
925 1870 1232 1934 Meleagrum
1267 1872 1424 1920 secuti
1463 1873 1578 1921 sint.
1643 1871 1853 1938 Longis-

168 1950 294 1999 nime
326 1955 490 2000 autem
524 1951 653 2000 inter
688 1967 743 2001 se
778 1951 1061 2015 discrepant
1094 1950 1348 2015 Euripidis
1374 1956 1426 2000 et
1448 1951 1659 2001 Homeri
1685 1968 1853 2002 narra-

166 2030 357 2079 tiones:
403 2046 527 2094 quae
576 2031 905 2097 discrepantia
951 2046 1048 2080 non
1082 2034 1274 2080 temere
1306 2031 1366 2079 ab
1399 2031 1640 2096 Euripide
1674 2034 1854 2083 effecta

167 2115 263 2162 est.
330 2111 550 2160 Necesse
575 2110 707 2160 enim
741 2110 837 2160 fuit
870 2126 962 2175 pro
988 2110 1120 2160 bello
1145 2111 1443 2177 populorum
1469 2113 1854 2163 controversiam

166 2191 469 2256 singulorum
503 2192 722 2256 fingere,
765 2193 806 2239 si
850 2191 959 2254 quis
1008 2191 1160 2240 vellet
1202 2208 1284 2240 res
1317 2196 1482 2257 gestas
1515 2191 1759 2257 Meleagri
1792 2193 1855 2242 ad

167 2272 532 2338 simplicitatem
577 2273 816 2337 temporis
861 2286 1120 2335 revocare:
1173 2277 1226 2321 et
1247 2326 1258 2335 ..
1273 2273 1346 2322 sic
1390 2272 1610 2336 reliquae
1660 2290 1854 2337 quoque

168 2354 466 2403 mutationes
501 2368 564 2402 ex
594 2353 894 2403 dramaticae
926 2368 1141 2418 poeseos
1176 2353 1459 2405 conditione
1496 2352 1789 2419 pendebant.

849 2557 1180 2565 ,Ἣ

713 2748 777 2805 C.
873 2749 1319 2807 Oeneus.

297 2913 659 2982 ⁴Argumentum
702 2913 980 2964 rectissime
1026 2915 1223 2980 quidem
1268 2914 1514 2977 omnium,
1575 2916 1666 2966 sed
1713 2919 1858 2968 nimis

171 2995 414 3058 breviter,
451 2995 742 3045 scholiastes
777 2992 1123 3061 Aristophanis
1157 2995 1220 3044 ad
1254 2994 1465 3049 Acharn.
1500 3012 1547 3049 v.
1571 2999 1684 3049 417.
1719 3004 1857 3049 retu-

169 3077 244 3129 Iit.
310 3076 528 3125 Uberius
562 3075 777 3141 paullulo
812 3076 1037 3140 Hyginus
1073 3093 1117 3128 c.
1154 3078 1265 3124 175.
1303 3077 1547 3142 exposuit,
1583 3080 1664 3142 qui
1691 3084 1857 3128 tamen

171 3158 226 3206 in
259 3173 338 3215 eo,
373 3155 506 3220 quod
538 3172 603 3205 ex
635 3157 743 3218 Ilio,
778 3172 875 3205 non
910 3171 972 3206 ex
1006 3155 1213 3218 Thebis,
1252 3156 1486 3206 reducem
1509 3158 1634 3207 fecit
1657 3159 1857 3208 Diome—

172 3237 288 3286 dem
307 3273 321 3298 ,
365 3236 474 3285 sine
515 3236 667 3285 dubio
700 3237 898 3287 erravit.
969 3235 1250 3286 Ostendant
1280 3237 1410 3286 enim
1441 3237 1718 3302 fragmenta
1751 3239 1860 3304 ipsa

172 3316 388 3378 fabulae,
438 3332 607 3366 verum
659 3332 770 3366 esse
821 3316 955 3379 quod
1009 3317 1300 3367 scholiastes
1346 3321 1496 3382 atque
1529 3319 1858 3383 Apollodorus

175 3395 240 3459 (Ι,
273 3400 322 3460 8,
355 3395 427 3462 6.)
476 3397 802 3447 tradiderunt.
870 3397 1158 3462 Euripidem
1205 3399 1338 3447 enim
1369 3399 1451 3447 hic
1486 3415 1682 3464 quoque
1714 3415 1858 3449 secu-

176 3481 259 3526 tus
292 3491 405 3527 esse
437 3477 662 3536 videtur,
711 3478 935 3544 exceptis
968 3477 1049 3541 iis,
1083 3495 1210 3544 quae
1244 3495 1306 3530 ex
1339 3478 1435 3530 alia
1467 3480 1746 3532 narratione
1777 3495 1858 3530 re-
