2144 3854
926 269 1044 327 125

149 433 360 484 quorum
392 418 508 480 duo,
544 416 770 483 Hyginus
798 420 953 480 atque
982 414 1336 481 Apollodorus,
1367 415 1587 482 quamvis
1611 414 1737 466 inter
1763 432 1819 467 se

149 499 485 563 discrepantia
527 498 772 556 referant,
824 503 989 545 tamen
1038 511 1186 544 unum
1233 496 1525 562 Euripidem
1566 502 1821 547 auctorem

149 578 384 628 habuisse
417 579 656 628 videntur.
721 578 791 626 Et
837 574 1125 640 Apollodori
1159 575 1355 638 quidem
1388 577 1512 626 haec
1546 583 1624 626 est
1656 594 1823 628 narra-

148 659 250 708 tio:
302 658 556 721 „Cadmus
599 674 708 707 cum
752 655 1019 704 Harmonia
1059 653 1246 703 Thebis
1285 655 1476 705 relictis
1519 657 1590 705 ad‘
1627 658 1825 707 Enche-

147 738 343 787 leenses
379 738 712 803 commigravit
729 735 795 800 ²⁸).
862 736 1068 797 QuibuS,
1103 725 1213 783 cum
1248 735 1308 783 ab
1333 735 1512 798 Illyriis
1546 737 1676 785 bello
1710 754 1826 802 pre-

148 823 417 876 merentur,
468 817 593 866 deus
623 815 882 880 respondit
915 830 1002 863 eos
1036 815 1317 879 superiores
1349 814 1478 875 fore,
1512 816 1552 863 si
1588 815 1827 866 Cadmum

149 897 564 960 Harmoniamque
600 896 752 945 duces
785 895 1045 946 haberent.
1113 894 1210 956 Qui
1245 895 1532 943 obedientes
1554 897 1708 944 duces
1734 898 1827 946 hos

149 977 386 1026 adversus
420 977 612 1040 Illyrios
647 977 946 1024 constituunt
978 975 1274 1038 vincuntque
1301 976 1473 1024 hostes
1491 973 1590 1043 **).
1657 976 1829 1040 Itaque

152 1055 365 1105 Cadmus
407 1056 682 1121 Illyriorum
723 1072 928 1121 regnum
976 1056 1164 1115 tenuit,
1211 1060 1264 1103 et
1310 1055 1440 1104 filius
1489 1056 1534 1103 ei
1578 1060 1716 1104 natus
1752 1062 1830 1105 est

150 1135 345 1200 illyrius
363 1132 490 1203 ***).
558 1136 749 1186 Deinde
790 1153 902 1185 cum
937 1135 1204 1186 Harmonia
1237 1135 1288 1184 in
1320 1134 1582 1184 draconem
1614 1141 1830 1185 mutatus

148 1221 299 1282 atque
340 1217 387 1266 in
433 1233 659 1283 campum
704 1218 932 1282 Elysium
977 1233 1005 1264 a
1048 1216 1161 1265 Iove
1194 1216 1373 1264 missus
1408 1212 1538 1267 est.''
1606 1215 1830 1280 Hyginus

149 1303 311 1346 autem
346 1313 390 1348 c.
427 1299 537 1346 134.
570 1299 695 1347 haec
718 1298 910 1363 posuit:
945 1296 1251 1358 „Pentheus.,
1286 1296 1524 1346 Echionis
1557 1300 1606 1344 et
1639 1297 1831 1359 Agaves

149 1377 299 1439 filius,
319 1376 555 1427 Liberum
569 1379 763 1443 negavit
794 1377 940 1426 deum
962 1393 1091 1437 esse,
1114 1393 1206 1426 nec
1227 1378 1459 1441 mysteria
1485 1377 1592 1425 eius
1607 1378 1833 1440 accipere

150 1456 320 1506 voluit.
387 1456 464 1506 Ob
510 1458 606 1507 hoc
656 1474 766 1507 eum
816 1459 979 1522 Agave
1025 1462 1184 1506 mater
1231 1473 1344 1506 cum
1378 1458 1627 1506 sororibus
1661 1456 1748 1505 Ino
1783 1460 1834 1505 et

152 1537 382 1587 Autonoe
425 1554 518 1602 per
561 1539 797 1587 insaniam
845 1554 874 1586 a
921 1538 1105 1586 Libero
1139 1538 1382 1587 obiectam
1419 1537 1726 1586 membratim
1759 1535 1834 1583 la-

154 1617 323 1665 niavit.
389 1617 577 1682 Agave,
626 1623 684 1667 ut
725 1633 845 1666 suae
877 1618 1056 1666 mentis
1089 1633 1290 1682 compos
1324 1617 1458 1666 facta
1491 1622 1571 1666 est
1616 1622 1668 1665 et
1711 1615 1835 1665 vidit

157 1713 213 1746 se
256 1695 424 1747 Liberi
467 1697 682 1762 impulsu
725 1703 915 1746 tantum
960 1697 1122 1746 scelus
1172 1697 1462 1758 admisisse,
1510 1695 1730 1761 profugit
1773 1695 1834 1745 ab

157 1776 349 1825 Thebis
399 1781 546 1840 atque
591 1778 865 1826 errabunda
897 1779 945 1826 in
981 1777 1175 1840 lllyriae
1209 1778 1332 1826 fines
1368 1777 1563 1825 devenit
1595 1775 1656 1822 ad
1691 1775 1835 1823 Lico-

157 1861 326 1906 tersen
367 1871 566 1920 regem,
612 1873 755 1919 quam
805 1857 1088 1905 Licoterses
1137 1857 1382 1922 excepit.''
1450 1855 1658 1918 Reliqua
1691 1855 1837 1903 huius

155 1936 463 1997 narrationiS,
501 1952 626 2000 quae
658 1935 923 1985 manifesto
956 1953 1018 1985 ex
1051 1937 1296 2001 Euripide
1330 1935 1586 2000 depromta
1621 1939 1726 1995 est,
1760 1934 1838 1983 in·-

155 2016 476 2068 terciderunt.
555 2013 904 2065 Verumtamen
944 2015 1288 2080 supplementa
1321 2030 1516 2075 eorum,
1564 2031 1689 2078 quae
1724 2031 1839 2078 per-

156 2097 348 2157 ierunt,
405 2095 715 2144 inveniuntur
770 2097 818 2144 in
866 2113 905 2146 c.
958 2098 1071 2145 240.
1118 2100 1170 2145 et
1220 2111 1265 2144 c.
1300 2098 1358 2143 6:
1424 2096 1628 2161 „Agave
1677 2094 1839 2158 Lyco-

154 2178 359 2227 thersen
402 2176 453 2225 in
500 2174 663 2239 lllyria
712 2175 993 2242 (coniugem
1041 2193 1181 2225 suum
1241 2176 1473 2235 occidit),
1531 2179 1588 2224 ut
1634 2191 1841 2238 regnum

160 2257 347 2307 Cadmo
381 2255 511 2321 patri
545 2254 734 2304 daret.'’
802 2256 1073 2317 „Cadmus,
1108 2256 1351 2322 Agenoris
1386 2261 1439 2304 et
1471 2254 1740 2319 Agrisopes
1779 2254 1841 2302 fi-

159 2338 274 2399 lius,
303 2337 379 2386 ira
410 2336 604 2396 Martis,
638 2335 768 2400 quod
803 2337 1100 2394 draconem,
1136 2335 1290 2386 fontis
1324 2335 1528 2384 Castalii
1563 2336 1841 2397 custodem,

159 2419 426 2479 occiderat,
460 2432 661 2465 suorum
694 2417 836 2481 prole
866 2417 1175 2481 interempta,
1211 2433 1322 2466 cum
1355 2415 1640 2476 Harmonia,
1674 2413 1842 2463 Vene-

160 2498 232 2547 ris
266 2503 320 2547 et
347 2496 527 2550 Martis
561 2495 679 2557 filia,
715 2512 868 2545 uxore
903 2512 1006 2553 sua,
1037 2496 1089 2544 in
1122 2497 1315 2560 lllyriae
1346 2496 1629 2560 regionibus
1652 2496 1701 2544 in
1732 2495 1844 2543 dra-

163 2595 310 2629 cones
354 2582 467 2627 sunt
521 2573 797 2624 conversi-’²
884 2575 1158 2639 Utriusque
1214 2575 1473 2640 scriptoris
1538 2574 1844 2624 narrationes

237 2770 439 2825 >Paua
469 2769 549 2822 IX,
578 2768 620 2821 5,
648 2769 687 2811 1.
719 2784 762 2824 p.
790 2768 900 2812 719·
942 2767 1135 2825 Κάδμου
1165 2767 1215 2813 δε
1254 2767 1299 2820 ἐς
1326 2767 1565 2825 Ἰλλυριοὺς
1593 2768 1672 2813 καὶ
1699 2764 1845 2812 Ἰλλυ-

308 2855 420 2897 ριων
450 2838 495 2890 ἐς
533 2841 642 2890 τούς
672 2839 984 2925 καλουμένους
1016 2839 1244 2896 Ἐγχελέας
1285 2837 1666 2925 μετοικήσαντος,
1700 2838 1846 2884 Πολύ-

306 2910 452 2967 δωρος
481 2908 508 2953 ὁ
539 2908 732 2965 Καδμου
760 2908 846 2968 τὴν
875 2909 1021 2968 ἀρχὴν
1049 2910 1160 2967 {Mans

213 2981 279 3036 n)
306 2980 436 3035 Diod.
466 2981 586 3035 XIX,
613 2979 695 3024 53:
728 2997 804 3025 οτε
833 2978 890 3038 δὴ
923 2980 1088 3039 συνέβη
1118 2982 1194 3025 και
1224 2980 1335 3032 τούς
1361 2979 1466 3040 περὶ
1492 2978 1686 3038 Κάδμον
1724 2980 1775 3036 (ἰ.
1806 2995 1847 3024 e.

306 3049 416 3102 τοὺς
442 3046 678 3107 Ἐγχελεῖς)
708 3053 772 3102 εἰς
798 3050 1038 3109 Ἰλλυριοὺς
1065 3051 1283 3097 ἐκπεσεῖν.

186 3121 276 3177 ***)
306 3114 466 3166 Strabo
495 3123 589 3165 vll.
617 3138 660 3178 p.
692 3121 790 3164 326.
826 3122 992 3178 (226.):
1027 3116 1091 3168 ὧν
1121 3121 1167 3168 ἐν
1195 3127 1293 3173 τοῖς
1319 3119 1558 3178 Ἐγχελίοις
1585 3120 1630 3165 οὶ
1658 3119 1851 3178 Κάδμου

309 3192 389 3236 καὶ
413 3191 642 3250 Ἁρμονίας
671 3191 894 3248 ἀπόγονοι
923 3187 1078 3250 ἦρχον,
1107 3194 1186 3238 καὶ
1214 3193 1285 3238 τοὶ
1311 3190 1691 3250 μυθευόμενα
1720 3192 1853 3250 περὶ

312 3259 512 3308 αὐτῶν
553 3260 670 3308 ἐκεῖ
706 3264 1041 3309 δείκνυται.
1111 3265 1414 3308 Callimachus
1454 3264 1572 3319 apud
1601 3264 1786 3307 eundem
1815 3264 1851 3304 Ι.

309 3347 352 3388 p.
380 3332 450 3376 46.
481 3333 622 3389 (31.)ε

421 3403 465 3447 οἳ
492 3403 574 3460 μὲν
604 3402 672 3448 ἐπ’
698 3401 959 3462 Ἰλλυρικοῖο
986 3401 1136 3462 πόρου
1165 3402 1413 3460 σχάσαντες
1440 3401 1606 3463 ἐρετμὰ

535 3475 623 3518 λᾶα
649 3475 776 3533 παρὰ
808 3476 988 3532 ξανθῆς
1011 3473 1241 3533 Ἁρμονίης
1268 3472 1408 3532 ὄφιος
1435 3479 1529 3520 κτλ.
