2176 3874
942 300 1068 360 537

162 449 517 514 commigravit,
550 449 639 499 ubi
674 449 926 500 Crantoris
954 466 1196 511 sororem,
1232 449 1562 512 Perimedem,
1595 451 1646 504 in
1679 454 1850 504 matri-

162 531 382 582 monium
415 531 574 582 duxit.
641 531 782 581 Haec
824 531 884 580 ab
922 531 1032 594 ipso
1069 531 1343 597 LicymniQ
1379 548 1492 582 cum
1538 535 1850 598 prooemium

161 618 359 675 ageret,
410 612 606 660 theatro
659 613 886 676 exposita
936 626 1050 659 esse
1114 611 1288 676 fragm.
1336 615 1386 664 3.
1438 614 1685 676 ostendit,
1749 630 1849 679 quo

162 691 363 742 Mideae
395 693 551 757 patria
586 695 1030 742 commemoratur:

305 772 674 836 Τευθράντιον
709 771 766 823 δὲ
802 772 975 837 σχῆμα
1010 769 1234 831 ΛΙυσίας
1266 769 1479 836 χθονός.

160 852 236 902 De
270 855 439 919 priore
484 854 860 903 Heraclidarum
906 851 1073 900 reditu
1130 867 1380 916 exponens
1440 852 1576 903 idem
1625 853 1850 904 Stheneli

161 939 375 982 mortem
423 934 852 994 commemoravit,
906 933 970 981 de
1011 948 1108 995 qua
1162 933 1386 997 Hyginus
1436 949 1479 982 c.
1511 936 1625 985 244.
1661 935 1849 985 haecce

161 1014 386 1079 scripsit:
424 1015 652 1074 „Phillus
679 1012 961 1078 (Hyllus‘e),
997 1012 1230 1062 Herculis
1248 1012 1399 1072 filius,
1437 1012 1729 1063 Sthenelum
1765 1032 1850 1065 oc-

161 1093 311 1152 cidit,
360 1094 674 1159 Electryouis
709 1094 878 1158 proavi
913 1094 988 1143 sui
1021 1093 1279 1143 fratrem.’'
1354 1093 1543 1142 Caussa
1578 1095 1853 1145 excedendi

160 1174 508 1239 Peloponneso
541 1180 624 1223 aut
658 1191 715 1223 ea
747 1175 935 1235 fuerat,
970 1190 1118 1238 quam
1154 1174 1374 1223 ostendit
1421 1173 1697 1233 Diodorus,
1748 1181 1852 1238 aut,

161 1254 293 1318 quod
346 1256 500 1320 magis
553 1255 676 1303 mihi
723 1257 989 1320 probatur,
1035 1255 1210 1319 pestis,
1253 1257 1463 1319 propter
1510 1255 1726 1304 reditum
1774 1256 1854 1306 fe-

159 1336 390 1384 stinatum
426 1336 663 1384 immissa.
730 1335 856 1384 Nam
891 1334 1239 1399 ApollodoruS,
1276 1331 1614 1400 α’πολομένου
1649 1332 1722 1395 δέ,
1776 1337 1852 1386 in-

158 1414 296 1479 quit,
347 1413 682 1479 Εὐρυσθέως
739 1411 824 1465 έπὶ
886 1415 1307 1480 Πελοπόννησον
1341 1408 1517 1481 ἦλθον
1582 1413 1637 1466 οἱ
1687 1408 1850 1482 Ἡρα-

157 1494 361 1546 κλεῖδαι
417 1494 508 1547 καὶ
571 1496 746 1556 πάσας
801 1489 942 1548 εἷλον
1010 1494 1105 1557 τὰς
1165 1495 1358 1556 πόλεις.
1429 1491 1550 1547 Ἐπὶ
1600 1493 1850 1548 ἐνιαυτὸν

160 1573 217 1626 δὲ
253 1574 435 1637 αὐτοῖς
470 1573 528 1628 ἐν
561 1582 627 1643 τῇ
660 1576 878 1644 καθόδῳ
910 1575 1215 1644 γενομένοις
1250 1576 1438 1643 φθορὰ
1471 1581 1649 1629 πᾶσαν
1683 1580 1853 1630 Πελο-

159 1655 436 1724 πόννησον
486 1658 713 1725 κατέσχε.
798 1658 908 1709 Καὶ
949 1658 1150 1724 ταύτην
1193 1657 1447 1725 γενέσθαι
1493 1658 1729 1726 χρησμὸς
1762 1659 1853 1712 διὰ

159 1731 289 1798 τοὺς
334 1733 684 1804 Ἡρακλείδας
742 1735 959 1807 ἐδήλου·
1021 1740 1148 1804 πρὸ
1202 1740 1327 1806 γὰρ
1387 1743 1508 1792 τοῦ
1556 1739 1853 1802 δέοντος

161 1813 416 1882 αὐτοὺς
482 1824 867 1872 κατελθεῖν.
941 1815 1118 1872 ’Όθεν
1175 1821 1523 1882 α’πολιπόντες
1577 1822 1852 1875 Πελοπόν-

157 1912 330 1964 νησον
370 1896 545 1969 ἦλθον
590 1902 663 1963 εἷς
709 1902 1039 1966 Μαραθῶνα
1086 1902 1240 1954 κάκεῖ
1278 1901 1563 1970 κατῴκουν
1584 1904 1652 1969 *).
1707 1904 1851 1955 Haec

160 2000 225 2033 ex
259 1985 503 2050 Euripide
541 1987 695 2049 petita
731 2001 844 2034 esse
862 1984 1236 2034 etMarathonis
1253 1986 1658 2034 commemoratio
1675 1991 1844 2035 osten-

158 2064 232 2114 dit
286 2065 498 2130 (quippe
543 2067 603 2114 ab
657 2066 1046 2115 Atheniensibus
1082 2066 1205 2113 solis
1241 2066 1569 2123 Heraclidas,
1620 2066 1852 2114 exclusos

157 2145 442 2195 civitatibus
478 2146 732 2205 omnibus,
778 2152 1009 2210 receptos
1044 2161 1158 2194 esse
1194 2148 1391 2211 saepius
1428 2150 1599 2194 noster
1631 2145 1851 2193 affirma-

157 2224 251 2289 vit)
287 2231 341 2275 et
373 2243 451 2284 ea,
490 2243 615 2290 quae
650 2226 713 2274 de
748 2226 992 2289 Licymnii
1018 2226 1171 2274 caede
1201 2228 1464 2276 subiuncta
1492 2230 1627 2284 sunt,
1663 2230 1853 2274 testau-

157 2309 254 2353 tur.
331 2305 456 2354 Erat
490 2312 658 2354 autem
694 2307 742 2353 in
778 2306 1062 2370 Licymnio,
1115 2307 1336 2370 quamvis
1372 2306 1492 2355 s'ene
1527 2302 1653 2371 (ἤδη
1687 2302 1854 2370 γηρά-

160 2394 337 2447 σκων,
392 2385 447 2434 ΙΙ.
486 2384 538 2448 β,
585 2383 744 2447 663.),
796 2385 1141 2433 firmissimum
1194 2386 1496 2434 Alcumenae
1530 2386 1852 2449 praesidium,

159 2481 273 2514 cum
308 2480 403 2529 qua
437 2466 764 2514 communiter
797 2465 1006 2513 tutelam
1038 2465 1310 2513 liberorum
1346 2464 1581 2514 Herculis
1628 2465 1851 2531 gerebat.

159 2544 236 2595 Eo
271 2551 467 2610 spectat
499 2545 676 2609 fragm.
712 2549 759 2594 ⁸1.
796 2545 986 2594 Alcm.:

296 2624 475 2677 δεινόν
507 2642 557 2675 τι
589 2619 792 2674 τέκνων
824 2624 1049 2690 φίλτρον
1082 2620 1275 2690 ἔθηκεν

291 2704 419 2767 θεὸς
453 2705 778 2771 ἀνθρώποις.

160 2787 264 2838 Sed
297 2788 638 2854 Tlepolemus,
673 2787 918 2836 maximus
951 2792 1070 2836 natu
1103 2786 1348 2847 filiorum,
1397 2784 1636 2836 defuncto
1683 2786 1852 2852 Hyllo,

160 2873 218 2917 ut
251 2875 357 2917 erat
390 2869 535 2918 ferox
567 2875 717 2932 atque
751 2867 999 2916 violentus
1032 2868 1254 2933 ingenio,
1287 2867 1550 2931 impatiens
1588 2870 1695 2916 erat
1728 2867 1853 2916 leni-

156 2948 305 3008 tatis,
350 2950 600 2999 tarditatis
635 2955 686 2997 et
718 2947 1023 2996 morositatis
1072 2948 1260 2996 senilis.
1335 2946 1485 2996 Unde
1518 2953 1635 2996 nata
1667 2947 1855 2996 discor-

158 3027 242 3077 dia
274 3028 572 3079 factionibus
607 3028 966 3094 rempublicam
994 3027 1306 3077 distrahebat
1328 3028 1525 3091 iamque
1559 3027 1612 3076 in
1645 3027 1853 3077 seditio-

158 3125 271 3159 nem
318 3110 503 3160 malum
549 3110 764 3176 gliscens
811 3112 1109 3173 erupturum
1144 3113 1269 3160 erat.
1339 3107 1438 3157 Hic
1484 3123 1652 3158 rerum
1695 3112 1852 3158 status

218 3310 270 3365 ³⁸‘)
301 3311 564 3367 Congruunt
599 3313 742 3356 verba
779 3310 1052 3355 scholiastae
1091 3309 1150 3353 ad
1187 3309 1335 3353 Orest.
1365 3324 1410 3353 v.
1440 3307 1483 3351 5.
1524 3308 1715 3364 scripta:
1757 3307 1851 3352 τῶν

297 3378 351 3423 δὲ
390 3378 696 3439 Ἡρακλειδῶν
736 3379 1059 3438 κατασχόντων
1102 3378 1486 3438 Πελοπόννησον,
1538 3377 1783 3436 ἔχρησεν
1825 3376 1851 3421 ὁ

299 3446 446 3502 θεὸς
486 3449 660 3504 αὐτούς
701 3451 784 3510 μὲν
823 3451 1086 3509 ἀποστῆναι
1125 3454 1501 3510 Λακεδαίμονος,
1537 3448 1649 3502 τούς
1677 3447 1728 3495 δὲ
1758 3452 1856 3494 Πε-

300 3523 494 3574 λοπίδας
521 3525 804 3582 βασιλεῦσαι.
