2144 3854
907 268 1026 327 2⁰3

263 414 306 474 ὦ
337 421 488 481 πόλις
514 413 764 486 Ἄργους,
795 413 976 466 κλύεθ’
1012 405 1100 464 οἶα
1129 410 1278 479 λέγει.

262 585 340 637 ἴθ’
375 582 498 636 ὅποι
529 579 733 647 χρῄζεις
751 589 764 603 ·
799 574 902 627 οὐκ
933 571 1232 637 ἀπολοῦμαι

261 669 355 735 τῆς
387 667 483 732 σῆς
507 655 720 724 Ἑλένης
753 654 947 708 οὕνεκα
1012 681 1079 692 -—-
1142 680 1209 689 -—

262 747 519 810 Σπάρτην
553 741 749 806 ἔλαχες·
783 735 964 802 κείνην
995 734 1196 799 κόσμει,

260 826 355 890 τὰς
388 823 445 878 δὲ
479 821 745 888 Μυκήνας
775 817 925 885 ἡμεῖς
957 814 1077 882 ἰδίᾳ.

129 909 285 960 chori
316 909 482 967 verba,
515 919 640 969 quae
672 902 883 950 abeunte
916 898 1147 948 Menelao
1180 897 1316 960 dicit,
1350 897 1535 946 haecce
1568 902 1709 946 sunt:

258 984 474 1056 χαλεποὶ
504 983 723 1048 πόλεμοι
753 979 856 1047 γὰρ
889 977 1137 1043 ἀδελφῶν
1150 975 1220 1043 *).

128 1070 309 1121 Statim
353 1068 534 1119 deinde
576 1065 638 1113 ad
690 1064 1106 1128 Agamemnonem
1142 1059 1308 1125 prodit
1339 1058 1554 1108 famulus
1588 1057 1804 1123 quidam,

128 1153 210 1216 qui
243 1150 522 1216 Telephum
555 1148 604 1195 in
638 1144 831 1193 aedium
866 1142 1050 1191 sacello
1086 1141 1343 1190 sedentem
1379 1140 1665 1205 conspexit,
1715 1139 1804 1188 de-

128 1248 225 1296 que
259 1237 315 1281 ea
350 1247 407 1281 re
439 1229 690 1278 dominum
725 1225 984 1274 certiorem
1019 1221 1171 1271 facit:

257 1339 315 1348 -—
451 1335 514 1344 -
649 1321 873 1373 „quem
910 1320 1030 1370 ego
1062 1301 1176 1351 aba·
1210 1300 1498 1368 adspexi
1531 1301 1761 1365 virum,

261 1388 710 1441 Immortalem
743 1387 827 1437 mi
860 1385 1040 1435 intui
1072 1381 1366 1443 viderer,
1401 1382 1474 1430 ni
1508 1383 1806 1431 vestitus

985 1471 1009 1514 t
1026 1470 1086 1514 et
1103 1481 1187 1526 er,

268 1548 719 1610 Μοεειίταιίο,
753 1544 1104 1597 vastitudo
1131 1541 1628 1611 praedicarent
1665 1560 1807 1593 esse

967 1625 1000 1673 h
1015 1641 1103 1674 em
1117 1641 1146 1673 o
1160 1639 1194 1672 n
1208 1629 1327 1672 em’‘
1351 1620 1448 1686 Μ).

131 1710 292 1773 Quem
326 1709 642 1774 peregrinum
678 1723 827 1773 quum
846 1706 1043 1772 planum
1072 1709 1207 1754 esset
1231 1718 1327 1752 non
1355 1703 1508 1752 inscia
1533 1703 1613 1753 vel
1641 1705 1809 1770 ignara

131 1791 300 1854 regina
332 1790 486 1855 recipi
521 1790 760 1855 potuisse,
795 1788 918 1836 haec
951 1787 1115 1835 statim
1147 1789 1392 1834 evocatur.
1460 1785 1598 1848 Quae
1631 1801 1809 1834 nomen

131 1870 331 1935 quidem
364 1870 666 1934 patriamque
712 1874 764 1917 et
805 1882 962 1932 genus
1007 1867 1257 1932 peregrini
1302 1883 1358 1916 se
1399 1867 1518 1917 dicit
1561 1866 1808 1931 ignorare,

131 1951 223 2000 sed
253 1950 412 1999 videri
445 1966 559 1999 eum
592 1949 743 1997 nobili
773 1947 884 1996 loco
918 1952 1084 1995 natum
1119 1963 1261 1996 esse:

261 2009 465 2093 „svam
511 2029 644 2078 etsi
695 2045 772 2094 op
791 2034 979 2076 ertu-s
1038 2027 1428 2093 squalitate
1489 2032 1554 2077 et
1618 2027 1810 2078 lactu

992 2107 1484 2173 horrificabili‚

267 2190 594 2256 Profecto
626 2188 802 2239 haud
835 2204 1159 2256 quaquam
1194 2195 1292 2238 est
1343 2195 1532 2238 ortas
1564 2187 1810 2238 medio-

993 2271 1096 2318 cri
1125 2285 1151 2318 s
1166 2267 1312 2318 atn'’
1331 2266 1464 2333 ***).

133 2349 540 2402 commenticiam
587 2349 802 2400 fabulam
817 2388 830 2411 ‚
876 2350 1015 2414 quasi
1060 2368 1090 2399 a
1122 2350 1388 2416 peregrino
1423 2351 1519 2400 sibi
1552 2352 1810 2408 narratam,

131 2432 306 2492 refert,
328 2431 483 2492 inum,
517 2448 628 2480 cum
651 2430 880 2495 Telepho
906 2430 1087 2480 bellum
1112 2436 1384 2496 gerentem,
1408 2416 1566 2496 'quum
1600 2430 1811 2479 classem

59 2504 67 2511 “
133 2512 380 2577 coegisset
411 2516 465 2560 et
497 2510 690 2575 proelio
724 2510 881 2559 navali
916 2511 1220 2575 confligeret,
1255 2512 1438 2561 victum
1481 2511 1812 2561 vulneratum-

136 2609 236 2658 que
269 2605 414 2641 esse:

262 2669 443 2736 κώπης
477 2669 708 2731 ἀνάσσει,
743 2668 985 2734 κάποβὰς
1021 2666 1071 2729 ἐς
1106 2668 1331 2720 Μυσίαν

263 2747 658 2817 ἐτραυματίσθη
692 2748 922 2819 πολεμίῳ
956 2749 1218 2816 βραχίονι.

135 2830 328 2884 Deletis
364 2834 537 2898 copiis,
570 2849 722 2898 regno
760 2839 977 2892 exutum,
1014 2833 1216 2883 mutatis
1250 2832 1468 2882 vestibus
1505 2834 1815 2898 profugisse:

133 2914 333 2979 ignotus
374 2914 533 2963 nautis
569 2930 718 2978 quum
753 2915 802 2962 in
837 2929 1007 2962 navem
1042 2914 1368 2974 ascendisset,
1403 2930 1523 2963 nave
1550 2915 1598 2963 vi
1623 2921 1816 2980 tempe-

135 2995 274 3044 statis
290 2994 350 3042 ad
371 2995 587 3042 hostium
615 2995 877 3043 stationem
907 2993 1087 3052 delata,
1120 2994 1427 3059 pereundum
1454 2994 1651 3055 fuisset,
1676 2996 1771 3044 nisi
1789 3014 1818 3045 a

135 3075 335 3123 domino
372 3073 525 3130 navis,
562 3075 640 3122 cui
673 3074 972 3122 necessitate
1008 3080 1231 3140 cogente,
1260 3075 1373 3138 quis
1404 3080 1553 3135 esset,
1587 3077 1819 3142 aperuis-

137 3158 233 3215 set,
263 3159 584 3203 conservatus
610 3160 757 3204 esset.
793 3154 921 3202 Eum
953 3154 1102 3215 enim,
1127 3155 1465 3204 misericordia
1488 3156 1579 3204 viri
1602 3161 1818 3221 captum-1

146 3247 320 3282 navem
355 3233 527 3298 procul
561 3236 621 3283 ab
655 3235 873 3284 hostium
908 3234 1066 3284 classe
1098 3234 1189 3284 sub
1227 3235 1477 3286 montibus
1510 3235 1814 3287 occultasse:

212 3346 259 3400 *)
290 3347 476 3404 Fragm.
506 3347 591 3389 inc.
622 3362 664 3390 n.
692 3347 790 3389 102.

198 3415 266 3468 ¹¹⁸¹)
294 3415 402 3459 Attii
432 3417 601 3474 fragm.
631 3433 673 3460 n.
703 3418 744 3460 3.
802 3417 956 3461 Bothii
985 3418 1338 3463 emendationem
1367 3418 1540 3462 admisi.

180 3484 267 3538 **')
293 3485 402 3530 Attii
425 3485 590 3545 fragm.
621 3502 663 3532 n.
693 3488 762 3531 10.
792 3491 836 3531 et
861 3486 904 3530 8.
