2144 3854
896 263 1021 323 315

116 430 228 467 rum
261 415 399 466 aiunt
433 414 724 465 collocatum
759 412 944 471 fuisse,
991 428 1136 476 quem
1171 413 1287 464 inde
1318 419 1653 480 protractum,
1703 434 1802 470 non

117 496 266 562 longo
299 495 595 562 interposito
630 494 811 558 spatio,
846 492 898 542 in
930 492 1113 550 locum,
1148 493 1198 542 in
1234 510 1333 558 quo
1367 495 1548 546 chorus
1580 514 1800 549 commo-

118 578 354 635 rabatur,
389 575 561 625 retulit
594 573 839 623 Hercules
875 578 926 622 et
958 572 1163 622 vinculis
1198 574 1496 625 firmissimis
1530 577 1593 627 ad
1626 595 1800 646 rupem

117 655 360 720 religavit.
429 654 683 705 Adventus
727 653 820 701 viri
872 652 1144 702 Cerberum
1189 651 1402 705 ferentis
1444 659 1690 710 nuntiatus
1724 666 1804 712 est

115 735 259 786 hisce
293 735 457 784 verbis
493 734 693 798 (fragm.
727 734 821 782 inc.
858 735 1028 792 172.)-

175 815 182 819 ’
246 811 361 880 ἥκει
395 813 444 865 δ’
479 811 559 865 ἐπ’
595 813 758 878 ὤμοις
789 809 823 878 ἢ
857 810 988 872 συὸς
1022 808 1206 878 φέρων
1240 813 1410 878 βάρος

248 892 284 962 ἢ
314 893 413 962 τὴν
445 897 698 960 ἄμορφον
729 891 917 958 λύγγα,
954 891 1217 953 δύςτοκον
1251 894 1428 956 δάκος.

117 975 442 1027 Atrocitatem
478 975 763 1026 certaminis
798 974 1072 1024 ostendunt
1105 976 1354 1041 sugillata,
1391 978 1569 1042 quibus
1607 979 1802 1031 Hercu-

115 1055 191 1106 les
225 1057 566 1107 adiuvantibus
600 1056 778 1120 satyris
811 1055 1075 1105 medetur:

181 1168 185 1171 -
247 1162 315 1175 --
379 1135 415 1204 ἢ
447 1135 663 1189 κύαθον
695 1133 730 1202 ἢ
765 1134 1097 1202 χαλκήλατον

245 1215 429 1286 ἡθμὸν
460 1217 759 1284 προςίσχων
792 1215 963 1277 τοῖςδε
996 1218 1110 1277 τοῖς
1141 1214 1417 1279 ὑπωπίοις.

245 1298 438 1350 Deinde
471 1300 720 1350 Hercules
755 1298 806 1349 in
839 1305 1034 1348 antrum
1055 1315 1112 1348 se
1138 1298 1347 1348 contulit
1376 1304 1426 1349 et
1449 1314 1628 1365 corpus
1650 1301 1807 1366 quieti

118 1378 290 1443 dedit,
335 1383 518 1447 satyris
566 1381 762 1430 interim
806 1381 918 1428 vino
966 1386 1018 1429 et
1061 1380 1284 1429 cantibus
1332 1395 1388 1429 se
1422 1380 1804 1432 oblectantibus.

116 1460 432 1526 Eurystheus
465 1467 651 1520 autem,
686 1460 871 1510 certior
904 1460 1066 1509 factus
1102 1460 1372 1510 Herculem
1399 1460 1461 1509 ad
1485 1461 1674 1511 inferos
1715 1463 1806 1513 de-

119 1541 390 1599 scendisse,
423 1557 554 1591 nunc
587 1543 789 1590 demum
825 1541 1002 1590 timore
1035 1555 1218 1590 vacuus
1250 1541 1386 1590 urbis
1421 1542 1682 1592 moenibus
1713 1557 1808 1593 ex-

118 1622 301 1671 cedere
333 1622 486 1671 audet
519 1627 572 1671 et
605 1622 880 1686 gratulatur
915 1620 1028 1676 sibi,
1082 1621 1213 1685 quod
1249 1620 1395 1670 hoste
1428 1621 1654 1672 horribili
1680 1622 1807 1674 libe-

118 1707 258 1752 ratus
292 1704 377 1752 sit:
414 1703 581 1767 priora
614 1703 748 1751 enim
784 1702 946 1750 omnia
980 1701 1249 1750 certamina
1279 1701 1494 1751 feliciter
1526 1703 1587 1751 ab
1616 1719 1679 1752 eo
1716 1721 1806 1768 pa-

56 1784 59 1786 ’
118 1787 245 1832 trata
278 1798 422 1844 esse,
467 1783 602 1832 velut
651 1782 903 1832 Lernaeae
934 1781 1128 1846 hydrae
1162 1781 1327 1846 capita
1362 1787 1561 1832 centum
1595 1783 1807 1835 calamo-

119 1878 229 1913 rum
262 1865 417 1913 instar
448 1862 614 1928 gladio
649 1864 753 1912 eius
789 1863 990 1911 desecta
1025 1877 1164 1910 esse:

250 1942 406 1994 πάντ’
442 1938 736 2006 ἐξεθέρισεν
772 1938 898 2002 ὥςτε
931 1941 1163 2006 πύρινον
1197 1940 1414 2007 στάχυν,

251 2023 439 2091 σπάθῃ
471 2023 722 2076 κολούων
757 2021 1043 2088 φασγάνου
1078 2020 1419 2088 μελανδὲτου.

117 2103 293 2156 Paullo
326 2110 445 2172 post
479 2105 703 2156 Cerbero
750 2112 1019 2170 conspecto
1065 2108 1239 2169 stupet
1284 2106 1574 2169 horretque.
1658 2105 1811 2156 Ludit

118 2200 232 2236 eum
268 2186 450 2236 chorus
483 2193 536 2237 et
568 2187 631 2236 ad
665 2185 1001 2236 accedendum
1037 2185 1242 2250 propius
1268 2185 1524 2234 hortatur:
1558 2201 1656 2235 non
1679 2187 1810 2236 enim

117 2281 288 2315 verum
325 2268 588 2333 vivumque
621 2267 922 2324 Cerberum,
968 2266 1058 2314 sed
1094 2266 1355 2330 imaginem
1406 2266 1588 2327 talem,
1636 2268 1809 2331 quales

117 2344 367 2395 Daedalus
398 2347 631 2397 fabricari
666 2348 842 2397 solitus
877 2346 974 2408 sit,
1010 2345 1245 2395 Herculis
1279 2351 1388 2396 arte
1421 2346 1658 2398 effectum
1694 2363 1809 2414 pro-

119 2426 437 2492 positumque
470 2442 614 2476 esse:

251 2504 355 2556 οὐκ
387 2503 545 2567 ἔστιν,
583 2497 626 2556 ὦ
658 2503 852 2571 γεραιέ,
887 2503 960 2572 μὴ
995 2503 1171 2572 δείσῃς
1203 2503 1328 2556 τάδε
1344 2516 1360 2532 ·

249 2583 316 2637 τὰ
350 2586 646 2638 Δαιδάλεια
678 2587 852 2638 πάντα
886 2589 1152 2638 κινεῖσθαι
1186 2585 1335 2638 δοκεῖ

249 2664 461 2733 βλέπειν
492 2669 538 2718 τ’
571 2667 842 2734 ἀγάλμαθ’
861 2684 873 2698 ·
911 2657 1004 2718 ὧδ’
1039 2666 1178 2734 ἀνὴρ
1211 2669 1387 2727 κεῖνος
1420 2665 1610 2737 σοφός.

119 2747 331 2813 Largam
377 2750 574 2800 ridendi
618 2750 873 2799 materiam
908 2750 1032 2798 haec
1066 2766 1235 2799 rerum
1271 2749 1490 2798 conditio
1522 2749 1811 2814 suppedita-

120 2828 222 2881 bat.
309 2830 570 2879 Postremo
618 2837 732 2879 actu
779 2830 1025 2879 Hercules
1073 2846 1135 2879 ex
1180 2835 1324 2879 antro
1368 2830 1522 2879 rediit
1568 2836 1619 2878 et
1662 2831 1813 2880 minis

117 2911 354 2960 terrendo
386 2910 723 2975 Eurystheum
759 2910 1045 2976 impetravit
1090 2911 1151 2959 ab
1199 2926 1293 2972 eo,
1343 2915 1399 2959 ut
1447 2909 1550 2959 fide
1596 2911 1710 2960 data
1754 2927 1814 2961 se

119 2990 281 3039 nullos
314 2990 413 3040 iam
445 2991 644 3041 labores
677 2992 750 3040 illi
784 2991 1119 3040 iniunctumm
1153 3007 1268 3041 esse
1312 2991 1660 3055 promitteret,
1716 2992 1812 3041 huc

118 3070 430 3133 conditione,
479 3078 537 3121 ut
581 3071 643 3120 ad
690 3072 878 3121 inferos
925 3071 1199 3122 Cerberum
1232 3071 1478 3121 Hercules
1510 3077 1809 3138 reportaret.

119 3148 341 3201 Rediens
375 3153 425 3201 in
458 3167 630 3202 orcum
665 3152 913 3202 Hercules
948 3168 1005 3203 se
1037 3153 1294 3203 Theseum
1326 3152 1444 3202 inde
1486 3153 1810 3203 reducturum

120 3244 236 3280 esse
266 3233 560 3297 praedicere
594 3234 768 3298 potuit.
1712 3243 1715 3247 '

251 3310 484 3377 Magnam
517 3314 667 3363 huius
689 3314 921 3363 dramatis
950 3312 1147 3363 laudem
1176 3314 1337 3364 fuisse
1370 3313 1489 3363 inde
1524 3312 1811 3362 existimare

121 3388 268 3452 licet,
299 3393 432 3455 quod
466 3394 703 3453 Aeliano,
738 3395 1026 3452 Athenaeo,
1076 3393 1346 3455 Erotiano,
1393 3393 1616 3452 Polluci,
1667 3392 1809 3444 Auti-

122 3469 292 3535 phani,
326 3471 544 3525 Stobaeo
580 3476 788 3541 aliisque
820 3475 1068 3525 familiare
1098 3475 1209 3526 fuit.
