2144 3854
1100 251 1221 309 1²4

465 396 609 460 Quod
663 393 959 444 necessitate
1013 400 1209 458 coacta,
1268 411 1507 460 suamque
1558 411 1709 462 agens
1756 413 1994 463 caussam,

332 478 730 543 philosophorum
764 474 942 539 placita
973 474 1259 542 Menalippa
1291 477 1513 541 exponit,
1557 477 1817 541 quodque,
1844 495 1998 544 quum

333 557 603 604 doceantur
645 559 979 619 spectatores,
1030 557 1173 604 simul
1207 557 1577 620 exspectatione
1620 558 1998 622 suspenduntur,

326 650 444 682 vere
485 635 732 698 poeticum
756 688 758 692 ,
778 639 870 683 est.
939 635 1047 684 Nec
1085 637 1243 685 minus
1287 636 1504 699 reliquae
1549 635 1783 686 dramatis
1831 642 2000 703 partes

327 713 580 763 movendis
606 714 1005 778 delectandisque
1027 714 1304 764 hominibus
1330 716 1536 765 idoneae
1562 717 1779 779 fuerunt,
1806 723 1864 766 ut
1885 716 2000 766 the-

327 794 446 842 atris
479 809 636 857 aeque
668 800 815 856 atque
849 795 1052 843 eruditis
1087 795 1210 843 haec
1245 794 1405 842 sabula
1438 801 1576 859 grata
1611 801 1762 857 esset,
1797 796 1849 845 id
1868 797 2000 860 quod
2059 856 2066 868 .

326 878 388 922 ex
425 873 530 923 Cic.
564 872 664 920 off.
701 874 748 930 l,
782 876 873 935 31,
921 875 999 922 11.
1032 873 1346 938 intelligitur,
1394 890 1489 938 quo
1523 876 1633 924 loco
1666 874 2000 941 Menalippum
2050 863 2051 866 Ἴ

325 954 444 1003 dicit
475 954 536 1002 ab
567 953 626 1000 iis
661 953 870 1001 scenicis
903 954 981 1016 agi
1016 953 1199 1016 solere,
1256 955 1337 1019 qui
1368 961 1512 1019 gestu
1544 956 1850 1020 potissimum
1883 955 2002 1005 freti

326 1033 441 1082 sint.
508 1033 618 1082 Hoc
652 1033 903 1097 pertinere
935 1032 1128 1084 videtur
1157 1033 1219 1081 ad
1253 1049 1366 1083 eum
1400 1039 1592 1097 actum,
1634 1051 1731 1100 quo
1778 1050 1894 1084 suos
1924 1035 2000 1084 illi

323 1112 505 1161 liberos
541 1111 602 1160 ad
635 1128 810 1177 rogum
843 1114 1155 1178 componenti
1186 1115 1338 1178 magis
1371 1115 1610 1180 gestibus,
1647 1130 1790 1179 quam
1817 1115 1999 1177 verbis,

321 1193 544 1241 dolorem
578 1193 854 1255 exprimere
886 1192 1038 1243 licuit.
1118 1194 1161 1243 A
1194 1193 1389 1243 Nerone
1439 1184 1634 1258 quoque
1666 1193 1999 1260 Menalippum

323 1273 518 1336 saepius
553 1278 709 1320 actam
745 1287 856 1320 esse
889 1272 1100 1322 ostendit
1133 1272 1293 1323 Iuven.
1330 1273 1409 1334 lll,
1441 1277 1489 1334 8,
1524 1275 1637 1322 228.
1719 1274 1798 1323 Ad
1827 1275 1997 1341 dispu-

322 1353 533 1400 tationes
567 1350 934 1416 philosophicas
969 1358 1294 1417 respexerunt
1325 1352 1466 1413 Plato
1500 1351 1674 1418 Symp.
1709 1370 1759 1418 p.
1793 1356 1905 1406 ΓΠ.
1935 1355 1997 1418 Α,

321 1429 464 1479 Diod.
497 1430 596 1480 Sic.
630 1429 693 1480 Τ.
737 1430 775 1479 Ι.
810 1448 862 1495 p.
906 1433 985 1479 11.
1033 1449 1076 1481 c.
1123 1436 1202 1492 7.,
1250 1433 1538 1493 Erotianus,
1584 1432 1813 1483 Clemens
1857 1434 1995 1484 Alex.

271 1569 275 1574 ·
321 1509 515 1572 aliique,
561 1525 684 1573 quos
729 1525 874 1574 supra
908 1512 1277 1563 nominavimus,
1345 1511 1470 1560 Risit
1512 1511 1711 1561 easdem
1743 1513 1996 1579 Aristoph.

322 1588 526 1638 Thesm.
563 1590 625 1637 14
660 1605 797 1654 seqq.
833 1591 965 1652 2⁷2„
1000 1590 1125 1640 Ran.
1151 1593 1262 1640 100.
1288 1593 1452 1650 1244„
1486 1589 1842 1655 Lysim-‚1124
1856 1609 1993 1657 seqq.

763 1886 904 1943 'C.
1002 1884 1464 1940 Cadmus.

449 2019 621 2069 Cadmi
652 2019 755 2068 fata
788 2026 1006 2068 extrema
1039 2019 1407 2083 interitumque,
1443 2035 1538 2083 quo
1571 2019 1620 2067 in
1653 2034 1860 2083 anguem
1885 2030 1992 2066 mu-

314 2105 445 2149 tatus
491 2104 598 2160 est,
660 2100 911 2164 tragoedia
967 2100 1128 2163 aliqua
1175 2099 1419 2148 celebrata
1473 2094 1626 2147 fuisse
1698 2114 1761 2148 ex
1800 2097 1995 2148 Horatii

313 2178 476 2228 verbis
514 2180 563 2228 in
593 2180 702 2230 Art.
738 2186 872 2245 poet.
906 2197 951 2231 v.
987 2181 1096 2229 185.
1132 2178 1295 2242 colligi
1330 2179 1513 2243 potuit:
1923 2190 1926 2193 '

444 2257 572 2320 „Ne
599 2275 788 2325 pueros
823 2258 991 2308 coram
1019 2259 1212 2325 populo
1250 2258 1444 2314 Medea
1477 2256 1721 2315 trucidet,

447 2339 560 2388 Aut
596 2339 823 2388 humana
850 2340 1030 2406 palam
1067 2345 1252 2404 coquat
1288 2344 1413 2386 exta
1446 2339 1678 2402 nefarius
1715 2336 1928 2398 Atreus,

445 2418 558 2466 Aut
630 2419 685 2466 in
757 2433 904 2467 avem
962 2417 1168 2482 Progne
1236 2424 1498 2479 vertatur,
1579 2416 1861 2466 Cadmus
1928 2417 1994 2465 in

1123 2497 1460 2563 anguem?

311 2575 600 2641 Euripidem
666 2579 769 2626 eius
815 2577 1101 2642 tragoediae
1162 2584 1418 2627 auctorem
1465 2576 1622 2626 fuisse
1665 2591 1727 2626 ex
1765 2574 1993 2624 versibus

310 2656 530 2716 duobuS,
593 2671 715 2720 quos
759 2663 986 2722 tanquam
1031 2656 1330 2748 Euripideos
1376 2657 1717 2721 Hermogenes
1763 2653 1990 2712 servavit,

309 2740 516 2802 apparet
532 2733 609 2800 *):

444 2814 501 2865 οἴ
529 2831 646 2879 μοι·
683 2814 897 2880 δράκων
929 2833 1035 2882 μου
1069 2814 1300 2881 γίγνεται
1331 2814 1391 2866 τό
1425 2817 1474 2879 γ’
1508 2812 1702 2880 ἥμισυ·

438 2893 643 2957 τέκνον,
676 2897 1029 2962 περιπλάκηθι
1061 2901 1144 2963 τῷ
1166 2898 1330 2961 λοιπῷ
1364 2893 1536 2959 πατρί.

306 2976 611 3027 Nominatim
678 2983 841 3026 autem
890 2978 1128 3027 Cadmum
1171 2977 1420 3042 Euripidis
1478 2973 1782 3041 tragoediam
1833 2972 1992 3021 fuisse

310 3055 446 3104 solus
495 3055 685 3106 Probus
734 3057 794 3104 ad
843 3057 982 3121 Virg.
1035 3058 1142 3107 Ecl.
1189 3055 1286 3116 VI,
1331 3059 1411 3104 31.
1462 3060 1688 3104 testatur.
1755 3052 1990 3102 Fabulam

310 3136 484 3185 Cadmi
508 3136 677 3200 plures
700 3136 969 3202 scriptores
993 3140 1316 3202 respexerunt
1336 3136 1415 3184 vel
1430 3137 1874 3185 commemorarunt
1887 3128 1988 3195 **),

378 3305 422 3359 ⁸)
451 3305 588 3346 Rhet.
631 3318 699 3360 gr.
736 3304 814 3346 111.
853 3320 896 3359 p.
934 3304 1031 3347 180.
1091 3305 1335 3362 Cecropem
1362 3315 1391 3346 a
1419 3302 1662 3348 scholiasta
1690 3293 1793 3345 etim
1821 3301 1989 3344 Cadmo

449 3375 683 3417 confusum
713 3389 808 3417 esse
837 3375 949 3418 vidit
974 3374 1186 3419 Walzius.

355 3445 411 3500 *’)
443 3445 512 3489 Cf.
542 3445 711 3488 Welck.
742 3460 786 3500 p.
815 3444 913 3488 810.
