2176 3874
1133 275 1257 332 414

362 431 462 475 tem
513 426 833 479 renovarunt,
877 420 1271 485 conspiratione,
1318 421 1609 472 abstinentia
1653 429 1706 474 et
1720 425 2028 490 severitate,

359 504 506 568 orgiis
559 501 794 566 cultuque
847 501 1079 551 bacchico
1138 502 1356 566 insignes
1415 506 1562 566 atque
1617 502 1875 569 Orpheum
1934 521 2028 572 pn

358 582 574 632 foederis
610 586 812 630 auctore
845 581 1091 642 colentes3
1127 581 1403 633 cf.Hoeck.
1438 582 1472 630 Ι.
1506 582 1538 631 Ι.
1606 584 1705 633 Aut
1735 584 2037 637 horumaut

358 661 685 725 Orphicorum
732 661 1092 726 depravationis
1131 663 1467 711 testimonium
1512 666 1690 712 exstat*
1717 665 1850 729 apud
1891 665 2025 716 Plat-

359 741 482 805 Rep.
526 759 573 806 p.
610 742 724 791 364.
774 742 837 788 B:
886 739 1109 805 ἀγύρται
1155 739 1212 791 δὲ
1256 739 1343 791 καὶ
1377 740 1587 805 μάντεις
1629 739 1712 793 ἐπὶ
1757 743 2028 796 πλουσίων

355 819 530 883 θύρας
563 819 729 879 ἰόντες
761 819 1041 871 πείθουσιν
1059 859 1072 881 ,
1112 819 1183 881 ὡς
1216 819 1322 871 ἔστι
1354 820 1499 885 παρὰ
1532 821 1682 887 σφίσι
1714 822 1939 889 δύναμις
1969 822 2028 876 ἐκ

355 901 500 951 θεῶν
532 899 849 966 ποριζομένη
877 899 1090 962 θυσίαις
1123 918 1178 952 τε
1211 900 1301 953 καὶ
1327 899 1551 970 ἐπῳδαῖς
1585 903 1699 964 εἴτει
1721 922 1773 956 τι
1796 903 2027 973 ἀδίκημά

355 999 453 1032 του
498 979 712 1046 γέγονεν
754 980 923 1032 αὐτοῦ
956 980 990 1047 ἢ
1039 982 1324 1047 προγόνων
1370 982 1614 1035 ἀκεῖσθαι
1659 987 1765 1037 κτλ.
1834 987 2026 1038 Eodem

356 1065 461 1114 sine
493 1064 643 1113 dubio
678 1063 927 1127 pertinent
961 1063 1215 1126 Euripidis
1251 1065 1399 1114 verba
1432 1065 1588 1115 haec:

486 1168 547 1178 —-
614 1168 680 1179 -·
748 1169 808 1177 —
875 1137 1002 1200 τοὺς
1035 1140 1091 1192 δὲ
1123 1141 1401 1204 τοιούτους
1432 1140 1534 1209 ἐγὼ

484 1220 702 1288 φεύγειν
735 1217 1004 1285 προφωνῶ
1037 1227 1190 1273 πᾶσι·
1225 1223 1522 1288 θηρεύουσι
1557 1223 1660 1289 γὰρ

487 1304 699 1368 σεμνοῖς
730 1301 993 1366 λόγοισιν,
1029 1301 1217 1368 αἰσχρὰ
1249 1305 1632 1370 μηχανώμενοι.

353 1385 619 1448 Nunquam,
646 1384 839 1432 maximi
873 1384 1098 1432 facienda
1132 1391 1247 1434 sunt
1280 1401 1339 1434 ea
1359 1422 1374 1446 ,
1423 1403 1548 1449 quae
1578 1385 1755 1452 vulgus
1787 1385 1906 1434 colit
1946 1385 2025 1435 vel

348 1470 520 1514 sectae
553 1465 858 1513 eruditorum
892 1463 1206 1526 familiaeque
1240 1472 1541 1529 sequuntur,
1573 1481 1752 1530 'neque
1798 1466 1924 1516 ritus
1974 1471 2028 1516 et

350 1545 572 1594 instituta
617 1559 815 1592 servare
860 1560 1023 1593 rerum
1071 1544 1287 1593 omnium
1334 1546 1680 1595 difficillimum
1725 1550 1819 1595 est.
1866 1544 2026 1595 ‘Tm

351 1623 549 1674 Venere
572 1624 834 1684 abstinere,
859 1623 1125 1689 praecipue
1150 1625 1193 1672 si
1222 1625 1454 1688 cupidine
1480 1626 1612 1675 nulla
1639 1625 1867 1683 vincaris,
1893 1624 2026 1678 einfl-

351 1704 487 1754 modi
522 1708 616 1762 est,
651 1704 781 1766 quod
815 1703 1013 1768 plurimi
1046 1705 1263 1753 assecuti
1296 1705 1396 1754 sint
1429 1711 1481 1754 et
1506 1705 1650 1770 vulgo
1674 1709 2026 1768 assequantur3

350 1789 402 1834 at
434 1788 659 1833 ruentem
690 1783 740 1831 in
766 1799 822 1832 se
848 1789 999 1832 totam
1030 1785 1276 1834 Venerem
1312 1786 1394 1850 qui
1421 1785 1762 1846 sustinuerint,
1786 1784 2027 1838 rarissimi

349 1865 691 1919 inveniuntur,
727 1863 858 1912 sicut
890 1878 1093 1923 eorum,
1144 1866 1226 1929 qui
1260 1865 1514 1929 naufragio
1549 1865 1684 1916 facto
1715 1865 1885 1931 plures
1911 1864 2027 1915 dies

349 1944 494 1995 undis
526 1943 692 1993 iactati
726 1949 858 2003 sunt,
891 1945 1178 2007 paucissimi
1204 1951 1480 1993 evaserunt.
1548 1945 1660 1994 Non
1694 1950 1828 1994 esset
1858 1944 2027 2008 igitur,

350 2024 479 2090 quod
497 2022 824 2089 Hippolytum
857 2039 1153 2088 magnopere
1179 2025 1550 2087 admiraremur,
1586 2025 1629 2073 si
1653 2039 1819 2073 merus
1837 2024 2026 2089 Pytha-

348 2119 528 2169 goreus
561 2108 695 2152 esset
726 2119 886 2166 neque
933 2103 1107 2152 altiore
1157 2104 1430 2167 sapientiae
1463 2104 1762 2168 virtutisque
1795 2103 1964 2152 studio
1996 2118 2027 2152 e

349 2185 491 2234 turba
525 2182 783 2232 emineret.
850 2180 951 2230 Sed
983 2183 1138 2231 multo
1173 2185 1502 2246 augustiorem
1529 2183 1651 2232 facit
1682 2181 1905 2232 accessio
1937 2182 2027 2231 bo-

350 2279 541 2323 norum,
574 2278 698 2326 quae
732 2277 795 2310 ex
827 2262 904 2310 sui
935 2263 1084 2310 animi
1107 2262 1286 2312 divitiis
1314 2264 1570 2328 depromta
1601 2263 1835 2312 adiiciens
1854 2266 2028 2314 noster

351 2342 617 2407 sapientiae
660 2342 950 2404 virtutisque
999 2343 1252 2406 exemplar
1296 2359 1441 2406 quam
1492 2343 1704 2392 maxime
1748 2340 2026 2411 perfeetum

352 2422 590 2487 effingere
623 2422 825 2472 studuit.
1808 2456 1813 2462 ,

483 2500 635 2551 Venit
679 2502 830 2565 igitur
881 2501 1179 2565 Hippolytus
1226 2517 1423 2564 eorum,
1472 2519 1598 2567 quae
1644 2502 1847 2550 interim
1886 2506 2028 2566 gesta

353 2587 478 2643 sunt,
513 2582 658 2646 plane
690 2583 892 2643 inscius,
929 2581 1070 2644 culpa
1099 2582 1393 2644 liberrimus,
1423 2581 1795 2647 obstupefactus
1818 2581 2026 2630 vcalami-

351 2668 454 2711 tate
488 2667 541 2710 et
571 2662 632 2710 ad
658 2662 978 2710 communiter
1003 2662 1371 2727 suscipiendum
1397 2662 1617 2710 dolorem
1643 2667 1859 2726 paratus·
1899 2660 2026 2709 Eam

351 2758 469 2792 vero
504 2742 855 2806 impudentiam
882 2742 1033 2791 etiam
1061 2743 1268 2800 scelere,
1305 2744 1436 2806 quod
1453 2741 1775 2802 commiserit,
1801 2740 2025 2804 superio-

351 2838 457 2871 rem
494 2837 607 2870 esse
640 2826 781 2885 putat
812 2827 969 2885 pater.
1038 2821 1208 2884 Itaque
1240 2822 1381 2872 initio
1413 2821 1748 2886 indignatione
1766 2834 1939 2868 vocem
1973 2823 2027 2869 et

352 2907 552 2965 stupore
584 2900 951 2965 praecludente,
988 2901 1237 2950 insidianti
1273 2901 1461 2961 similia,
1495 2900 1682 2950 vultum
1707 2900 1757 2948 in
1780 2898 2025 2948 scelerato

351 2981 476 3047 figit.
544 2980 733 3029 Deinde
767 2979 901 3028 solus
921 2996 1091 3030 secum
1109 2982 1380 3030 monstrum
1402 2980 1611 3030 hominis
1645 2979 1876 3028 miratur:
1911 2992 2024 3026 esse

354 3061 435 3126 qui
470 3077 620 3124 quum
653 3060 801 3108 miras
835 3066 982 3124 atque
1003 3061 1323 3111 incredibiles
1347 3066 1480 3110 artes
1505 3061 1553 3108 in
1588 3074 1782 3108 cassum
1814 3057 2024 3119 discant,

353 3142 670 3206 sapientiam,
714 3156 818 3188 rem
867 3141 1083 3190 omnium
1130 3142 1341 3190 maxime
1373 3139 1728 3197 necessariam,
1763 3137 2022 3201 negligant,

354 3220 463 3284 quis
507 3221 773 3285 putasset‘!
841 3226 937 3269 tam
982 3221 1210 3271 fallacem
1258 3219 1514 3285 probitatis
1566 3217 1927 3266 simulationem
1972 3216 2023 3264 in

351 3305 489 3350 tanta
522 3315 711 3350 morum
738 3299 979 3349 foeditate
1011 3301 1215 3351 inveniri
1239 3301 1500 3364 >indignum
1537 3298 1676 3347 esse!
1745 3297 2022 3346 Obsecran-

353 3386 455 3429 tem
488 3380 659 3442 filium,
695 3383 748 3428 ut
779 3379 930 3428 missa
963 3380 1292 3430 meditationis
1327 3378 1611 3435 subtilitate,
1646 3393 1789 3441 quam
1825 3374 2022 3440 quidem

352 3460 475 3524 ipse,
490 3459 618 3525 quod
633 3460 973 3526 praesentibus
988 3461 1137 3512 rebus
1155 3476 1328 3526 parum
1343 3458 1602 3509 convenire
1619 3458 1829 3518 videtur,
1845 3454 2023 3506 merito
