2144 3854
1090 269 1203 327 154

308 426 457 491 cepit,
490 439 614 488 quae
647 425 727 472 est
758 419 890 485 apud
921 418 1207 469 Pausaniam
1243 413 1322 483 (ll,
1356 417 1440 475 25,
1474 414 1561 481 2.).
1625 416 1750 469 Attii
1780 422 1975 485 tragoe-

309 507 455 564 diam,
490 519 615 568 quae
646 501 910 551 Diomedes
942 499 1255 559 inscribitur,
1305 498 1512 547 eandem
1545 500 1691 560 utque
1722 497 1976 564 Euripidis

310 586 531 635 Oeneum
564 582 720 631 fuisse
752 580 870 630 vidit
916 579 1208 630 Welekerus
1242 594 1291 642 p.
1325 580 1439 628 589.
1526 576 1620 626 His
1652 577 1802 644 igitur
1834 585 1976 628 uten-

306 669 382 714 tes
415 661 624 721 auxiliis,
656 663 752 711 inm
783 661 846 710 ad
878 664 1043 724 partes
1075 658 1272 707 fabulae
1306 658 1654 707 describendas
1682 658 1979 722 fragmenta-2

304 759 403 807 que
433 740 799 807 interpretanda
837 741 1109 805 aggredior.

437 821 606 872 Prodit
650 820 942 881 Diomedes,
980 824 1167 868 mutata
1210 824 1374 878 veste,
1421 836 1450 868 a
1494 818 1682 868 Thebis
1727 823 1872 884 atque
1918 835 1981 868 ex

304 903 638 969 Epigonorum
660 901 789 950 bello
812 899 1026 958 redienS‚
1063 905 1113 948 et
1137 898 1344 948 salutata
1373 903 1503 947 terra
1537 898 1697 963 patria
1730 901 1794 949 de
1826 900 1981 965 putris

305 983 383 1033 sui
415 981 594 1047 Tydei,
627 970 767 1032 unius
784 983 847 1031 de
862 987 1053 1045 septem
1081 979 1300 1039 ducibuS‚
1327 979 1410 1042 qui
1432 978 1632 1028 Thebas
1656 981 1983 1045 oppugnando

306 1062 597 1123 occiderint,
625 1061 859 1122 interitu,
894 1062 958 1110 de
990 1060 1148 1122 bello,
1183 1058 1312 1122 quod
1347 1063 1542 1123 patrum
1590 1051 1994 1110 ulciscendorum*

306 1159 480 1193 caussa
500 1142 588 1191 filii
611 1142 878 1191 eorundem
897 1142 1076 1190 ducum
1104 1140 1425 1204 susceperint,
1446 1144 1548 1188 tum
1577 1140 1640 1189 de
1665 1140 1782 1191 belli
1803 1145 1984 1190 eventu

304 1228 356 1274 et
389 1223 550 1273 reditu
580 1238 686 1284 suo,
722 1221 786 1270 de
819 1221 896 1270 avi
923 1226 1074 1281 sorte,
1107 1235 1252 1283 quem
1287 1220 1499 1278 interim,
1535 1221 1651 1270 dum
1683 1221 1794 1285 ipse
1826 1223 1984 1282 abest,

302 1318 456 1369 regno
490 1302 683 1368 pulsum
719 1302 778 1350 ab
825 1301 964 1367 Agrii
996 1300 1136 1361 filiis,
1184 1300 1420 1349 miserum
1463 1316 1772 1365 egenumque
1816 1317 1984 1351 errare

302 1383 483 1433 audivit
510 1380 591 1445 ²²²),
637 1381 852 1444 denique
891 1381 956 1430 de
993 1379 1199 1429 consilio
1245 1395 1336 1430 suo
1387 1381 1604 1445 exponit.
1682 1380 1984 1447 Explorsndi

302 1463 432 1512 enim
468 1477 669 1521 caussa,
713 1460 884 1510 relicto
927 1461 1073 1523 Argis
1121 1460 1370 1519 exercitu,
1422 1475 1503 1520 se,
1539 1462 1803 1510 comitante
1834 1462 1983 1512 Sthe-

301 1542 432 1602 nelo,
464 1542 680 1605 ignotum
712 1540 956 1597 omnibuS,
991 1555 1246 1588 reversum
1279 1555 1391 1588 esse
1417 1541 1649 1598 ostendit,
1683 1547 1754 1601 ut,
1786 1543 1985 1591 invento

303 1637 424 1671 sene
446 1620 722 1669 miserrimo
737 1654 752 1678 ‚
786 1635 991 1685 regnum
1015 1623 1274 1685 paternum
1298 1619 1405 1669 sive
1425 1635 1672 1670 armorum
1691 1622 1743 1670 vi
1770 1622 1874 1671 sive
1895 1621 1984 1671 nli-

300 1717 398 1765 qua
423 1706 532 1750 arte
555 1715 852 1765 recuperare
877 1705 1096 1749 conetur.

425 1769 495 1830 Ὦ
527 1781 624 1846 γῆς
647 1777 902 1845 πατρῴας
933 1780 1080 1845 χαῖρε
1114 1777 1367 1845 φίλτατον
1398 1778 1561 1831 πέδον

436 1858 780 1920 Καλυδῶνος,
813 1858 971 1911 ἔνθεν
1005 1853 1134 1926 αἷμα
1167 1858 1414 1927 συγγενὲς
1447 1859 1639 1926 φυγὼν

442 1940 664 2000 Τυδεύς,
699 1940 852 2001 τόκος
884 1939 983 2005 μὲν
1014 1939 1228 2001 Οἰνέως,
1262 1940 1435 2008 πατὴρ
1470 1941 1518 1993 δ’
1553 1938 1690 2008 ἐμός,

434 2023 641 2089 ᾤκησεν
658 2014 869 2087 Ἄργος,
903 2021 1067 2074 παῖδα
1100 2022 1149 2074 δ’
1176 2016 1481 2087 Ἀδράστου
1515 2020 1695 2088 λαβὼν

435 2106 642 2171 συνῆψε
671 2101 868 2168 γένναν
1031 2131 1096 2139 -
1230 2131 1292 2142 --
1426 2131 1492 2140 —-

434 2265 734 2331 „Ogygia
766 2262 1157 2329 moenia''**)

370 2386 420 2441 ³¹⁵)
452 2386 691 2429 Scholiast.
731 2385 958 2440 Aristoph.
989 2387 1020 2428 l.
1062 2388 1092 2428 l.
1110 2401 1122 2427 ε
1166 2381 1426 2440 Γέγραπται
1468 2385 1532 2442 τῷ
1561 2380 1792 2442 Εὐριπίδῃ
1836 2384 1991 2440 δρᾶμα

449 2453 628 2506 Οἰνεύς.
705 2451 840 2499 Μετὰ
886 2454 936 2499 δὲ
972 2455 1055 2499 τὸν
1092 2452 1303 2499 θάνατον
1350 2454 1533 2506 Τυδέως
1587 2455 1663 2499 καὶ
1716 2454 1738 2499 ἐ
1750 2471 1808 2499 πι
1821 2469 1847 2499 o·
1858 2472 1884 2499 τ
1895 2471 1921 2514 ρ
1934 2454 1989 2498 οἱ·-

445 2539 648 2571 τενσιν
677 2525 1024 2581 Διομήδους
1051 2523 1197 2568 κατὰ
1240 2526 1515 2583 Θηβαίων
1543 2522 1760 2584 ἀφῃρέθη
1787 2524 1875 2582 τὴν
1903 2527 2005 2585 βα-

443 2597 615 2640 σιλείαν
657 2593 821 2646 Οἰνεὺς
849 2593 961 2639 ὕπὸ
993 2597 1108 2639 τῶν
1161 2594 1385 2654 Ἀγρίον
1426 2596 1664 2640 παίδων
1703 2596 1801 2640 καὶ
1836 2612 1991 2654 περι-

445 2665 543 2725 ῄει
580 2663 876 2717 ταπεινός.
933 2665 1375 2722 Apollod.1.l.=oz
1415 2665 1472 2710 δὲ
1511 2663 1736 2723 Ἀγρίον
1764 2668 1992 2719 παῖδες,

450 2735 723 2794 Θέρσιππος,
752 2732 1020 2791 ”Ογχηστος,
1053 2735 1286 2794 Πρόθοος,
1317 2733 1567 2793 Κελεύτωρ,
1594 2734 1856 2791 Λυκωπεῦς,
1886 2739 1990 2779 Με-

445 2806 673 2858 λάνιππος
684 2837 697 2859 ,
739 2803 1019 2862 ἀφελόμενοι
1064 2804 1151 2862 τὴν
1204 2805 1376 2857 Οἰνέως
1414 2807 1649 2863 βασιλείαν
1698 2823 1726 2849 τ
1737 2806 1774 2864 ᾧ
1812 2821 1847 2848 π
1858 2822 1889 2849 α
1900 2807 1993 2863 τρὶ

446 2875 471 2922 ἔ
479 2878 507 2921 δ
518 2893 554 2920 ω
565 2894 592 2921 κ
604 2893 634 2920 α
645 2893 686 2923 ν.
758 2877 907 2919 Minus
945 2880 1155 2920 accurate
1195 2877 1253 2920 ab
1296 2877 1436 2934 Agrio
1476 2877 1572 2932 ipso
1612 2877 1812 2919 Oeneum
1851 2891 1991 2934 regno

446 2950 624 3003 pulsum
639 2961 736 2989 esse
756 2946 891 2989 tradit
902 2948 1108 3004 Hyginus
1127 2947 1252 2989 hisce
1267 2947 1440 2989 verbis:
1472 2947 1677 3003 „Agrium
1700 2948 1994 2990 Parmenonis

446 3017 593 3070 filius,
620 3021 669 3059 ut
695 3017 807 3059 vidit
847 3017 918 3059 Oe
934 3032 1092 3059 neum
1133 3017 1375 3059 fratrem
1413 3017 1612 3058 orbum
1649 3017 1732 3059 lib
1747 3017 1862 3059 eris
1905 3017 1991 3060 fn-

445 3091 613 3139 ctum,
643 3090 911 3143 egentem
940 3101 1119 3143 regno
1147 3087 1372 3143 expulit
1399 3090 1572 3142 atque
1600 3086 1686 3142 ips
1703 3102 1727 3129 e
1753 3101 1991 3143 regnum

446 3173 476 3214 p
491 3172 517 3200 o
528 3171 581 3199 ss
597 3173 622 3199 e
635 3157 663 3198 d
674 3158 689 3199 i
701 3162 730 3200 t.
789 3157 970 3199 Interim
1010 3157 1251 3200 Diomedes
1262 3191 1274 3211 ,
1319 3156 1464 3213 Tydei
1507 3157 1630 3199 filius
1658 3162 1702 3200 et
1728 3159 1990 3217 Deiphyles,

445 3232 494 3272 ut
522 3228 694 3271 audivit
723 3242 859 3271 avum
887 3242 1016 3270 suum
1043 3243 1185 3286 regno
1212 3230 1386 3284 pulsum
1397 3260 1408 3281 ‚
1450 3229 1652 3282 pervenit
1684 3228 1727 3270 in
1768 3229 1991 3271 Aetoliam

447 3313 570 3341 cum
613 3298 644 3340 S
658 3299 715 3341 th
732 3313 830 3341 ene
846 3301 922 3353 lo,
977 3300 1090 3354 Cap
1105 3299 1231 3342 anei
1267 3298 1396 3341 filio
1412 3297 1437 3316 ''
1477 3303 1560 3340 ete.
1630 3299 1741 3341 Cum
1782 3298 1992 3341 extremis

449 3372 696 3426 congruunt
723 3369 983 3424 Apollodori
1011 3371 1179 3412 verba:
1219 3364 1411 3425 ὕστερον
1446 3366 1495 3411 δὲ
1524 3366 1759 3426 Διομήδης
1792 3367 1848 3422 ἐξ
1878 3366 1926 3411 ’A
1935 3384 1990 3426 ρ-

449 3455 588 3495 γονς
616 3435 1249 3496 παραγενόμενος.μετ’
1277 3435 1450 3482 ἄλλον
1482 3436 1689 3497 κρύφα.

354 3511 423 3565 *·)
452 3511 610 3554 Festus
649 3525 694 3565 p.
733 3507 818 3552 178
860 3510 930 3552 ed.
972 3511 1132 3553 MfilL:
1174 3510 1244 3565 „0
1256 3509 1440 3567 gygin
1479 3524 1526 3553 m
1538 3524 1564 3552 o
1579 3526 1603 3553 e
1615 3524 1640 3552 n
1653 3510 1707 3553 ia
1743 3510 1903 3552 Accius
1942 3509 1988 3552 in
