2176 3874
932 289 1055 348 495

276 435 456 488 Finitis
489 436 648 502 epulis
682 436 745 486 ad
780 436 978 487 servilia
1010 435 1180 486 officia
1212 436 1464 503 hospitem
1487 436 1615 486 latro
1633 436 1834 502 adigere

147 519 420 570 conabatur
464 524 517 567 et
563 518 807 583 imprimis
851 516 1008 582 pedes
1059 532 1178 566 suos
1226 522 1283 566 ut
1315 517 1503 567 lavaret
1535 518 1830 582 postulabat.

147 599 371 666 Corpore
403 599 646 658 reclinato
679 599 836 656 illum,
871 613 984 645 cum
1015 597 1141 646 haec
1175 598 1399 659 iuberet,
1433 599 1624 648 sedisse
1656 605 1833 663 putan-

145 681 265 730 dum
299 684 407 741 est,
460 684 513 728 et
545 686 773 744 paratum
806 678 965 727 fuisse
998 678 1061 726 ad
1095 677 1461 728 detrudendum
1494 679 1748 744 hospitem
1780 680 1833 728 in

146 777 301 810 mare.
380 760 699 810 Detrectante
748 774 952 808 munera
1002 757 1236 816 Theseo,
1295 760 1356 807 ab
1405 760 1724 809 altercatione
1770 760 1832 808 ad

143 857 355 906 pugnam
403 857 485 890 res
532 841 733 913 devenit
765 836 849 904 *);
898 854 995 903 quo
1039 838 1090 888 in
1138 841 1409 889 certamine
1451 841 1580 891 latro
1613 841 1664 890 in
1695 856 1835 890 mare

145 923 505 987 praecipitatus
541 925 636 982 est,
672 918 950 985 gratulante
984 919 1081 967 sibi
1116 918 1348 968 Theseo:

269 999 379 1052 ἔστι
412 1018 506 1052 τοι·
529 1001 694 1053 καλὸν
726 999 967 1062 κολάζειν
1000 994 1128 1059 τοὺς
1159 998 1362 1060 κακούς
1393 1027 1460 1036 —-

144 1082 264 1132 inde
310 1100 438 1148 quae
482 1087 747 1133 consecuta
793 1082 920 1145 sint,
973 1080 1182 1131 Ovidius
1227 1080 1354 1134 Met.
1390 1080 1507 1144 VII,
1554 1083 1653 1130 445
1695 1097 1833 1147 seqq.

145 1162 328 1212 refert:
1467 1204 1471 1207 .

278 1242 485 1301 „Terra
517 1249 680 1309 negat
714 1242 905 1303 sedem,
941 1241 1116 1292 sedem
1149 1248 1310 1308 negat
1346 1242 1538 1292 ossibus
1568 1243 1731 1303 unda,

278 1322 427 1385 Quae
460 1324 666 1373 iactata
701 1324 792 1373 diu
823 1326 994 1388 fertur
1030 1324 1248 1373 durasse
1281 1330 1514 1373 vetustas

278 1402 347 1452 In
378 1405 648 1471 scopul085
681 1406 907 1471 scopulis
940 1423 1125 1455 nomen
1160 1404 1394 1454 Scironis
1427 1404 1720 1455 inlzaeret.''

143 1484 287 1533 Haec
321 1486 529 1533 mutatio
565 1486 828 1535 commode
874 1502 902 1535 a
936 1485 1138 1537 Theseo
1184 1487 1296 1552 ipso
1330 1487 1654 1537 animadverti
1685 1491 1835 1551 atque

141 1566 331 1614 narrari
362 1566 563 1615 theatro
596 1566 776 1631 potuit.

925 1862 1059 1934 xl.

188 1983 312 2053 De
358 1982 810 2078 Euripide
857 1983 1240 2055 maxime
1301 1993 1788 2079 poetarum

778 2091 1192 2185 tragico·

275 2329 485 2379 Omnem
517 2336 568 2380 et
600 2331 856 2396 epicorum
890 2337 942 2380 et
974 2333 1274 2396 tragicorum
1312 2333 1584 2383 carminum
1609 2339 1661 2384 et
1696 2335 1837 2399 quic-

143 2408 263 2473 quid
311 2416 389 2458 est
435 2426 638 2460 severae
670 2410 852 2460 Musae
897 2427 1105 2475 operum
1157 2412 1417 2461 materiam
1446 2413 1673 2478 Iuppiter
1705 2415 1835 2480 apud

143 2489 418 2539 Homerum
454 2489 636 2540 effatus
672 2496 750 2539 est
783 2490 926 2540 hisce
960 2493 1153 2540 verbis:

276 2567 344 2618 οὐ
376 2567 475 2635 μὲν
506 2569 609 2635 γάρ
642 2568 693 2620 τί
726 2569 835 2621 πού
869 2569 1012 2641 ἐστιν
1046 2569 1400 2635 ὀϊζυρώτερον
1434 2569 1634 2634 ἀνδρὸς

274 2648 510 2712 πάντων,
544 2648 680 2702 ὄσσα
712 2667 767 2702 τε
798 2654 961 2717 γαῖαν
994 2648 1079 2702 ἔπι
1111 2651 1278 2702 πνείει
1298 2668 1352 2702 τε
1386 2650 1477 2702 καὶ
1509 2649 1669 2717 ἕρπει.

141 2727 278 2780 Mala
333 2733 598 2796 propriane
653 2734 802 2798 culpa
846 2734 1076 2782 homines
1123 2734 1217 2782 sibi
1262 2735 1623 2795 contraxerint,
1667 2749 1730 2782 an
1772 2748 1835 2782 ex

139 2810 383 2860 maiorum
418 2812 692 2862 sceleribus
727 2821 994 2878 propagata
1029 2814 1330 2879 acceperint,
1367 2831 1427 2863 an
1451 2831 1479 2862 a
1513 2814 1607 2863 diis
1641 2816 1837 2863 invecta

140 2892 447 2953 sustineant,
493 2892 565 2941 nil
607 2893 779 2942 refert.
847 2894 1263 2960 Philosophorum
1299 2896 1430 2943 enim
1465 2901 1544 2944 est
1578 2908 1837 2958 quaerere,

143 2974 309 3019 utrum
342 2971 651 3036 malignitate
687 2974 915 3034 deorum,
958 2991 1070 3023 cum
1105 2975 1262 3024 nolint
1293 2975 1528 3024 mortales
1563 2974 1685 3038 ipsis
1719 2972 1835 3022 feli-

143 3050 297 3100 citate
330 3053 533 3116 aequari
566 3052 682 3118 **),
718 3070 779 3103 an
814 3055 1115 3118 benignitate
1147 3057 1436 3117 eorundem,
1471 3071 1586 3105 cum
1621 3054 1834 3118 spatium

196 3205 248 3259 ⁵⁵)
279 3206 348 3249 Cf.
381 3207 523 3251 Solin.
551 3209 582 3251 l.
612 3210 643 3251 1.

170 3275 254 3332 *ἢ
280 3276 398 3320 Nota
428 3282 496 3320 est
526 3279 713 3321 deorum
739 3276 910 3320 invidia
929 3302 976 3309 -
1010 3278 1122 3321 aber
1151 3277 1252 3321 dal's
1273 3292 1323 3320 er
1349 3278 1477 3321 nicht
1491 3291 1577 3335 gar
1608 3276 1680 3319 die
1696 3275 1833 3318 Hand

283 3349 565 3401 ausstrecke,
597 3349 685 3390 und
713 3349 883 3391 breche
947 3362 1021 3390 om
1050 3350 1196 3392 Baum
1224 3350 1303 3392 des
1330 3349 1531 3400 hebens,
1561 3348 1651 3389 und
1681 3345 1834 3388 werde

280 3419 579 3462 unsterblich!
610 3442 666 3451 —
695 3420 753 3461 da
781 3419 908 3461 stiers
929 3433 945 3460 1
982 3433 1009 3460 n
1033 3420 1112 3462 der
1127 3421 1248 3463 Herr
1271 3433 1353 3463 aus
1379 3421 1483 3462 dem
1498 3417 1741 3461 Paradiese
1760 3437 1833 3466 —,

280 3490 412 3530 notae
464 3489 738 3533 daemonum
789 3489 1094 3546 malignorum
1143 3490 1501 3544 sollicitationes,
1563 3491 1669 3530 uota
1712 3482 1834 3541 Ἀτη,
