2144 3854
922 236 1003 292 89

127 385 228 439 οὐκ
259 383 426 448 ἔστιν,
462 382 572 436 ἀλλ’
608 377 903 447 Εὐριπίδης
937 380 1066 432 αὐτὸ
1100 378 1384 448 πεποίηκεν
1415 377 1485 433 έν
1527 384 1804 444 πολλοῖς

127 467 486 533 δράμασιν.
574 460 666 515 Ἐν
713 459 810 527 μέν
857 477 915 527 γε
957 460 1151 527 Δανάῃ
1201 461 1368 526 (codd.
1421 462 1676 529 Δαναΐδι)
1709 464 1806 516 τὸν

127 548 319 616 χορόν,
371 546 486 608 τὰς
529 546 892 613 γυναῖκας,
937 538 1106 606 ὑπὲρ
1155 540 1370 593 αὐτοῦ
1415 561 1475 595 τι
1521 545 1807 613 ποιήσας

126 631 515 695 παρειπεῖν,
554 625 922 690 ἐκλαθόμενος,
960 621 1041 682 ὥς
1074 621 1329 686 ἄνδρας
1370 621 1589 690 λέγειν
1629 625 1806 678 έποί-

127 722 244 777 ησε
299 715 383 776 τῷ
446 707 733 774 σχήματι
785 706 900 772 τῆς
971 701 1217 765 λέξεως
1278 701 1394 764 τὰς
1452 711 1807 770 γυναῖκας.

125 792 259 841 Duas
293 808 377 842 res
410 791 614 840 multum
647 789 778 836 inter
801 802 856 835 se
885 786 1103 834 diversas
1130 785 1393 834 miscuisse
1418 786 1612 836 videtur
1638 807 1809 855 gram-

126 873 348 921 maticus.
418 869 560 933 Quod
595 869 722 918 enim
756 869 805 915 in
840 866 1008 914 multis
1041 865 1312 930 tragoediis
1357 865 1541 915 factum
1593 885 1706 918 esse
1748 872 1808 920 ab

125 951 366 1017 Euripide
401 951 500 1010 ait,
547 953 598 998 et
629 964 694 998 ne
728 947 1022 1012 Sophoclem
1056 945 1256 1010 quidem
1290 946 1528 995 eiusmodi
1563 950 1812 1012 parabasi-

126 1031 220 1080 bus
255 1030 551 1080 abstinuisse
585 1033 824 1087 testatur,
870 1026 1246 1092 intelligendum
1298 1031 1375 1075 est
1418 1029 1686 1077 carminum
1722 1047 1809 1095 ge-

125 1126 218 1160 nus
251 1110 371 1159 illud
408 1110 533 1171 dici,
586 1125 681 1172 quo
716 1109 930 1157 feminae
964 1112 1190 1170 tanquam
1224 1106 1315 1155 viri
1349 1105 1412 1155 de
1444 1108 1593 1156 rebus
1628 1109 1811 1158 diffici-

126 1191 333 1240 lioribus
368 1189 863 1253 sublimioribusque,
914 1203 1118 1251 quarum
1152 1186 1354 1236 scientia
1388 1191 1536 1251 atque
1567 1189 1810 1254 indagatio

127 1276 325 1335 captum
358 1270 651 1318 feminarum
688 1285 924 1334 superare
958 1268 1207 1327 videatur,
1244 1268 1538 1318 inducantur
1562 1269 1813 1319 disseren-

124 1355 204 1400 tes
252 1355 303 1405 et
350 1350 620 1399 masculino
663 1350 954 1415 plerumque
999 1364 1180 1412 genere
1225 1350 1512 1406 verborum,
1575 1366 1700 1415 quae
1750 1350 1811 1399 ad

123 1431 256 1498 ipsas
290 1430 586 1491 referantur,
620 1434 844 1479 utentes:
883 1428 1044 1494 qualia
1079 1428 1294 1477 carmina
1327 1433 1380 1493 et
1412 1430 1461 1477 in
1495 1428 1677 1480 Medea
1710 1430 1813 1480 Eu—

125 1510 298 1578 ripidis
335 1515 387 1560 et
419 1511 471 1559 in
503 1510 803 1574 reliquarum
837 1510 1130 1568 fabularum,
1165 1525 1292 1572 quae
1317 1513 1526 1568 exstant,
1561 1510 1814 1575 plerisque

126 1593 292 1640 inesse
334 1589 575 1638 videmus.
645 1589 745 1639 Sed
792 1589 919 1637 ultra
951 1590 1083 1637 hunc
1117 1588 1316 1636 modum
1349 1589 1600 1655 vulgarem
1634 1591 1685 1639 in
1719 1591 1813 1640 hac

127 1669 378 1735 tragoedia
423 1675 736 1733 processerat
782 1668 1076 1734 Euripides,
1125 1685 1271 1733 quum
1327 1684 1425 1717 non
1470 1670 1628 1719 solum
1674 1687 1813 1721 suam

127 1766 388 1817 personam
423 1750 473 1798 in
508 1749 711 1796 chorum
746 1749 1077 1797 transtuHsset
1112 1754 1164 1797 et
1197 1764 1286 1796 suo
1321 1748 1431 1797 loco
1461 1749 1634 1799 altiora
1661 1767 1812 1814 quae-

127 1831 243 1880 dam
278 1828 490 1893 cogitata
524 1827 809 1892 explicanda
844 1827 1042 1875 feminis
1089 1828 1371 1889 tribuisset,
1427 1829 1517 1877 sed
1565 1831 1715 1879 etiam
1750 1831 1814 1880 de

127 1926 183 1959 se
214 1909 342 1974 ipso,
378 1907 441 1956 de
475 1906 641 1956 studio
677 1922 767 1956 suo
803 1912 854 1956 et
885 1907 1139 1966 facultate,
1175 1907 1238 1956 de
1271 1909 1501 1973 operibus
1535 1909 1598 1958 ad
1633 1910 1814 1961 docen-

126 1991 245 2040 dum
281 1987 725 2051 delectandumque
758 1987 1010 2037 theatrum
1044 1970 1206 2052 aptis,
1255 1987 1319 2036 de
1354 1994 1587 2056 suscepto
1621 1991 1814 2040 drama·

126 2071 214 2119 tici
246 2073 424 2135 poetae
461 2083 663 2116 munere
698 2067 847 2116 verba
882 2066 1120 2128 fecisset,
1173 2067 1313 2117 chori
1347 2085 1557 2134 persona
1588 2072 1811 2121 abutens·

124 2150 302 2215 Neque
334 2148 387 2197 id
421 2148 655 2209 carmine,
692 2147 781 2196 sed
816 2147 946 2197 iusta
967 2150 1203 2210 oratione,
1239 2149 1428 2198 factum
1462 2167 1575 2201 esse
1618 2152 1812 2203 Plutar-

128 2232 251 2280 chus
299 2228 499 2293 (fragm.
547 2229 643 2279 inc.
681 2227 818 2295 132.)
868 2229 1043 2292 docet,
1099 2230 1245 2278 simul
1289 2230 1547 2282 exordium
1590 2233 1721 2284 illius
1764 2236 1815 2284 in

129 2311 346 2361 medium
381 2308 668 2374 proferens:
704 2306 735 2359 ὁ
769 2312 907 2375 γοῦν
940 2308 1239 2375 Εὐριπίδης
1272 2308 1466 2362 εἰπών·

262 2387 347 2450 „el
383 2387 431 2439 δ’
465 2381 602 2455 ἦσαν
636 2387 1000 2456 ἀνθρώποισιν
1034 2387 1228 2457 ὠνητοὶ
1260 2391 1428 2457 λόγοι,

263 2466 438 2530 οὐδεὶς
467 2467 536 2520 ἂν
570 2467 734 2521 αὐτὸν
768 2465 825 2522 εὖ
860 2468 1029 2538 λέγειν
1063 2469 1307 2537 ἐβούλετο
1326 2487 1337 2499 ·

260 2553 366 2603 νῦν
401 2548 447 2600 δ’
483 2578 546 2586 -
582 2546 640 2601 ἐκ
674 2550 895 2615 βαθείας
927 2550 1029 2618 γὰρ
1061 2552 1310 2620 πάρεστιν
1345 2550 1559 2620 αἰθέρος

262 2631 448 2697 λαβεῖν
481 2629 669 2698 ἀμισθί
705 2662 760 2670 —-
799 2637 900 2692 πᾶς
931 2650 1009 2692 τις
1040 2632 1219 2700 ἥδεται
1255 2630 1425 2699 λέγων

262 2712 327 2764 τοί
360 2715 404 2763 τ’
443 2714 572 2764 ὄντα
603 2710 694 2763 καὶ
727 2712 827 2779 μή·
867 2712 1053 2779 ζημίαν
1086 2712 1189 2780 γὰρ
1222 2713 1321 2765 οὐκ
1353 2711 1503 2779 ἕχει,”

129 2793 495 2863 φορτικωτάτῃ
542 2792 785 2861 κέχρηται
829 2793 1179 2863 μεγαλαυχίᾳ,
1224 2791 1663 2861 συγκαταπλέκων
1707 2796 1816 2854 τοῖς

128 2873 595 2944 τραγῳδουμένοις
636 2874 832 2927 πάθεσι
864 2874 954 2928 καὶ
986 2876 1254 2943 πράγμασι
1287 2874 1452 2944 μηδὲν
1482 2874 1817 2943 προςήκοντα

130 2959 249 3010 τὸν
282 2955 439 3022 περὶ
474 2956 690 3009 αὐτοῦ
733 2957 958 3023 λόγον.

131 3041 232 3091 Sed
284 3046 476 3090 cantum
520 3056 714 3106 quoque
766 3039 882 3089 huic
926 3039 1136 3089 orationi
1181 3040 1490 3090 subiunctum
1524 3038 1681 3088 fuisse
1730 3053 1817 3088 ve-

130 3122 338 3171 risimile
371 3126 462 3173 est.
530 3120 735 3170 Interim
780 3119 1021 3170 infantem
1066 3137 1093 3168 a
1141 3121 1243 3169 filia
1288 3122 1336 3170 in
1382 3135 1632 3185 gynaeceo
1668 3123 1814 3184 partu

133 3203 318 3251 editum
369 3217 484 3250 esse
518 3200 785 3266 putandum
821 3206 914 3249 est.
984 3199 1205 3250 Reverso
1239 3201 1391 3267 igitur
1419 3203 1469 3250 in
1491 3217 1688 3250 scenam
1711 3199 1818 3265 regi

133 3297 251 3331 mox
293 3281 455 3332 infans
501 3281 707 3331 affertur
752 3285 803 3330 et
858 3286 972 3330 ante
1030 3281 1185 3346 pedes
1240 3281 1491 3331 tollendus
1539 3281 1816 3346 deponitur,

134 3367 396 3425 praesente
435 3362 603 3428 regina
650 3367 702 3412 et
735 3378 763 3410 a
797 3378 853 3410 se
886 3361 1075 3410 editum
1108 3377 1220 3411 esse
1253 3362 1526 3411 simulante.
1619 3361 1820 3409 Summa

131 3442 320 3491 laetitia
358 3443 581 3493 Acrisius
616 3442 824 3492 effertur
856 3447 954 3492 tam
988 3441 1280 3507 inopinatam
1314 3441 1602 3492 felicitatem
1632 3457 1690 3491 ea
1730 3441 1817 3490 de-
