2144 3854
1125 282 1247 339 188

487 431 581 494 „si
608 429 713 478 tui
742 431 1017 477 veretur
1050 432 1117 477 te
1142 430 1631 494 progenitoris,
1667 429 1894 493 (πρᾶσς’

355 527 467 562 cum
497 510 773 573 fragmento
806 506 1043 556 vicesimo
1077 507 1139 555 ad
1172 509 1375 557 verbum
1411 512 1766 560 conveniente:

482 586 600 648 εἴπ’,
633 584 679 636 εἰ
709 583 951 646 τεκόντος
984 585 1144 639 οὐδὲν
1175 583 1407 653 ἐντρέπει
1439 588 1651 654 πατρός.

352 669 511 731 Quam
556 672 724 717 contra
769 666 1059 718 Welckerus
1103 669 1197 718 sihi
1231 669 1538 734 deprendere
1571 670 1706 720 visus
1740 674 1819 719 est
1851 668 2026 720 simili-

350 747 570 797 tudinem
604 761 773 796 versus
806 746 1044 796 huiusce:

479 832 844 894 „postremo
867 827 1171 894 amplexa
1190 831 1506 895 fructum,
1532 844 1719 895 quem.
1746 827 1820 879 do·
1850 826 2027 889 dant,

1175 916 1400 976 cape,”

349 1001 462 1039 cum
496 984 758 1051 Sophoclis
791 987 982 1038 incerto
1013 988 1289 1053 fragmento
1307 1006 1322 1037 ε

479 1067 616 1117 θεοῦ
648 1063 708 1118 τὸ
740 1065 917 1132 δῶρον
947 1071 1138 1119 τοῦτο·
1170 1065 1268 1134 χρὴ
1302 1066 1351 1119 δ’
1385 1065 1466 1119 ὅσ’
1503 1065 1570 1118 ἂν
1601 1064 1721 1119 θεοὶ

477 1143 663 1197 διδῶσι
692 1147 910 1213 φεύγειν
941 1145 1142 1214 μηδέν’,
1177 1140 1219 1198 ὦ
1251 1146 1454 1209 τέκνον,
1487 1146 1632 1211 ποτὲ,

347 1242 487 1289 eam,
536 1228 581 1276 si
613 1228 905 1288 attenderis,
952 1229 1138 1278 nullam
1182 1245 1295 1279 esse
1327 1229 1534 1280 videbiS.
1601 1226 1862 1293 Sophoclis
1895 1226 2026 1275 euim

347 1307 609 1356 verborum
621 1306 754 1355 idem
770 1313 850 1356 est
865 1323 1059 1367 sensus,
1084 1309 1167 1374 qui
1179 1309 1432 1359 Homerici
1452 1308 1583 1358 illius
1609 1307 1727 1357 dicti
1741 1306 1878 1372 (1141,
1889 1304 1995 1369 65.)
2007 1321 2022 1352 τ

479 1387 628 1437 οὗτοι
660 1383 910 1453 ἀπόβλητ’
945 1384 1054 1438 ἐστὶ
1085 1388 1231 1440 θεῶν
1263 1384 1510 1454 ἐρικυδέα
1543 1386 1704 1453 δῶρα.

347 1465 493 1531 Apud
514 1466 899 1517 Attium-autem
934 1485 1097 1534 neque
1139 1469 1332 1519 dotes
1367 1484 1527 1532 neque
1559 1468 1735 1528 dona,
1769 1465 1860 1516 sed
1891 1464 1918 1513 f
1926 1479 1952 1512 r
1964 1480 2023 1513 u·-

348 1551 487 1595 ctus
521 1545 844 1608 nominantur,
878 1563 976 1611 quo
1009 1548 1248 1598 vocabulo
1282 1563 1526 1597 merces
1560 1546 1636 1596 vel
1670 1547 2022 1612 proventus

347 1624 664 1690 significatur.
731 1625 892 1675 Nimis
926 1632 1093 1676 autem
1118 1626 1297 1693 cupide
1318 1626 1609 1676 Welckerus
1643 1641 1705 1674 ex
1730 1625 1844 1683 ista,
1877 1636 2026 1685 quam

343 1704 561 1770 putabat,
594 1703 911 1755 similitudine
943 1707 1153 1756 coniecit
1185 1722 1247 1756 ex
1280 1707 1590 1758 Alcmaeonis
1625 1706 1787 1771 aliqua
1831 1703 2026 1770 Sopho-

345 1785 436 1833 clis
467 1783 636 1832 fabula
669 1784 780 1834 illos
813 1802 984 1836 versus
1019 1787 1304 1854 depromtos
1339 1803 1468 1849 esse,
1505 1803 1711 1850 eamque
1732 1787 1879 1836 latine
1903 1801 2027 1835 cou-

343 1880 535 1914 versam
571 1879 682 1913 esse
716 1865 778 1913 ab
812 1866 965 1915 Attio.
1032 1867 1182 1930 Atqui
1214 1867 1279 1915 de
1313 1866 1574 1932 Sophoclis
1602 1867 1902 1915 Alcmaeone
1921 1871 2023 1913 tam

344 1960 504 2010 pauca
535 1947 738 2007 tamque
770 1945 956 1994 incerta
989 1953 1102 1995 sunt
1135 1947 1440 2007 testimonia,
1486 1950 1545 1994 ut
1590 1959 1920 2009 magnopere,
1961 1958 2025 1992 ne

344 2039 593 2088 nunquam
623 2022 791 2083 fuerit,
824 2039 1014 2074 verear.
1078 2025 1247 2073 Facile
1282 2025 1413 2074 enim
1441 2023 1703 2090 Sophoclis
1727 2039 1905 2073 nomen
1930 2038 2022 2088 pro

341 2102 599 2166 Euripidis
632 2107 718 2149 aut
752 2102 897 2150 etiam
930 2119 1020 2167 pro
1054 2102 1332 2153 Theodecti
1364 2104 1442 2153 vel
1475 2104 1662 2153 Achaei
1693 2103 1772 2151 vel
1810 2103 2023 2166 Astyda-

342 2182 520 2232 mantis
570 2179 649 2228 vel
683 2179 1062 2244 ChaeremoniS,
1110 2201 1139 2234 a
1184 2185 1362 2248 quibus
1409 2184 1634 2232 omnibus
1679 2183 1892 2246 scriptae
1934 2181 2022 2232 Al-
2109 2193 2117 2201 '

343 2260 592 2311 cmaeonis
640 2258 741 2308 sive
787 2260 1152 2325 Alphesiboeae
1195 2263 1391 2313 fabulae
1448 2262 1611 2312 fuisse
1665 2263 1924 2311 traduntur
1948 2261 2022 2326 *),

343 2340 574 2390 substitui
618 2339 797 2401 potuit.
865 2339 1013 2390 Certe
1048 2358 1194 2406 quem
1228 2342 1537 2403 Priscianus,
1596 2341 1793 2392 fabulae
1829 2343 2024 2392 nomine

341 2436 439 2471 nou
473 2419 670 2475 addito,
718 2423 951 2480 tanquam
986 2421 1246 2486 Sophoclis
1283 2422 1402 2471 citat
1434 2437 1661 2471 versum:

466 2493 839 2563 Ἀλφεσίβοιαν
871 2536 885 2560 ,
919 2497 989 2564 ἣν
1022 2497 1053 2549 ὁ
1085 2499 1343 2566 γεννήσας
1375 2501 1567 2567 πατήρ,

343 2596 456 2629 eum
501 2578 706 2643 prologo
749 2579 1053 2643 Euripideae
1094 2581 1293 2632 fabulae
1333 2581 1681 2631 vindicandum
1713 2596 1828 2630 esse
1859 2580 2022 2633 video.

473 2657 661 2707 Rerum
695 2661 856 2707 status
891 2676 952 2709 eo
985 2667 1237 2725 tempore,
1273 2679 1369 2726 quo
1401 2679 1483 2711 res
1519 2662 1597 2725 agi
1631 2662 1904 2725 finguntur,
1939 2659 2023 2708 hic

343 2742 435 2789 est.
472 2737 739 2787 Alcmaeon
772 2755 899 2799 cum,
936 2744 987 2788 et
1018 2741 1171 2804 patris
1206 2742 1444 2791 mandatis
1481 2747 1531 2790 et
1564 2739 1802 2804 Apollinis
1823 2738 2023 2788 oraculo

342 2818 844 2883 impulsus,·matrem
879 2819 1242 2881 interfecisset,
1275 2820 1420 2870 furiis
1455 2821 1666 2886 agitatus
1699 2817 2022 2882 Psophidem,

341 2897 583 2948 Arcadiae
615 2897 817 2959 urbem,
863 2900 1087 2963 pervenit
1132 2900 1195 2949 ad
1241 2899 1509 2964 Phegeum.
1577 2899 1621 2949 A
1655 2912 1751 2961 quo
1786 2897 2021 2948 lustratus

341 2977 695 3041 expiatusque,
747 2977 900 3026 filiam
946 2979 1170 3029 eiusdem
1210 2980 1592 3044 Alphesiboeam
1625 2992 1831 3026 uxorem
1862 2977 2022 3038 duxit,

346 3057 426 3106 cui
459 3056 606 3105 etiam
653 3056 836 3105 monile
877 3073 935 3105 ac
982 3060 1185 3125 peplum
1231 3061 1360 3109 dono
1406 3058 1560 3107 dedit.
1628 3057 1808 3106 Postea
1855 3062 2020 3106 autem

338 3149 456 3186 'cum
488 3134 802 3185 nihilominus
844 3135 977 3186 fame
1025 3144 1076 3189 et
1119 3139 1399 3205 pestilentia
1427 3141 1633 3202 propter
1665 3153 1778 3186 eum
1810 3135 2020 3201 populus

344 3224 687 3281 premeretur,
733 3216 986 3267 consultus
1020 3219 1202 3284 Apollo
1241 3217 1514 3283 respoudit,
1545 3231 1830 3266 recessui-as
1862 3215 1923 3263 ab
1958 3229 2020 3265 eo

414 3381 459 3437 ““)
486 3379 747 3493 Ἷίἶῧξίος.
773 3380 1074 3436 Laert.11‚42.
1131 3383 1309 3428 Aristot.
1328 3381 1454 3426 Poct.
1473 3382 1584 3436 xlv,
1601 3381 1646 3427 6.
1710 3381 1872 3426 Athen.
1894 3379 2018 3423 xm.

485 3465 530 3506 p.
566 3450 576 3461 “
635 3478 646 3491 .
667 3450 810 3506 (453.)
