2144 3854
1120 274 1240 334 252

481 426 677 486 πολλὰς
708 425 739 477 ὁ
771 422 977 489 δαίμων
1009 424 1109 497 τοῦ
1142 421 1267 487 βίον
1302 419 1632 486 μεταστάσεις

481 506 675 560 ἔδωκεν
705 504 835 573 ἡμῖν
867 502 1157 571 μεταβολάς
1188 519 1243 554 τε
1276 505 1369 570 τῆς
1400 501 1597 569 τύχηςκ

348 592 440 641 His
474 596 635 638 tamen
679 586 1016 652 praecessisse
1062 590 1182 650 puto
1230 585 1440 634 lamenta
1473 583 1642 649 lyricis
1675 584 1892 634 numeris
1925 600 2012 634 ex-

346 686 537 736 pressa,
569 667 747 733 quibus
780 667 1062 716 succineret
1093 665 1365 715 alternatim
1399 665 1599 716 chorus,
1925 675 1931 683 ⁸

479 747 647 811 Qualis
680 763 844 796 rerum
880 746 1032 795 fuerit
1066 747 1257 807 exitus,
1312 761 1459 809 quum
1494 744 1720 809 Hyginus
1753 743 2014 809 Euripidei

345 830 578 879 dramatis
610 833 895 893 argumento
927 827 1075 876 finem
1106 825 1373 891 Sophoclei
1396 824 1616 874 affixisse
1643 824 1883 886 videatur,
1916 840 2013 875 nou

345 911 514 974 liquet.
584 907 683 957 Sed
720 906 866 955 simili
897 922 1063 955 rerum
1098 908 1233 956 exitu
1283 905 1575 970 Euripidem
1623 910 1770 969 atque
1816 904 2011 970 Sopho-

345 990 473 1040 clem
525 1005 667 1039 usum
703 1002 816 1036 esse
850 987 1126 1036 coniectura
1162 985 1402 1051 suspicari
1439 985 1572 1034 licet.
1641 985 1766 1034 Nam
1800 985 2012 1050 primum

343 1069 541 1134 quidem
576 1068 796 1117 Iocasten
829 1071 990 1115 morte
1021 1066 1290 1116 voluntaria
1324 1066 1505 1114 obiisse
1553 1069 1603 1114 et
1645 1065 1820 1130 laqueo
1862 1065 2012 1115 vitam

342 1150 598 1213 abrupisse
630 1161 836 1196 necesse
870 1150 947 1194 est
980 1146 1111 1207 ideo,
1143 1146 1273 1210 quod
1308 1146 1500 1210 utrique
1532 1146 1725 1210 parenti
1765 1145 2011 1210 Oedipum

343 1245 565 1280 caussam
598 1227 770 1276 mortis
803 1226 915 1275 fore
948 1226 1147 1275 oraculo
1179 1226 1486 1291 praedictum
1522 1235 1644 1276 erat.
1709 1225 1915 1290 Neque,
1967 1225 2012 1276 si

344 1312 597 1374 superstes
629 1307 827 1365 fuisset,
860 1323 954 1370 qua
988 1310 1095 1354 erat
1125 1306 1328 1371 pietate,
1361 1321 1458 1355 non
1490 1306 1737 1372 potuisset
1761 1305 2011 1372 Oedipum

341 1390 391 1438 iu
440 1387 664 1437 exsilium
707 1385 1106 1450 proficiscentem
1151 1387 1373 1435 comitari
1426 1391 1479 1435 et
1519 1385 1658 1452 fungi
1705 1386 1766 1435 iis
1811 1386 2008 1447 officiiS,

342 1468 518 1533 quibus
553 1465 815 1532 fungendis
847 1466 1043 1515 laudem
1078 1467 1254 1531 adepta
1277 1474 1355 1515 est
1372 1466 1630 1532 Antigone.
1695 1466 1886 1517 Deinde
1909 1466 2008 1516 Oe-

341 1548 507 1613 dipum
559 1545 914 1595 contumeliose
948 1563 976 1595 a
1010 1546 1125 1595 filiis
1159 1551 1418 1596 tractatum
1452 1561 1565 1595 esse
1599 1561 1661 1596 ex
1693 1543 1871 1612 fragm.
1912 1548 2007 1599 inc.

339 1631 418 1678 40.
453 1627 658 1693 colligo:

469 1705 584 1758 ἀλλ’
621 1707 822 1767 οὔποτ’,
856 1703 1016 1766 αὐτὸς
1049 1704 1354 1771 άμπλακών,
1389 1707 1552 1759 ἄλλον
1584 1704 1781 1773 βροτὸν

469 1783 837 1853 παραινέσαιμ’
873 1785 942 1838 ἂν
969 1785 1118 1838 παισὶ
1147 1790 1461 1851 προςθεῖναι
1498 1786 1680 1855 κράτη,

469 1867 597 1933 πρὶν
629 1866 696 1918 ἂν
729 1870 842 1920 κατ’
878 1870 1054 1919 ὄσσων
1086 1868 1305 1936 κιγχάνῃ
1339 1867 1495 1934 μέλας
1528 1868 1743 1930 σκότος·

469 1948 503 2015 ἢ
538 1946 635 2016 χρὴ
671 1947 900 2000 διελθεῖν
932 1947 1066 2013 πρὸς
1098 1947 1300 2001 τέκνων
1330 1949 1641 2012 νικώμενον.

336 2030 465 2081 Tum
498 2031 656 2096 aptior
689 2035 794 2078 erat
821 2030 882 2078 ad
918 2030 1303 2079 misericordiam
1338 2031 1623 2079 movendam
1658 2043 1869 2094 persona
1906 2030 2006 2080 Oe-

335 2111 454 2176 dipi,
490 2110 532 2159 si
564 2110 616 2158 in
649 2110 874 2158 exsilium
900 2126 1075 2159 caecus
1094 2111 1415 2176 proficiscens
1441 2111 1828 2174 conspiceretur,
1862 2127 2005 2175 quam

337 2191 382 2240 si
413 2206 611 2239 carcere
642 2189 997 2241 includeretur.
1067 2191 1392 2253 Quamobrem
1440 2206 1502 2240 ex
1533 2191 1628 2239 hoc
1663 2191 1884 2240 dramate
1918 2192 2006 2242 de-

335 2275 556 2334 promtos
583 2285 695 2318 esse
728 2270 954 2335 suspicor
985 2286 1184 2331 versus,
1223 2282 1352 2334 quos
1397 2271 1485 2318 fini
1519 2270 1895 2320 Phoenissarum
1929 2271 2004 2321 in-

334 2351 607 2415 terpolator
638 2349 810 2413 aliquis
846 2350 964 2398 satis
997 2350 1164 2415 inepte
1197 2350 1537 2416 agglutinavit:

468 2420 509 2479 ὦ
541 2427 742 2495 πάτρας
773 2430 980 2496 κλεινῆς
1012 2432 1237 2494 πολῖται,
1270 2428 1516 2492 λεύσσετ’,
1555 2428 1810 2492 Οἰδίπους
1840 2429 1947 2494 ὅδε,

467 2504 526 2569 ὃς
558 2508 622 2561 τὰ
655 2509 813 2562 κλείν’
850 2510 1110 2577 αἰνίγματ’
1145 2509 1280 2577 ἔγνω
1314 2509 1404 2563 καὶ
1436 2511 1711 2576 κράτιστος
1741 2505 1811 2579 ἦν
1851 2512 2004 2580 α’νήρ,

467 2586 526 2650 ὃς
559 2590 724 2657 μόνος
758 2591 1001 2659 Σφιγγὸς
1034 2589 1287 2658 κατέσχον
1319 2595 1412 2660 τῆς
1443 2592 1736 2659 μιαιφόνου
1770 2593 1952 2662 κράτη,

462 2674 569 2723 νῦν
603 2672 651 2724 δ’
686 2675 870 2739 ἄτιμος
904 2673 1063 2734 αὐτὸς
1097 2672 1305 2739 οἰκτρὸς
1338 2670 1682 2738 ἐξελαύνομαι
1712 2675 1925 2740 χθονός.

463 2751 594 2804 άλλὰ
624 2753 727 2819 γὰρ
760 2754 810 2805 τί
841 2758 1009 2807 ταῦτα
1040 2755 1228 2820 θρηνῶ
1261 2753 1350 2806 καὶ
1381 2755 1549 2822 μάτην
1583 2750 1874 2820 ὀδύρομαις

461 2833 554 2894 τὰς
585 2833 688 2900 γὰρ
723 2831 780 2887 ἐκ
813 2837 958 2889 θεῶν
991 2836 1225 2902 ἀνάγκας
1257 2835 1462 2902 θνητὸν
1494 2837 1624 2886 ὄντα
1659 2834 1738 2886 δεῖ
1773 2834 1968 2902 φέρειν.

463 2913 728 2980 Sophoclis
763 2934 886 2984 opus
922 2935 1033 2968 cum
1066 2918 1321 2984 Euripidis
1354 2932 1666 2981 componens,
1701 2917 1839 2966 illum
1863 2918 2000 2968 vide-

330 2993 407 3042 bis
451 2994 553 3043 sola
599 3013 762 3046 rerum
806 2999 1118 3048 intricatione
1171 3004 1223 3049 et
1257 2998 1637 3047 commutatione
1671 2995 1919 3047 felicitatis
1953 3001 2002 3048 in

237 3085 252 3105 0
327 3072 666 3124 infelicitatem
693 3084 1005 3142 spectatores
1039 3095 1239 3128 movere
1271 3078 1510 3139 voluisse,
1556 3078 1719 3137 hunc,
1766 3093 1915 3141 quum
1949 3079 2001 3128 in

330 3152 552 3214 eiusdem
597 3155 755 3205 laudis
800 3159 1131 3208 aemulatione
1177 3159 1458 3220 neutiquam
1491 3156 1576 3205 illo
1609 3157 1816 3207 inferior
1848 3163 1999 3218 esset,

331 3246 530 3296 operam
564 3235 779 3297 dedisse,
814 3243 871 3287 ut
905 3239 1052 3289 simul
1086 3239 1150 3287 de
1184 3237 1365 3287 officiis
1398 3237 1598 3301 pietatis
1631 3237 1818 3286 utiliter
1837 3237 1998 3288 disse-

329 3312 483 3361 rendo
519 3313 736 3365 doceret.
803 3316 976 3381 Neque
1011 3323 1173 3368 tamen
1207 3318 1287 3366 illa
1321 3316 1538 3365 Iocastes
1573 3317 1728 3366 oratio
1761 3332 1856 3366 non
1887 3317 1996 3382 plu-

330 3393 505 3442 rimum
538 3395 683 3443 etiam
718 3397 780 3445 ad
813 3399 1084 3464 augendam
1118 3397 1475 3447 miserationem
1510 3401 1794 3460 metumque
1826 3395 1997 3445 confe-

322 3471 483 3526 rebat.
527 3472 677 3525 ‘Nam
726 3491 875 3541 quum
928 3478 990 3537 ad
1040 3494 1168 3528 eum.
1198 3481 1425 3528 eventum
1471 3492 1552 3526 res
1587 3479 1894 3542 spectarent,
1940 3479 1997 3524 ut
