<?xml version="1.0" encoding="UTF-8"?>
<!DOCTYPE html PUBLIC "-//W3C//DTD XHTML 1.0 Transitional//EN"
    "http://www.w3.org/TR/xhtml1/DTD/xhtml1-transitional.dtd">
<html xmlns="http://www.w3.org/1999/xhtml" xml:lang="en" lang="en">
 <head>
  <title>
</title>
<meta http-equiv="Content-Type" content="text/html;charset=utf-8" />
  <meta name='ocr-system' content='tesseract 3.04.00' />
  <meta name='ocr-capabilities' content='ocr_page ocr_carea ocr_par ocr_line ocrx_word'/>
</head>
<body>
  <div class='ocr_page' id='page_1' title='image "./euripidesrestitu01hartuoft_0194.png"; bbox 0 0 2144 3854; ppageno 0'>
   <div class='ocr_carea' id='block_1_1' title="bbox 1133 281 1252 340">
    <p class='ocr_par' dir='ltr' id='par_1_1' title="bbox 1133 281 1252 340">
     <span class='ocr_line' id='line_1_1' title="bbox 1133 281 1252 340; baseline 0 -1"><span class='ocrx_word' id='word_1_1' title='bbox 1133 281 1252 340; x_wconf 73' lang='lat'><strong>176</strong></span> 
     </span>
    </p>
   </div>
   <div class='ocr_carea' id='block_1_2' title="bbox 308 426 2037 2898">
    <p class='ocr_par' dir='ltr' id='par_1_2' title="bbox 350 426 2034 577">
     <span class='ocr_line' id='line_1_2' title="bbox 481 426 2034 494; baseline 0.003 -16"><span class='ocrx_word' id='word_1_2' title='bbox 481 428 659 479; x_wconf 80' lang='lat' dir='ltr'><strong>Eidem</strong></span> <span class='ocrx_word' id='word_1_3' title='bbox 695 427 896 477; x_wconf 81' lang='lat' dir='ltr'><strong>satelliti</strong></span> <span class='ocrx_word' id='word_1_4' title='bbox 928 426 1054 479; x_wconf 81' lang='lat' dir='ltr'><strong>haec</strong></span> <span class='ocrx_word' id='word_1_5' title='bbox 1084 429 1280 490; x_wconf 77' lang='lat' dir='ltr'><strong>tribuo,</strong></span> <span class='ocrx_word' id='word_1_6' title='bbox 1325 427 1500 492; x_wconf 85' lang='lat' dir='ltr'><strong>quibus</strong></span> <span class='ocrx_word' id='word_1_7' title='bbox 1537 427 1772 494; x_wconf 79' lang='lat' dir='ltr'><strong>Atreum,</strong></span> <span class='ocrx_word' id='word_1_8' title='bbox 1813 443 1884 481; x_wconf 60' lang='lat' dir='ltr'><strong>:ne</strong></span> <span class='ocrx_word' id='word_1_9' title='bbox 1916 445 2034 482; x_wconf 84' lang='lat' dir='ltr'><strong>con-</strong></span> 
     </span>
     <span class='ocr_line' id='line_1_3' title="bbox 350 507 1440 577; baseline -0.003 -18"><span class='ocrx_word' id='word_1_10' title='bbox 350 509 479 577; x_wconf 86' lang='lat' dir='ltr'><strong>iugis</strong></span> <span class='ocrx_word' id='word_1_11' title='bbox 514 507 730 558; x_wconf 77' lang='lat' dir='ltr'><strong>dedecus</strong></span> <span class='ocrx_word' id='word_1_12' title='bbox 763 507 1016 574; x_wconf 79' lang='lat' dir='ltr'><strong>divulgare</strong></span> <span class='ocrx_word' id='word_1_13' title='bbox 1040 509 1178 572; x_wconf 62' lang='lat' dir='ltr'><strong>velit,</strong></span> <span class='ocrx_word' id='word_1_14' title='bbox 1213 513 1440 558; x_wconf 85' lang='lat' dir='ltr'><strong>moneat:</strong></span> 
     </span>
    </p>

    <p class='ocr_par' dir='ltr' id='par_1_3' title="bbox 480 583 1594 655">
     <span class='ocr_line' id='line_1_4' title="bbox 480 583 1594 655; baseline -0.001 -16"><span class='ocrx_word' id='word_1_15' title='bbox 480 587 621 652; x_wconf 87' lang='grc' dir='ltr'><strong><em>λύπη</em></strong></span> <span class='ocrx_word' id='word_1_16' title='bbox 653 583 750 654; x_wconf 78' lang='grc' dir='ltr'><strong><em>μὲν</em></strong></span> <span class='ocrx_word' id='word_1_17' title='bbox 781 587 879 654; x_wconf 79' lang='grc' dir='ltr'><strong>ἄτῃ</strong></span> <span class='ocrx_word' id='word_1_18' title='bbox 911 590 1208 654; x_wconf 80' lang='grc' dir='ltr'><strong><em>περιπεσεῖν</em></strong></span> <span class='ocrx_word' id='word_1_19' title='bbox 1241 586 1429 655; x_wconf 75' lang='grc' dir='ltr'><strong><em>αἰσχρᾷ</em></strong></span> <span class='ocrx_word' id='word_1_20' title='bbox 1460 602 1594 638; x_wconf 89' lang='grc' dir='ltr'><strong><em>τινι·</em></strong></span> 
     </span>
    </p>

    <p class='ocr_par' dir='ltr' id='par_1_4' title="bbox 481 661 1704 736">
     <span class='ocr_line' id='line_1_5' title="bbox 481 661 1704 736; baseline -0.001 -17"><span class='ocrx_word' id='word_1_21' title='bbox 481 668 527 719; x_wconf 88' lang='grc' dir='ltr'><strong>εἰ</strong></span> <span class='ocrx_word' id='word_1_22' title='bbox 560 667 608 719; x_wconf 79' lang='grc' dir='ltr'><strong>δ’</strong></span> <span class='ocrx_word' id='word_1_23' title='bbox 644 661 999 734; x_wconf 28' lang='grc' dir='ltr'><strong><em>οὗνψγένοιτο,</em></strong></span> <span class='ocrx_word' id='word_1_24' title='bbox 1033 667 1131 736; x_wconf 79' lang='grc' dir='ltr'><strong>χρὴ</strong></span> <span class='ocrx_word' id='word_1_25' title='bbox 1164 669 1495 734; x_wconf 82' lang='grc' dir='ltr'><strong><em>περιστεῖλαι,</em></strong></span> <span class='ocrx_word' id='word_1_26' title='bbox 1529 667 1704 729; x_wconf 78' lang='grc' dir='ltr'><strong><em>καλῶς</em></strong></span> 
     </span>
    </p>

    <p class='ocr_par' dir='ltr' id='par_1_5' title="bbox 479 746 1685 816">
     <span class='ocr_line' id='line_1_6' title="bbox 479 746 1685 816; baseline 0 -16"><span class='ocrx_word' id='word_1_27' title='bbox 479 747 799 814; x_wconf 79' lang='grc' dir='ltr'><strong><em>κρύπτοντα,</em></strong></span> <span class='ocrx_word' id='word_1_28' title='bbox 831 746 921 802; x_wconf 83' lang='grc' dir='ltr'><strong>καὶ</strong></span> <span class='ocrx_word' id='word_1_29' title='bbox 952 747 1024 816; x_wconf 80' lang='grc' dir='ltr'><strong>μὴ</strong></span> <span class='ocrx_word' id='word_1_30' title='bbox 1057 754 1185 801; x_wconf 78' lang='grc' dir='ltr'><strong><em>πᾶσι</em></strong></span> <span class='ocrx_word' id='word_1_31' title='bbox 1216 749 1501 816; x_wconf 81' lang='grc' dir='ltr'><strong><em>κηρύσσειν</em></strong></span> <span class='ocrx_word' id='word_1_32' title='bbox 1531 747 1657 800; x_wconf 81' lang='grc' dir='ltr'><strong><em>τάδε</em></strong></span> <span class='ocrx_word' id='word_1_33' title='bbox 1671 765 1685 779; x_wconf 87' lang='grc'><em>·</em></span> 
     </span>
    </p>

    <p class='ocr_par' dir='ltr' id='par_1_6' title="bbox 477 827 1607 898">
     <span class='ocr_line' id='line_1_7' title="bbox 477 827 1607 898; baseline -0.001 -18"><span class='ocrx_word' id='word_1_34' title='bbox 477 827 639 896; x_wconf 78' lang='grc' dir='ltr'><strong><em>γέλως</em></strong></span> <span class='ocrx_word' id='word_1_35' title='bbox 671 828 772 896; x_wconf 83' lang='grc' dir='ltr'><strong>γὰρ</strong></span> <span class='ocrx_word' id='word_1_36' title='bbox 808 827 1022 897; x_wconf 79' lang='grc' dir='ltr'><strong><em>ἐχθροῖς</em></strong></span> <span class='ocrx_word' id='word_1_37' title='bbox 1051 829 1284 898; x_wconf 74' lang='grc' dir='ltr'><strong><em>γίγνεται</em></strong></span> <span class='ocrx_word' id='word_1_38' title='bbox 1314 829 1380 881; x_wconf 83' lang='grc' dir='ltr'><strong>τὰ</strong></span> <span class='ocrx_word' id='word_1_39' title='bbox 1411 828 1607 881; x_wconf 75' lang='grc' dir='ltr'><strong><em>τοιοίδε.</em></strong></span> 
     </span>
    </p>

    <p class='ocr_par' dir='ltr' id='par_1_7' title="bbox 351 909 1296 972">
     <span class='ocr_line' id='line_1_8' title="bbox 351 909 1296 972; baseline 0 -12"><span class='ocrx_word' id='word_1_40' title='bbox 351 909 444 961; x_wconf 83' lang='lat' dir='ltr'><strong>Cui</strong></span> <span class='ocrx_word' id='word_1_41' title='bbox 478 916 647 961; x_wconf 87' lang='lat' dir='ltr'><strong>contra</strong></span> <span class='ocrx_word' id='word_1_42' title='bbox 679 913 892 962; x_wconf 84' lang='lat' dir='ltr'><strong>Atreus:</strong></span> <span class='ocrx_word' id='word_1_43' title='bbox 1286 962 1296 972; x_wconf 58' lang='grc'><strong>,</strong></span> 
     </span>
    </p>

    <p class='ocr_par' dir='ltr' id='par_1_8' title="bbox 349 988 1679 1137">
     <span class='ocr_line' id='line_1_9' title="bbox 478 988 1679 1056; baseline -0.001 -15"><span class='ocrx_word' id='word_1_44' title='bbox 478 991 830 1054; x_wconf 80' lang='lat' dir='ltr'><strong>„Oderint,</strong></span> <span class='ocrx_word' id='word_1_45' title='bbox 867 992 1040 1055; x_wconf 84' lang='lat' dir='ltr'><strong>inquit,</strong></span> <span class='ocrx_word' id='word_1_46' title='bbox 1077 991 1223 1042; x_wconf 83' lang='lat' dir='ltr'><strong>dum</strong></span> <span class='ocrx_word' id='word_1_47' title='bbox 1255 989 1587 1043; x_wconf 55' lang='lat' dir='ltr'><strong>„vetabant”</strong></span> <span class='ocrx_word' id='word_1_48' title='bbox 1615 988 1679 1056; x_wconf 54' lang='lat'><strong>²²).</strong></span> 
     </span>
     <span class='ocr_line' id='line_1_10' title="bbox 349 1070 1499 1137; baseline 0.001 -16"><span class='ocrx_word' id='word_1_49' title='bbox 349 1070 567 1136; x_wconf 84' lang='lat' dir='ltr'><strong>Regibus</strong></span> <span class='ocrx_word' id='word_1_50' title='bbox 601 1071 734 1121; x_wconf 90' lang='lat' dir='ltr'><strong>enim</strong></span> <span class='ocrx_word' id='word_1_51' title='bbox 767 1087 948 1137; x_wconf 86' lang='lat' dir='ltr'><strong>paucos</strong></span> <span class='ocrx_word' id='word_1_52' title='bbox 983 1073 1050 1121; x_wconf 91' lang='lat' dir='ltr'><strong>ait</strong></span> <span class='ocrx_word' id='word_1_53' title='bbox 1083 1072 1258 1123; x_wconf 87' lang='lat' dir='ltr'><strong>fideles</strong></span> <span class='ocrx_word' id='word_1_54' title='bbox 1292 1075 1406 1135; x_wconf 66' lang='lat' dir='ltr'><strong>ess‘e</strong></span> <span class='ocrx_word' id='word_1_55' title='bbox 1439 1100 1499 1110; x_wconf 93' lang='lat'><strong>—</strong></span> 
     </span>
    </p>

    <p class='ocr_par' dir='ltr' id='par_1_9' title="bbox 479 1146 2037 1219">
     <span class='ocr_line' id='line_1_11' title="bbox 479 1146 2037 1219; baseline -0.003 -19"><span class='ocrx_word' id='word_1_56' title='bbox 479 1150 724 1213; x_wconf 80' lang='lat' dir='ltr'><strong>„Multi</strong></span> <span class='ocrx_word' id='word_1_57' title='bbox 752 1153 1191 1219; x_wconf 78' lang='lat' dir='ltr'><strong>iniquiatque</strong></span> <span class='ocrx_word' id='word_1_58' title='bbox 1211 1152 1547 1218; x_wconf 80' lang='lat' dir='ltr'><strong>infideles</strong></span> <span class='ocrx_word' id='word_1_59' title='bbox 1567 1164 1796 1215; x_wconf 76' lang='lat' dir='ltr'><strong>regno,</strong></span> <span class='ocrx_word' id='word_1_60' title='bbox 1826 1146 2037 1216; x_wconf 77' lang='lat' dir='ltr'><strong>pauci</strong></span> 
     </span>
    </p>

    <p class='ocr_par' dir='ltr' id='par_1_10' title="bbox 346 1229 2033 1695">
     <span class='ocr_line' id='line_1_12' title="bbox 1168 1229 1733 1295; baseline 0 -14"><span class='ocrx_word' id='word_1_61' title='bbox 1168 1243 1319 1282; x_wconf 81' lang='lat' dir='ltr'><strong>sunt</strong></span> <span class='ocrx_word' id='word_1_62' title='bbox 1355 1232 1536 1283; x_wconf 84' lang='lat' dir='ltr'><strong>boni&#39;&#39;</strong></span> <span class='ocrx_word' id='word_1_63' title='bbox 1555 1229 1633 1295; x_wconf 73' lang='lat'><strong>²²²²¹²)</strong></span> <span class='ocrx_word' id='word_1_64' title='bbox 1667 1259 1733 1268; x_wconf 95' lang='lat'><strong>—</strong></span> 
     </span>
     <span class='ocr_line' id='line_1_13' title="bbox 347 1310 1626 1379; baseline -0.001 -18"><span class='ocrx_word' id='word_1_65' title='bbox 347 1312 512 1377; x_wconf 84' lang='lat' dir='ltr'><strong>itaque</strong></span> <span class='ocrx_word' id='word_1_66' title='bbox 543 1310 913 1362; x_wconf 87' lang='lat' dir='ltr'><strong>benevolentiae</strong></span> <span class='ocrx_word' id='word_1_67' title='bbox 945 1313 1196 1362; x_wconf 84' lang='lat' dir='ltr'><strong>confidere</strong></span> <span class='ocrx_word' id='word_1_68' title='bbox 1229 1314 1452 1379; x_wconf 88' lang='lat' dir='ltr'><strong>ineptum</strong></span> <span class='ocrx_word' id='word_1_69' title='bbox 1487 1327 1626 1361; x_wconf 86' lang='lat' dir='ltr'><strong>esse:</strong></span> 
     </span>
     <span class='ocr_line' id='line_1_14' title="bbox 479 1388 2033 1458; baseline -0.003 -18"><span class='ocrx_word' id='word_1_70' title='bbox 479 1391 719 1455; x_wconf 82' lang='lat' dir='ltr'><strong>„Proin</strong></span> <span class='ocrx_word' id='word_1_71' title='bbox 752 1391 855 1440; x_wconf 82' lang='lat' dir='ltr'><strong>ita</strong></span> <span class='ocrx_word' id='word_1_72' title='bbox 883 1400 1132 1458; x_wconf 85' lang='lat' dir='ltr'><strong>parent</strong></span> <span class='ocrx_word' id='word_1_73' title='bbox 1166 1410 1234 1442; x_wconf 82' lang='lat' dir='ltr'><strong>se</strong></span> <span class='ocrx_word' id='word_1_74' title='bbox 1266 1394 1333 1442; x_wconf 89' lang='lat' dir='ltr'><strong>in</strong></span> <span class='ocrx_word' id='word_1_75' title='bbox 1375 1395 1554 1450; x_wconf 79' lang='lat' dir='ltr'><strong>vita,</strong></span> <span class='ocrx_word' id='word_1_76' title='bbox 1596 1395 1667 1441; x_wconf 79' lang='lat' dir='ltr'><strong>ut</strong></span> <span class='ocrx_word' id='word_1_77' title='bbox 1701 1388 1884 1440; x_wconf 80' lang='lat' dir='ltr'><strong>vinci</strong></span> <span class='ocrx_word' id='word_1_78' title='bbox 1924 1402 2033 1436; x_wconf 82' lang='lat' dir='ltr'><strong>ne-</strong></span> 
     </span>
     <span class='ocr_line' id='line_1_15' title="bbox 1178 1469 1590 1535; baseline 0.002 -13"><span class='ocrx_word' id='word_1_79' title='bbox 1178 1490 1204 1522; x_wconf 80' lang='lat' dir='ltr'><strong>s</strong></span> <span class='ocrx_word' id='word_1_80' title='bbox 1218 1474 1323 1523; x_wconf 79' lang='lat' dir='ltr'><strong>cia</strong></span> <span class='ocrx_word' id='word_1_81' title='bbox 1336 1470 1439 1522; x_wconf 81' lang='lat' dir='ltr'><strong>nt”</strong></span> <span class='ocrx_word' id='word_1_82' title='bbox 1463 1469 1590 1535; x_wconf 83' lang='lat'><strong>***).</strong></span> 
     </span>
     <span class='ocr_line' id='line_1_16' title="bbox 346 1547 2032 1618; baseline -0.002 -18"><span class='ocrx_word' id='word_1_83' title='bbox 346 1550 604 1601; x_wconf 86' lang='lat' dir='ltr'><strong>Potentiae</strong></span> <span class='ocrx_word' id='word_1_84' title='bbox 637 1566 807 1601; x_wconf 87' lang='lat' dir='ltr'><strong>omnes</strong></span> <span class='ocrx_word' id='word_1_85' title='bbox 842 1552 1066 1602; x_wconf 85' lang='lat' dir='ltr'><strong>invidere</strong></span> <span class='ocrx_word' id='word_1_86' title='bbox 1100 1557 1153 1602; x_wconf 90' lang='lat' dir='ltr'><strong>et</strong></span> <span class='ocrx_word' id='word_1_87' title='bbox 1183 1552 1491 1618; x_wconf 84' lang='lat' dir='ltr'><strong>principatus</strong></span> <span class='ocrx_word' id='word_1_88' title='bbox 1540 1549 1772 1616; x_wconf 87' lang='lat' dir='ltr'><strong>cupidine</strong></span> <span class='ocrx_word' id='word_1_89' title='bbox 1812 1547 2032 1599; x_wconf 85' lang='lat' dir='ltr'><strong>fortissi-</strong></span> 
     </span>
     <span class='ocr_line' id='line_1_17' title="bbox 347 1633 932 1695; baseline 0.002 -15"><span class='ocrx_word' id='word_1_90' title='bbox 347 1646 454 1680; x_wconf 90' lang='lat' dir='ltr'><strong>mos</strong></span> <span class='ocrx_word' id='word_1_91' title='bbox 490 1646 712 1695; x_wconf 87' lang='lat' dir='ltr'><strong>quosque</strong></span> <span class='ocrx_word' id='word_1_92' title='bbox 746 1633 932 1682; x_wconf 86' lang='lat' dir='ltr'><strong>teneri:</strong></span> 
     </span>
    </p>

    <p class='ocr_par' dir='ltr' id='par_1_11' title="bbox 475 1707 1529 1777">
     <span class='ocr_line' id='line_1_18' title="bbox 475 1707 1529 1777; baseline 0.003 -17"><span class='ocrx_word' id='word_1_93' title='bbox 475 1708 512 1777; x_wconf 83' lang='grc' dir='ltr'><em>ἦ</em></span> <span class='ocrx_word' id='word_1_94' title='bbox 543 1707 647 1775; x_wconf 78' lang='grc' dir='ltr'><strong>γὰρ</strong></span> <span class='ocrx_word' id='word_1_95' title='bbox 680 1709 936 1775; x_wconf 83' lang='grc' dir='ltr'><strong><em>τυραννὶς</em></strong></span> <span class='ocrx_word' id='word_1_96' title='bbox 967 1710 1235 1763; x_wconf 76' lang='grc' dir='ltr'><strong><em>πάντοθεν</em></strong></span> <span class='ocrx_word' id='word_1_97' title='bbox 1266 1711 1529 1775; x_wconf 80' lang='grc' dir='ltr'><strong><em>τοξεύεται</em></strong></span> 
     </span>
    </p>

    <p class='ocr_par' dir='ltr' id='par_1_12' title="bbox 478 1782 1682 1860">
     <span class='ocr_line' id='line_1_19' title="bbox 478 1782 1682 1860; baseline -0.001 -18"><span class='ocrx_word' id='word_1_98' title='bbox 478 1790 672 1850; x_wconf 84' lang='grc' dir='ltr'><strong><em>δεινοῖς</em></strong></span> <span class='ocrx_word' id='word_1_99' title='bbox 705 1791 925 1856; x_wconf 81' lang='grc' dir='ltr'><strong><em>ἔρωσιν,</em></strong></span> <span class='ocrx_word' id='word_1_100' title='bbox 957 1782 1020 1860; x_wconf 80' lang='grc' dir='ltr'><strong>ἧς</strong></span> <span class='ocrx_word' id='word_1_101' title='bbox 1053 1791 1353 1859; x_wconf 83' lang='grc' dir='ltr'><strong><em>φυλακτέον</em></strong></span> <span class='ocrx_word' id='word_1_102' title='bbox 1385 1791 1505 1858; x_wconf 84' lang='grc' dir='ltr'><strong><em>πέρι</em></strong></span> <span class='ocrx_word' id='word_1_103' title='bbox 1528 1788 1682 1857; x_wconf 87' lang='grc'>****).</span> 
     </span>
    </p>

    <p class='ocr_par' dir='ltr' id='par_1_13' title="bbox 308 1868 2031 2100">
     <span class='ocr_line' id='line_1_20' title="bbox 474 1868 2030 1939; baseline -0.003 -18"><span class='ocrx_word' id='word_1_104' title='bbox 474 1872 567 1921; x_wconf 87' lang='lat' dir='ltr'><strong>His</strong></span> <span class='ocrx_word' id='word_1_105' title='bbox 613 1874 849 1939; x_wconf 74' lang='lat' dir='ltr'><strong>digressis</strong></span> <span class='ocrx_word' id='word_1_106' title='bbox 865 1909 879 1932; x_wconf 94' lang='lat'><strong>,</strong></span> <span class='ocrx_word' id='word_1_107' title='bbox 933 1881 1127 1924; x_wconf 84' lang='lat' dir='ltr'><strong>caterva</strong></span> <span class='ocrx_word' id='word_1_108' title='bbox 1170 1876 1337 1939; x_wconf 87' lang='lat' dir='ltr'><strong>prodit</strong></span> <span class='ocrx_word' id='word_1_109' title='bbox 1379 1875 1674 1924; x_wconf 83' lang='lat' dir='ltr'><strong>feminarum</strong></span> <span class='ocrx_word' id='word_1_110' title='bbox 1723 1868 2030 1929; x_wconf 80' lang='lat' dir='ltr'><strong>Gressarnm,</strong></span> 
     </span>
     <span class='ocr_line' id='line_1_21' title="bbox 342 1951 2031 2018; baseline -0.005 -15"><span class='ocrx_word' id='word_1_111' title='bbox 342 1953 569 2018; x_wconf 86' lang='lat' dir='ltr'><strong>Aeropes</strong></span> <span class='ocrx_word' id='word_1_112' title='bbox 615 1953 904 2003; x_wconf 87' lang='lat' dir='ltr'><strong>famularum</strong></span> <span class='ocrx_word' id='word_1_113' title='bbox 921 1989 935 2012; x_wconf 91' lang='lat'><strong>‚</strong></span> <span class='ocrx_word' id='word_1_114' title='bbox 997 1970 1123 2018; x_wconf 88' lang='lat' dir='ltr'><strong>quae</strong></span> <span class='ocrx_word' id='word_1_115' title='bbox 1155 1955 1391 2004; x_wconf 79' lang='lat' dir='ltr'><strong>laetitiam</strong></span> <span class='ocrx_word' id='word_1_116' title='bbox 1445 1953 1697 2002; x_wconf 88' lang='lat' dir='ltr'><strong>declarare</strong></span> <span class='ocrx_word' id='word_1_117' title='bbox 1746 1951 2031 2013; x_wconf 86' lang='lat' dir='ltr'><strong>potuerunt,</strong></span> 
     </span>
     <span class='ocr_line' id='line_1_22' title="bbox 308 2031 1919 2100; baseline -0.004 -18"><span class='ocrx_word' id='word_1_118' title='bbox 308 2056 317 2070; x_wconf 30' lang='grc' dir='ltr'><strong>ι’</strong></span> <span class='ocrx_word' id='word_1_119' title='bbox 344 2048 489 2097; x_wconf 82' lang='lat' dir='ltr'><strong>quam</strong></span> <span class='ocrx_word' id='word_1_120' title='bbox 526 2048 588 2081; x_wconf 83' lang='lat' dir='ltr'><strong>ex</strong></span> <span class='ocrx_word' id='word_1_121' title='bbox 619 2033 790 2082; x_wconf 83' lang='lat' dir='ltr'><strong>nuntio</strong></span> <span class='ocrx_word' id='word_1_122' title='bbox 824 2034 888 2082; x_wconf 92' lang='lat' dir='ltr'><strong>de</strong></span> <span class='ocrx_word' id='word_1_123' title='bbox 920 2034 1007 2084; x_wconf 89' lang='lat' dir='ltr'><strong>lite</strong></span> <span class='ocrx_word' id='word_1_124' title='bbox 1040 2051 1214 2100; x_wconf 81' lang='lat' dir='ltr'><strong>regum</strong></span> <span class='ocrx_word' id='word_1_125' title='bbox 1250 2034 1523 2099; x_wconf 88' lang='lat' dir='ltr'><strong>composita</strong></span> <span class='ocrx_word' id='word_1_126' title='bbox 1555 2031 1854 2097; x_wconf 86' lang='lat' dir='ltr'><strong>perciperet.</strong></span> <span class='ocrx_word' id='word_1_127' title='bbox 1916 2052 1919 2053; x_wconf 38' lang='lat'><em>⁷</em></span> 
     </span>
    </p>

    <p class='ocr_par' dir='ltr' id='par_1_14' title="bbox 341 2111 2033 2419">
     <span class='ocr_line' id='line_1_23' title="bbox 474 2111 2030 2178; baseline -0.001 -18"><span class='ocrx_word' id='word_1_128' title='bbox 474 2112 575 2161; x_wconf 87' lang='lat' dir='ltr'><strong>Iam</strong></span> <span class='ocrx_word' id='word_1_129' title='bbox 609 2111 863 2176; x_wconf 86' lang='lat' dir='ltr'><strong>Thyestes</strong></span> <span class='ocrx_word' id='word_1_130' title='bbox 893 2114 1002 2178; x_wconf 89' lang='lat' dir='ltr'><strong>ipse</strong></span> <span class='ocrx_word' id='word_1_131' title='bbox 1039 2131 1150 2163; x_wconf 91' lang='lat' dir='ltr'><strong>cum</strong></span> <span class='ocrx_word' id='word_1_132' title='bbox 1185 2115 1379 2164; x_wconf 82' lang='lat' dir='ltr'><strong>duobus</strong></span> <span class='ocrx_word' id='word_1_133' title='bbox 1413 2113 1548 2172; x_wconf 86' lang='lat' dir='ltr'><strong>filiis,</strong></span> <span class='ocrx_word' id='word_1_134' title='bbox 1596 2111 1851 2161; x_wconf 88' lang='lat' dir='ltr'><strong>Plisthene</strong></span> <span class='ocrx_word' id='word_1_135' title='bbox 1884 2114 2030 2175; x_wconf 87' lang='lat' dir='ltr'><strong>atque</strong></span> 
     </span>
     <span class='ocr_line' id='line_1_24' title="bbox 341 2190 2033 2258; baseline -0.001 -17"><span class='ocrx_word' id='word_1_136' title='bbox 341 2190 583 2253; x_wconf 83' lang='lat' dir='ltr'><strong>Tantalo,</strong></span> <span class='ocrx_word' id='word_1_137' title='bbox 617 2192 844 2253; x_wconf 78' lang='lat' dir='ltr'><strong>advenit,</strong></span> <span class='ocrx_word' id='word_1_138' title='bbox 881 2210 1085 2258; x_wconf 87' lang='lat' dir='ltr'><strong>quorum</strong></span> <span class='ocrx_word' id='word_1_139' title='bbox 1119 2195 1228 2254; x_wconf 88' lang='lat' dir='ltr'><strong>hic,</strong></span> <span class='ocrx_word' id='word_1_140' title='bbox 1266 2199 1322 2243; x_wconf 92' lang='lat' dir='ltr'><strong>ut</strong></span> <span class='ocrx_word' id='word_1_141' title='bbox 1352 2193 1617 2258; x_wconf 85' lang='lat' dir='ltr'><strong>pueruluS,</strong></span> <span class='ocrx_word' id='word_1_142' title='bbox 1651 2195 1787 2241; x_wconf 87' lang='lat' dir='ltr'><strong>muta</strong></span> <span class='ocrx_word' id='word_1_143' title='bbox 1819 2206 2033 2256; x_wconf 72' lang='lat' dir='ltr'><strong>persona</strong></span> 
     </span>
     <span class='ocr_line' id='line_1_25' title="bbox 343 2270 2028 2339; baseline -0.001 -17"><span class='ocrx_word' id='word_1_144' title='bbox 343 2278 434 2333; x_wconf 75' lang='lat' dir='ltr'><strong>est,</strong></span> <span class='ocrx_word' id='word_1_145' title='bbox 469 2272 552 2321; x_wconf 87' lang='lat' dir='ltr'><strong>ille</strong></span> <span class='ocrx_word' id='word_1_146' title='bbox 587 2271 781 2321; x_wconf 86' lang='lat' dir='ltr'><strong>adultus</strong></span> <span class='ocrx_word' id='word_1_147' title='bbox 815 2289 928 2323; x_wconf 88' lang='lat' dir='ltr'><strong>cum</strong></span> <span class='ocrx_word' id='word_1_148' title='bbox 962 2279 1100 2339; x_wconf 88' lang='lat' dir='ltr'><strong>patre</strong></span> <span class='ocrx_word' id='word_1_149' title='bbox 1134 2290 1412 2324; x_wconf 87' lang='lat' dir='ltr'><strong>sermonem</strong></span> <span class='ocrx_word' id='word_1_150' title='bbox 1460 2272 1691 2322; x_wconf 88' lang='lat' dir='ltr'><strong>conserit.</strong></span> <span class='ocrx_word' id='word_1_151' title='bbox 1759 2270 2028 2335; x_wconf 73' lang='lat' dir='ltr'><strong>ThyesteS‚</strong></span> 
     </span>
     <span class='ocr_line' id='line_1_26' title="bbox 343 2353 1339 2419; baseline 0.001 -18"><span class='ocrx_word' id='word_1_152' title='bbox 343 2353 583 2417; x_wconf 82' lang='lat' dir='ltr'><strong>quondam</strong></span> <span class='ocrx_word' id='word_1_153' title='bbox 618 2368 800 2416; x_wconf 81' lang='lat' dir='ltr'><strong>genere</strong></span> <span class='ocrx_word' id='word_1_154' title='bbox 834 2354 1108 2419; x_wconf 87' lang='lat' dir='ltr'><strong>opibusque</strong></span> <span class='ocrx_word' id='word_1_155' title='bbox 1140 2355 1339 2415; x_wconf 76' lang='lat' dir='ltr'><strong>florenS,</strong></span> 
     </span>
    </p>

    <p class='ocr_par' dir='ltr' id='par_1_15' title="bbox 474 2431 2029 2500">
     <span class='ocr_line' id='line_1_27' title="bbox 474 2431 2029 2500; baseline -0.002 -18"><span class='ocrx_word' id='word_1_156' title='bbox 474 2432 805 2496; x_wconf 79' lang='lat' dir='ltr'><strong>„Tantalo</strong></span> <span class='ocrx_word' id='word_1_157' title='bbox 852 2440 1264 2500; x_wconf 68' lang='lat' dir='ltr'><strong>prognata-9,</strong></span> <span class='ocrx_word' id='word_1_158' title='bbox 1326 2433 1575 2500; x_wconf 79' lang='lat' dir='ltr'><strong>Pelope</strong></span> <span class='ocrx_word' id='word_1_159' title='bbox 1633 2435 1859 2492; x_wconf 69' lang='lat' dir='ltr'><strong>natue,</strong></span> <span class='ocrx_word' id='word_1_160' title='bbox 1917 2431 2029 2497; x_wconf 82' lang='lat' dir='ltr'><strong>qui</strong></span> 
     </span>
    </p>

    <p class='ocr_par' dir='ltr' id='par_1_16' title="bbox 1199 2514 1820 2581">
     <span class='ocr_line' id='line_1_28' title="bbox 1199 2514 1820 2581; baseline -0.006 -17"><span class='ocrx_word' id='word_1_161' title='bbox 1199 2514 1522 2581; x_wconf 78' lang='lat' dir='ltr'><strong>quondam</strong></span> <span class='ocrx_word' id='word_1_162' title='bbox 1557 2529 1589 2562; x_wconf 95' lang='lat' dir='ltr'><strong>a</strong></span> <span class='ocrx_word' id='word_1_163' title='bbox 1621 2527 1820 2561; x_wconf 80' lang='lat' dir='ltr'><strong>socru</strong></span> 
     </span>
    </p>

    <p class='ocr_par' dir='ltr' id='par_1_17' title="bbox 476 2591 2025 2661">
     <span class='ocr_line' id='line_1_29' title="bbox 476 2591 2025 2661; baseline -0.001 -20"><span class='ocrx_word' id='word_1_164' title='bbox 476 2592 801 2642; x_wconf 86' lang='lat' dir='ltr'><strong>Oenomao</strong></span> <span class='ocrx_word' id='word_1_165' title='bbox 831 2610 989 2660; x_wconf 83' lang='lat' dir='ltr'><strong>rege</strong></span> <span class='ocrx_word' id='word_1_166' title='bbox 1018 2592 1535 2661; x_wconf 81' lang='lat' dir='ltr'><strong>Hippodamiam</strong></span> <span class='ocrx_word' id='word_1_167' title='bbox 1567 2593 1788 2660; x_wconf 80' lang='lat' dir='ltr'><strong>raptis</strong></span> <span class='ocrx_word' id='word_1_168' title='bbox 1809 2591 2025 2641; x_wconf 82' lang='lat' dir='ltr'><strong>nactu&#39;</strong></span> 
     </span>
    </p>

    <p class='ocr_par' dir='ltr' id='par_1_18' title="bbox 338 2671 2024 2898">
     <span class='ocr_line' id='line_1_30' title="bbox 1188 2671 1710 2741; baseline -0.002 -18"><span class='ocrx_word' id='word_1_169' title='bbox 1188 2681 1290 2723; x_wconf 80' lang='lat' dir='ltr'><strong>est</strong></span> <span class='ocrx_word' id='word_1_170' title='bbox 1324 2691 1451 2741; x_wconf 83' lang='lat' dir='ltr'><strong>nup</strong></span> <span class='ocrx_word' id='word_1_171' title='bbox 1468 2671 1710 2739; x_wconf 80' lang='lat' dir='ltr'><strong>tiis”†),</strong></span> 
     </span>
     <span class='ocr_line' id='line_1_31' title="bbox 339 2750 2024 2819; baseline -0.001 -18"><span class='ocrx_word' id='word_1_172' title='bbox 339 2767 466 2802; x_wconf 88' lang='lat' dir='ltr'><strong>nunc</strong></span> <span class='ocrx_word' id='word_1_173' title='bbox 491 2751 707 2813; x_wconf 88' lang='lat' dir='ltr'><strong>humilis,</strong></span> <span class='ocrx_word' id='word_1_174' title='bbox 732 2769 933 2817; x_wconf 84' lang='lat' dir='ltr'><strong>egenus,</strong></span> <span class='ocrx_word' id='word_1_175' title='bbox 961 2755 1131 2818; x_wconf 83' lang='lat' dir='ltr'><strong>pannis</strong></span> <span class='ocrx_word' id='word_1_176' title='bbox 1159 2755 1348 2804; x_wconf 87' lang='lat' dir='ltr'><strong>obsitus</strong></span> <span class='ocrx_word' id='word_1_177' title='bbox 1376 2754 1682 2819; x_wconf 85' lang='lat' dir='ltr'><strong>conspicitur</strong></span> <span class='ocrx_word' id='word_1_178' title='bbox 1703 2750 1827 2816; x_wconf 74' lang='lat'><strong>††).</strong></span> <span class='ocrx_word' id='word_1_179' title='bbox 1871 2751 2024 2817; x_wconf 88' lang='lat' dir='ltr'><strong>Spem</strong></span> 
     </span>
     <span class='ocr_line' id='line_1_32' title="bbox 338 2831 2024 2898; baseline -0.001 -17"><span class='ocrx_word' id='word_1_180' title='bbox 338 2832 477 2896; x_wconf 87' lang='lat' dir='ltr'><strong>regni</strong></span> <span class='ocrx_word' id='word_1_181' title='bbox 534 2833 725 2897; x_wconf 86' lang='lat' dir='ltr'><strong>pridem</strong></span> <span class='ocrx_word' id='word_1_182' title='bbox 780 2834 959 2884; x_wconf 86' lang='lat' dir='ltr'><strong>abiecit</strong></span> <span class='ocrx_word' id='word_1_183' title='bbox 1017 2838 1067 2882; x_wconf 89' lang='lat' dir='ltr'><strong>et</strong></span> <span class='ocrx_word' id='word_1_184' title='bbox 1119 2839 1431 2884; x_wconf 90' lang='lat' dir='ltr'><strong>contemnere</strong></span> <span class='ocrx_word' id='word_1_185' title='bbox 1482 2833 1647 2898; x_wconf 90' lang='lat' dir='ltr'><strong>coepit</strong></span> <span class='ocrx_word' id='word_1_186' title='bbox 1696 2831 2024 2896; x_wconf 80' lang='lat' dir='ltr'><strong>tyrannidem,</strong></span> 
     </span>
    </p>
   </div>
   <div class='ocr_carea' id='block_1_3' title="bbox 338 3034 2021 3512">
    <p class='ocr_par' dir='ltr' id='par_1_19' title="bbox 338 3034 2021 3512">
     <span class='ocr_line' id='line_1_33' title="bbox 405 3034 1074 3092; baseline 0.004 -17"><span class='ocrx_word' id='word_1_187' title='bbox 405 3034 448 3089; x_wconf 78' lang='lat' dir='ltr'><strong>*J</strong></span> <span class='ocrx_word' id='word_1_188' title='bbox 477 3034 585 3076; x_wconf 87' lang='lat' dir='ltr'><strong>Attii</strong></span> <span class='ocrx_word' id='word_1_189' title='bbox 612 3035 778 3092; x_wconf 83' lang='lat' dir='ltr'><strong>fragm.</strong></span> <span class='ocrx_word' id='word_1_190' title='bbox 808 3037 932 3079; x_wconf 85' lang='lat' dir='ltr'><strong>Atrei</strong></span> <span class='ocrx_word' id='word_1_191' title='bbox 959 3051 1001 3080; x_wconf 88' lang='lat' dir='ltr'><strong>n.</strong></span> <span class='ocrx_word' id='word_1_192' title='bbox 1031 3036 1074 3079; x_wconf 82' lang='lat'><strong>9.</strong></span> 
     </span>
     <span class='ocr_line' id='line_1_34' title="bbox 365 3104 951 3163; baseline 0.002 -17"><span class='ocrx_word' id='word_1_193' title='bbox 365 3105 447 3158; x_wconf 52' lang='grc' dir='ltr'><strong>*ἢ</strong></span> <span class='ocrx_word' id='word_1_194' title='bbox 476 3104 583 3147; x_wconf 85' lang='lat' dir='ltr'><strong>Attii</strong></span> <span class='ocrx_word' id='word_1_195' title='bbox 610 3105 777 3163; x_wconf 85' lang='lat' dir='ltr'><strong>fragm.</strong></span> <span class='ocrx_word' id='word_1_196' title='bbox 807 3122 849 3148; x_wconf 91' lang='lat' dir='ltr'><strong>n.</strong></span> <span class='ocrx_word' id='word_1_197' title='bbox 882 3107 951 3149; x_wconf 89' lang='lat'><strong>16.</strong></span> 
     </span>
     <span class='ocr_line' id='line_1_35' title="bbox 370 3174 1011 3230; baseline 0.006 -15"><span class='ocrx_word' id='word_1_198' title='bbox 370 3174 451 3229; x_wconf 69' lang='lat'><strong>**&#39;)</strong></span> <span class='ocrx_word' id='word_1_199' title='bbox 481 3174 572 3216; x_wconf 85' lang='lat' dir='ltr'><strong>cic.</strong></span> <span class='ocrx_word' id='word_1_200' title='bbox 603 3177 736 3218; x_wconf 87' lang='lat' dir='ltr'><strong>Tusc.</strong></span> <span class='ocrx_word' id='word_1_201' title='bbox 766 3177 816 3230; x_wconf 87' lang='lat' dir='ltr'><strong>V,</strong></span> <span class='ocrx_word' id='word_1_202' title='bbox 844 3177 913 3230; x_wconf 85' lang='lat'><strong>18,</strong></span> <span class='ocrx_word' id='word_1_203' title='bbox 940 3176 1011 3219; x_wconf 82' lang='lat'><strong>52.</strong></span> 
     </span>
     <span class='ocr_line' id='line_1_36' title="bbox 338 3244 2021 3302; baseline 0.001 -16"><span class='ocrx_word' id='word_1_204' title='bbox 338 3244 452 3298; x_wconf 74' lang='lat'><strong>****)</strong></span> <span class='ocrx_word' id='word_1_205' title='bbox 482 3245 665 3302; x_wconf 83' lang='lat' dir='ltr'><strong>Fragm.</strong></span> <span class='ocrx_word' id='word_1_206' title='bbox 695 3247 780 3289; x_wconf 90' lang='lat' dir='ltr'><strong>inc.</strong></span> <span class='ocrx_word' id='word_1_207' title='bbox 822 3262 863 3289; x_wconf 84' lang='lat' dir='ltr'><strong>n.</strong></span> <span class='ocrx_word' id='word_1_208' title='bbox 900 3246 997 3289; x_wconf 83' lang='lat'><strong>139.</strong></span> <span class='ocrx_word' id='word_1_209' title='bbox 1027 3247 1189 3290; x_wconf 85' lang='lat' dir='ltr'><strong>Matth.</strong></span> <span class='ocrx_word' id='word_1_210' title='bbox 1255 3247 1461 3289; x_wconf 86' lang='lat' dir='ltr'><strong>Electrae</strong></span> <span class='ocrx_word' id='word_1_211' title='bbox 1509 3258 1669 3288; x_wconf 89' lang='lat' dir='ltr'><strong>nomen</strong></span> <span class='ocrx_word' id='word_1_212' title='bbox 1708 3260 1788 3302; x_wconf 85' lang='lat' dir='ltr'><strong>per</strong></span> <span class='ocrx_word' id='word_1_213' title='bbox 1825 3258 2021 3288; x_wconf 88' lang='lat' dir='ltr'><strong>errorem</strong></span> 
     </span>
     <span class='ocr_line' id='line_1_37' title="bbox 483 3314 1443 3373; baseline -0.001 -16"><span class='ocrx_word' id='word_1_214' title='bbox 483 3316 753 3371; x_wconf 85' lang='lat' dir='ltr'><strong>adscriptum</strong></span> <span class='ocrx_word' id='word_1_215' title='bbox 786 3322 851 3360; x_wconf 81' lang='lat' dir='ltr'><strong>est</strong></span> <span class='ocrx_word' id='word_1_216' title='bbox 877 3319 995 3373; x_wconf 83' lang='lat' dir='ltr'><strong>apud</strong></span> <span class='ocrx_word' id='word_1_217' title='bbox 1023 3318 1146 3362; x_wconf 85' lang='lat' dir='ltr'><strong>Stob.</strong></span> <span class='ocrx_word' id='word_1_218' title='bbox 1171 3315 1241 3360; x_wconf 78' lang='grc'><strong>47.</strong></span> <span class='ocrx_word' id='word_1_219' title='bbox 1273 3332 1315 3372; x_wconf 85' lang='lat' dir='ltr'><strong>p.</strong></span> <span class='ocrx_word' id='word_1_220' title='bbox 1344 3314 1443 3357; x_wconf 81' lang='lat'><strong>343.</strong></span> 
     </span>
     <span class='ocr_line' id='line_1_38' title="bbox 395 3385 1363 3441; baseline 0.001 -15"><span class='ocrx_word' id='word_1_221' title='bbox 395 3385 450 3439; x_wconf 81' lang='lat'><strong>†)</strong></span> <span class='ocrx_word' id='word_1_222' title='bbox 477 3385 621 3427; x_wconf 82' lang='lat' dir='ltr'><strong>Attius</strong></span> <span class='ocrx_word' id='word_1_223' title='bbox 650 3389 766 3441; x_wconf 84' lang='lat' dir='ltr'><strong>apud</strong></span> <span class='ocrx_word' id='word_1_224' title='bbox 796 3389 886 3429; x_wconf 91' lang='lat' dir='ltr'><strong>Cic.</strong></span> <span class='ocrx_word' id='word_1_225' title='bbox 917 3390 1049 3431; x_wconf 88' lang='lat' dir='ltr'><strong>Tusc.</strong></span> <span class='ocrx_word' id='word_1_226' title='bbox 1079 3389 1158 3440; x_wconf 83' lang='grc' dir='ltr'>ΙΙΙ,</span> <span class='ocrx_word' id='word_1_227' title='bbox 1187 3387 1266 3438; x_wconf 83' lang='grc'><strong>12,</strong></span> <span class='ocrx_word' id='word_1_228' title='bbox 1294 3385 1363 3428; x_wconf 81' lang='grc'><strong>26.</strong></span> 
     </span>
     <span class='ocr_line' id='line_1_39' title="bbox 365 3453 1666 3512; baseline 0.002 -15"><span class='ocrx_word' id='word_1_229' title='bbox 365 3453 454 3509; x_wconf 85' lang='lat'><strong>††)</strong></span> <span class='ocrx_word' id='word_1_230' title='bbox 484 3455 707 3512; x_wconf 85' lang='lat' dir='ltr'><strong>Aristoph.</strong></span> <span class='ocrx_word' id='word_1_231' title='bbox 738 3458 928 3500; x_wconf 83' lang='lat' dir='ltr'><strong>Acharn.</strong></span> <span class='ocrx_word' id='word_1_232' title='bbox 959 3456 1067 3500; x_wconf 76' lang='lat'><strong>4332</strong></span> <span class='ocrx_word' id='word_1_233' title='bbox 1098 3460 1190 3500; x_wconf 80' lang='grc' dir='ltr'><strong><em>τῶν</em></strong></span> <span class='ocrx_word' id='word_1_234' title='bbox 1220 3457 1472 3500; x_wconf 83' lang='grc' dir='ltr'><strong><em>Θυεστείων</em></strong></span> <span class='ocrx_word' id='word_1_235' title='bbox 1502 3455 1666 3512; x_wconf 79' lang='grc' dir='ltr'><strong><em>ῥακῶν.</em></strong></span> 
     </span>
    </p>
   </div>
  </div>
 </body>
</html>
