2176 3874
1071 288 1154 344 37
1157 291 1194 346 2

295 441 508 521 pulareS,
541 437 674 485 hunc
705 449 875 498 regem
910 431 1217 481 constituens
1231 431 1284 496 '‘)
1329 436 1381 480 et
1413 430 1653 481 Iustitiam
1684 432 1828 483 deam
1854 434 1968 484 siue

295 492 469 583 Δίκην
512 514 829 581 praedicans,
888 513 1029 561 cuius
1076 527 1226 577 opera
1273 528 1302 560 a
1349 527 1440 561 suo
1494 512 1657 576 capite
1698 512 1751 563 iu
1793 513 1969 564 hostes

293 598 536 664 pernicies
572 609 807 642 conversa
843 589 1018 655 sit**).
1995 602 2000 605 ’

423 676 477 723 In
533 675 627 722 hac
686 673 969 738 tragoedia,
1026 672 1120 721 etsi
1175 671 1346 736 Dictys
1403 672 1638 737 inscripta
1696 678 1835 735 erat,
1891 677 1968 722 ta-

291 772 405 806 men
451 770 547 803 non
594 752 772 812 huius,
818 754 907 802 sed
954 752 1142 801 Danaes
1196 753 1380 817 primas
1436 757 1602 817 partes
1649 751 1808 802 fuisse
1862 753 1968 817 pla-

290 853 407 886 num
467 839 561 883 est.
638 833 800 882 Inerat
859 838 1027 882 autem
1082 834 1128 880 ei
1188 834 1327 897 copia
1371 837 1752 897 praeceptorum
1809 833 1969 895 utilis-

291 917 528 965 simorum
577 919 629 962 et
661 913 1014 962 sententiarum
1063 913 1488 977 gravissimarum,
1537 928 1741 976 quarum
1786 913 1970 962 multae

291 995 629 1045 celebritatem
679 994 889 1057 adeptae
937 999 1075 1041 erant
1119 980 1267 1056 atque
1302 994 1447 1042 etiam
1485 994 1536 1042 in
1572 1009 1657 1041 ora
1689 992 1820 1057 vulgi
1852 999 1969 1059 per-

289 1078 547 1131 venerant,
595 1073 729 1121 velut
764 1073 876 1130 illa,
914 1088 1008 1136 qua
1048 1073 1222 1122 Cicero
1254 1074 1317 1122 ad
1355 1074 1456 1122 Att.
1494 1072 1620 1124 Vlll.
1653 1077 1699 1122 8.
1734 1089 1856 1122 usus
1891 1077 1971 1122 est

289 1170 534 1218 quamque
568 1153 715 1202 etiam
749 1152 1105 1216 Aristophanes
1152 1153 1370 1217 paullum
1414 1158 1650 1202 mutatam
1698 1154 1748 1201 in
1783 1154 1970 1203 Achar-

288 1250 467 1283 neuses
502 1232 750 1281 transtulit
796 1232 864 1295 (V.
902 1229 1067 1297 659),
1116 1233 1158 1280 si
1191 1234 1337 1281 modo
1383 1238 1519 1281 recte
1555 1249 1663 1282 eam
1695 1233 1814 1282 huic
1848 1233 1969 1282 dra-

288 1314 408 1363 mati
440 1312 695 1363 vindicavi.
778 1311 1070 1360 Excellebat
1115 1313 1262 1360 etiam
1296 1312 1501 1361 actionis
1537 1313 1735 1376 vigore,
1782 1313 1967 1362 oratio-

288 1410 403 1443 num
439 1391 857 1451 contentionibus,
905 1392 1279 1440 altercationum
1313 1392 1592 1442 acrimonia.
1668 1393 1799 1442 Tum
1832 1393 1968 1456 senis

288 1472 658 1538 sapientissimi,
692 1471 1019 1520 adolescentis
1051 1472 1316 1521 fortissimi
1349 1471 1791 1535 audacissimique,
1823 1472 1969 1522 femi—

287 1569 379 1601 nae
423 1552 752 1616 probissimae
786 1552 1110 1616 eiusdemque
1144 1552 1552 1613 venustissimae,
1588 1553 1803 1616 denique
1835 1552 1968 1616 regis

286 1632 629 1697 superbissimi
674 1648 916 1696 personae
960 1634 1248 1696 gravitatem
1283 1633 1732 1695 sublimitatemque
1774 1637 1969 1700 tragoe-

285 1712 367 1760 dia
401 1712 595 1774 dignam
630 1712 925 1761 tribuebant.
1013 1711 1086 1761 De
1119 1713 1371 1761 voluntate
1406 1717 1584 1776 poetae
1618 1727 1681 1760 ex
1714 1715 1970 1777 compara-

286 1792 421 1841 tione
463 1791 683 1854 priorum
720 1791 994 1841 dramatum
1029 1793 1264 1842 facillime
1297 1793 1479 1856 poterit
1510 1791 1735 1843 iudicari.
1821 1791 1968 1840 Simi-

285 1871 541 1920 litudinem
576 1871 705 1919 enim
739 1873 856 1920 huic
888 1871 1174 1935 tragoediae
1224 1889 1335 1920 cum
1369 1871 1583 1921 Medeae
1614 1871 1779 1920 fabula
1812 1871 1968 1920 inter-

287 1951 501 2001 cessisse
550 1956 772 2016 apparet.
858 1951 1071 1999 Primum
1108 1952 1238 1998 enim
1273 1968 1412 2000 amor
1446 1952 1578 2016 regis
1614 1951 1742 2000 hanc
1774 1951 1968 2000 turbam

284 2031 569 2090 concitavit3
620 2032 760 2093 isque
793 2046 931 2078 amor
965 2031 1259 2078 temerarius
1292 2031 1416 2089 fuit,
1451 2047 1612 2094 neque
1645 2046 1847 2079 suorum
1880 2046 1968 2079 ne—

285 2126 381 2174 que
416 2110 684 2158 alienorum
731 2109 979 2156 commodi
1018 2109 1259 2158 rationem
1292 2110 1508 2168 habens,
1544 2110 1660 2172 quin
1693 2109 1874 2171 etiam,
1909 2116 1968 2158 ut

285 2205 456 2239 omnes
504 2189 667 2236 omnia
712 2188 808 2253 ipsi
856 2189 1249 2253 gratificarentur
1283 2190 1740 2253 condonarentque,
1789 2194 1967 2253 postu-

283 2269 405 2317 lans.
484 2266 714 2317 Morbum
767 2284 879 2316 esse
913 2269 1039 2316 hanc
1073 2269 1495 2333 perturbationem
1530 2269 1677 2317 animi
1721 2269 1832 2333 ipse
1866 2268 1965 2319 Po-

282 2349 506 2413 lydectes
543 2348 824 2411 profitetur:
861 2349 1091 2411 quocirca
1125 2364 1338 2411 aequum
1374 2364 1486 2397 esse
1521 2355 1706 2408 censet,
1741 2354 1795 2397 ut
1818 2349 1966 2399 etiam

283 2429 427 2477 liberi
472 2428 548 2476 sui
587 2427 703 2475 huic
737 2427 894 2492 patris
938 2429 1111 2477 morbo
1139 2429 1354 2477 curando
1411 2429 1723 2492 fovendoque
1765 2444 1968 2493 operam

284 2510 415 2558 dent.
477 2507 667 2569 Quodsi
712 2523 835 2556 uxor
879 2508 986 2557 eius
1033 2509 1313 2557 etiamnunc
1367 2510 1580 2566 viveret,
1626 2509 1968 2573 postulaturus

283 2592 445 2648 esset,
492 2588 672 2647 credo,
715 2593 771 2636 ut
814 2588 938 2636 haec
986 2605 1182 2653 quoque
1226 2590 1414 2637 veniam
1461 2589 1608 2637 animi
1655 2589 1732 2636 sui
1764 2587 1967 2638 affectui

282 2669 426 2717 daret
471 2673 521 2716 et
566 2667 675 2716 iure
722 2667 982 2732 coniugiali
1023 2669 1156 2717 ultro
1191 2670 1410 2719 cederet.
1492 2669 1656 2731 Quum
1689 2674 1854 2718 autem
1887 2668 1966 2717 Ia-

283 2748 390 2796 soni
423 2746 718 2812 Polydectes
763 2747 1038 2796 simillimus
1073 2750 1166 2805 sit,
1213 2755 1317 2797 tum
1353 2749 1518 2797 Danae
1568 2746 1779 2797 Medeae
1809 2737 1965 2813 'plane

283 2827 528 2876 contraria
563 2831 658 2874 est.
739 2825 907 2875 Patria
954 2828 1153 2892 quidem
1198 2829 1305 2893 ipsa
1340 2843 1533 2891 quoque
1568 2828 1728 2875 eiecta
1761 2833 1840 2876 est
1867 2844 1963 2876 ne-

281 2922 380 2970 que
413 2910 610 2970 praeter
642 2906 829 2970 Dictyis
866 2908 1189 2971 patrocinium
1216 2908 1314 2955 ullo
1346 2907 1591 2972 praesidio
1627 2907 1707 2955 vel
1729 2906 1962 2972 perfugio

281 2986 463 3044 utitur3
487 2986 578 3034 sed
606 2985 731 3034 haec
769 2988 1035 3051 expetitur,
1071 2988 1154 3036 illa
1176 2988 1490 3053 repudiatur3
1516 2987 1629 3035 huic
1652 3001 1764 3035 cum
1793 2986 1962 3035 matri-

345 3130 395 3184 >'‘)
424 3130 628 3185 Apollod.
658 3132 688 3173 1.
719 3133 776 3173 l.:
816 3131 1106 3188 καταστήσας
1136 3133 1188 3178 δὲ
1227 3134 1310 3190 τῆς
1339 3132 1543 3189 Σερίφου
1572 3133 1744 3176 Δίκτυν
1771 3132 1960 3191 βασιλέα

419 3196 630 3243 ἀπέδωκε
666 3199 725 3244 τὰ
763 3200 845 3255 μὲν
885 3201 1049 3246 πέδιλα
1088 3204 1166 3248 καὶ
1203 3205 1369 3261 κίβισιν
1396 3201 1472 3245 καὶ
1499 3200 1586 3256 τήν
1623 3203 1768 3259 κυνῆν
1804 3199 1960 3262 Ἑρμῇ,

420 3268 509 3325 τὴν
529 3269 580 3314 δὲ
601 3270 808 3326 κεφαλὴν
831 3272 912 3327 τῆς
934 3273 1164 3330 Γοργόνος
1184 3272 1366 3332 Ἀθηνᾷ.
1397 3273 1569 3315 Eadem
1594 3273 1793 3316 referens
1814 3275 1958 3318 schol.

419 3341 566 3395 Apoll.
597 3342 654 3383 ad
685 3342 995 3399 Pherecydem
1025 3340 1252 3388 auctorem
1280 3346 1508 3400 provocat.

319 3410 398 3465 9696)
424 3411 580 3468 Epigr.
598 3412 730 3468 Cym:
759 3408 816 3456 ὃν
843 3410 952 3457 καθ’
972 3412 1127 3473 ἑτέρου
1157 3414 1369 3460 θάνατον
1397 3411 1575 3458 ἐπενόει
1600 3413 1830 3469 γενέσθαι,
1848 3415 1955 3459 τοῦ·

420 3495 504 3523 τον
532 3479 674 3532 αὐτὸς
712 3480 857 3527 κατὰ
895 3483 995 3540 τὴν
1030 3483 1326 3541 πρόνοιαν
1365 3485 1466 3540 τῆς
1503 3485 1682 3541 Δίκης
1722 3485 1922 3539 ἐδέξατο·
