2144 3854
1102 261 1225 318 23⁰

331 413 523 472 melius,
557 424 699 474 quam
733 408 939 472 tragico,
974 407 1246 458 conveniat.
1314 405 1532 456 Primum
1560 405 1691 456 enim
1719 412 1888 458 vastus
1911 409 2003 461 im-

329 498 665 558 portunusque
698 493 776 537 est
809 487 932 537 adeo
951 523 966 546 ,
999 492 1054 536 ut
1086 489 1137 538 in
1170 489 1368 537 domum
1401 486 1614 552 hospitis
1649 487 1897 538 funestam
1929 489 2006 540 in-

330 575 458 631 tret,
494 584 655 632 neque
687 584 907 617 rasuram
943 568 1050 617 eius
1085 584 1246 632 neque
1280 583 1336 616 os
1370 567 1590 616 lacrimis
1624 568 1877 633 oppletum
1910 585 2006 619 ne-

329 665 426 715 que
467 649 664 713 reliqua
702 648 964 697 manifesta
1019 648 1291 713 gravissimi
1325 647 1489 696 luctus
1526 647 1819 697 documenta
1849 664 2007 714 repu-

327 734 454 791 tans,
488 724 709 794 (quibus,
746 729 788 776 si
822 729 981 778 minus
1016 729 1251 793 simplicis
1283 720 1465 777 fuisset
1498 728 1664 783 animi,
1698 729 1810 794 plus
1844 729 2006 779 credi-

327 809 499 871 disset,
534 824 679 872 quam
710 809 873 857 verbis
897 810 1154 872 ambiguis,
1187 809 1545 857 haesitantibus
1563 806 2008 874 verecundisque„

327 892 384 938 ut
417 888 718 953 benignitate
751 889 962 953 hospitis
997 889 1310 954 impudenter
1341 888 1892 954 abutatur‚·postulans
1925 894 2007 940 ,at-

327 983 425 1032 que
473 967 639 1016 afferri
683 969 858 1018 iubens
905 985 1227 1033 quaecunque
1261 969 1427 1029 lubet3
1476 973 1560 1026 ut,
1608 969 1687 1016 vix
1731 968 2005 1032 ingressus,

327 1048 493 1097 statim
529 1049 923 1098 comissationem
959 1050 1181 1098 ordiatur
1231 1054 1379 1112 atque
1410 1048 1615 1097 ululanti
1639 1063 1760 1096 voce
1789 1047 2008 1098 carmina

326 1131 523 1188 cantet,
570 1128 850 1194 planctibus
882 1129 1099 1178 familiae
1133 1129 1444 1193 obstrepens.
1512 1126 1641 1176 Tum
1674 1128 1911 1177 remissus
1944 1127 2006 1176 ad

326 1207 609 1256 comitatem
643 1208 1038 1272 hilaritatemque
1066 1214 1145 1257 est
1169 1208 1311 1269 adeo,
1346 1207 1470 1256 utin
1490 1207 1740 1273 publicum
1772 1208 2006 1271 prodiens

323 1287 493 1337 habitu
525 1288 836 1337 comissantis
871 1288 1166 1337 sententiam
1199 1294 1456 1351 expromat
1484 1288 1560 1347 iis,
1596 1287 1679 1351 qui
1705 1287 1864 1336 minus
1890 1293 2008 1337 suut

325 1382 568 1432 generoso
601 1383 877 1433 magnoque
910 1368 1090 1428 animo,
1128 1383 1272 1432 quam
1306 1367 1463 1432 pollet
1495 1367 1619 1431 ipse,
1655 1382 1828 1432 parum
1872 1366 2004 1416 salu-

324 1451 502 1505 tarem,
537 1448 627 1496 sed
661 1447 899 1496 lubricam
935 1454 1084 1512 atque
1118 1447 1461 1511 perniciosam,
1498 1451 1550 1495 et
1583 1446 1644 1494 ad
1680 1447 2007 1496 communiter

323 1526 593 1577 bibendum
628 1541 821 1574 servum
858 1528 1043 1576 invitet.
1114 1527 1336 1589 Denique
1369 1525 1581 1574 levitatis
1615 1530 1693 1574 est
1723 1530 1913 1587 tantae,
1947 1531 2007 1576 ut

324 1621 388 1655 ex
419 1604 712 1671 gravissimo
758 1607 890 1656 vitae
932 1607 1153 1672 periculo
1197 1612 1343 1668 atque
1376 1604 1685 1653 atrocissimo
1735 1605 2008 1655 certamine

321 1689 555 1748 tanquam
602 1701 664 1734 ex
715 1687 1062 1735 comissatione
1110 1684 1311 1744 redeat,
1360 1699 1456 1733 non
1503 1683 1801 1748 triumphet,
1828 1700 2007 1750 -neque

320 1766 596 1831 gratuletur
629 1766 752 1823 sibi,
802 1780 898 1814 non
946 1765 1220 1831 magnificis
1271 1766 1434 1814 verbis
1479 1765 1733 1813 victoriam
1767 1763 2006 1827 celebret,

322 1845 414 1894 sed
446 1844 625 1893 festive
658 1845 850 1893 iocetur
883 1844 1205 1909 ludificetque
1239 1845 1479 1905 amicum,
1533 1860 1625 1894 nec
1658 1844 1752 1893 nisi
1784 1844 2005 1895 interro-

319 1928 463 1986 gatus
497 1929 645 1987 atque
679 1924 844 1972 obiter
878 1924 942 1972 de
974 1940 1031 1972 re
1063 1931 1204 1990 gesta
1239 1925 1430 1974 doceat.

451 2002 710 2067 Proprium
746 2003 1074 2066 satyricorum
1109 2010 1188 2053 est
1223 2005 1495 2052 dramatum
1520 2001 1572 2066 ²⁸)
1608 2001 1846 2052 inducere
1887 2018 2002 2068 per-

321 2097 466 2131 sonas
500 2087 551 2130 et
584 2082 644 2130 ab
679 2082 953 2131 honestatis
989 2083 1155 2132 studio
1193 2089 1244 2132 et
1277 2085 1336 2131 ab
1371 2082 1688 2131 humanitatis
1723 2098 1872 2131 sensu
1914 2083 2002 2132 ali-

321 2177 468 2222 enas,
519 2161 660 2210 euius
695 2162 889 2227 generis
923 2163 1134 2226 primum
1170 2164 1324 2227 satyri
1360 2167 1474 2211 sunt
1516 2162 1780 2227 impudici,
1814 2167 2002 2226 turpeS,

319 2241 568 2305 protervi,
618 2246 872 2306 agrestes,
922 2242 1043 2291 nudi
1076 2243 1137 2291 iis
1173 2245 1349 2304 rebus,
1385 2244 1435 2292 in
1470 2243 1645 2306 quibus
1681 2241 1840 2290 cultus
1872 2242 2003 2291 vitae

318 2319 562 2368 humanus
597 2320 854 2384 civilisque
888 2322 1083 2387 positus
1119 2328 1211 2383 est,
1261 2323 1416 2387 ignari
1451 2321 1730 2371 officiorum
1765 2322 2002 2384 omnium,

319 2414 528 2462 quorum
562 2399 728 2449 studio
752 2401 1006 2450 hominum
1028 2403 1311 2451 coniunctio
1339 2407 1388 2451 et
1412 2402 1726 2458 familiarum,
1764 2401 2002 2468 gentium,

320 2479 600 2537 civitatum,
657 2480 984 2544 populorum,
1038 2483 1249 2545 denique
1300 2483 1495 2547 generis
1540 2482 1736 2531 humani
1785 2480 2003 2530 universi

320 2559 536 2608 societas
572 2564 817 2619 servatur3
881 2562 1062 2610 deinde
1113 2566 1330 2610 monstra
1376 2562 1461 2610 illa
1508 2561 1586 2610 vel
1631 2561 1883 2610 hominum
1924 2560 2003 2609 vel

316 2637 625 2699 daemonum,
662 2639 761 2703 qui,
797 2656 825 2688 a
859 2641 1059 2705 pietate,
1094 2657 1122 2690 a
1154 2642 1357 2703 iustitia,
1394 2658 1422 2690 a
1447 2642 1700 2705 religione,
1734 2657 1762 2689 a
1797 2640 2001 2689 deorum
2092 2644 2094 2648 ’

315 2723 479 2778 metu,
523 2734 552 2766 a
584 2733 733 2767 sensu
766 2719 1085 2770 humanitatis
1121 2720 1294 2782 alieni,
1346 2722 1531 2785 rapinis
1566 2722 1729 2769 vivunt
1777 2724 1829 2768 et
1861 2717 2001 2767 nefa-

316 2797 404 2846 riis
438 2797 728 2858 sceleribus,
763 2799 917 2848 instar
942 2792 1231 2861 belluarum,
1267 2805 1374 2849 tum
1401 2801 1698 2865 populorum
1726 2799 2000 2846 civitatum-

317 2891 416 2939 que
454 2882 559 2925 tum
603 2878 906 2941 privatorum
950 2880 1160 2930 salutem
1205 2881 1434 2946 perdunt.
1501 2878 1660 2928 Alteri
1693 2877 1851 2943 ignari
1886 2881 2002 2926 sunt

315 2955 479 3017 legum
515 2971 822 3020 morumque,
859 2961 1111 3024 magisque
1137 2959 1328 3009 ridiculi
1352 2972 1495 3023 quam
1518 2958 1664 3018 noxii,
1701 2958 1764 3006 ob
1793 2972 2001 3020 eamque

315 3050 422 3084 rem
455 3035 653 3084 Baccho
686 3039 827 3099 grati,
865 3039 1006 3089 cuius
1041 3041 1170 3089 dono
1205 3040 1436 3089 mortales
1472 3038 1781 3103 aegritudine
1813 3041 1866 3086 et
1891 3051 1998 3085 mo·-

315 3113 461 3163 lestia
494 3114 794 3179 liberantur,
850 3135 947 3182 qua
992 3120 1067 3169 rei
1115 3125 1167 3169 et
1200 3120 1502 3169 domesticae
1537 3122 1587 3167 et
1619 3117 1848 3183 publicae
1883 3131 2001 3165 cura

372 3304 421 3360 ὃς)
456 3303 664 3346 Glumius
692 3317 827 3357 quum
855 3307 998 3348 multa
1018 3305 1341 3360 conquireret,
1380 3302 1537 3359 quibus
1577 3300 1819 3358 satyricam
1862 3299 1999 3342 huius

454 3373 670 3417 dramatis
696 3377 904 3417 naturam
931 3376 1072 3420 fuisse
1101 3376 1319 3428 efficeret,
1351 3377 1483 3430 caput
1512 3376 1558 3417 et
1574 3371 1841 3428 principium
1865 3383 1996 3414 caus-

457 3457 534 3487 sae
561 3457 647 3487 non
674 3442 852 3498 reperit.
