2144 3854
1135 250 1216 308 88

336 416 445 464 suo,
478 399 543 450 de
573 397 767 448 Danaes
800 396 980 446 misera
1012 400 1173 460 sorte,
1208 395 1271 445 de
1303 395 1437 462 regis
1472 396 1732 460 suspiciosi
1764 398 2017 463 iniquitate

336 479 478 546 queri
507 480 789 544 potuerunt,
825 480 907 525 aut
940 475 1088 526 etiam
1123 477 1186 525 ‹le
1220 481 1392 540 stupro
1425 475 1654 525 dominae
1685 476 1816 526 inter
1837 493 1894 528 se
1919 481 2015 530 sci·

337 558 520 608 scitari.

464 637 602 686 Auro
636 637 908 686 universam
941 636 1036 684 iam
1069 634 1324 696 familiam,
1357 650 1518 700 neque
1550 635 1713 685 minus
1744 637 1892 686 etiam
1912 654 2015 687 ma-

334 722 460 766 trem
492 715 712 780 virginiS,
769 720 1047 781 corruptam
1084 714 1241 763 fuisse
1291 717 1603 764 statuendum
1650 722 1742 765 est.
1811 717 2016 782 Cognito

332 796 484 862 igitur
529 795 660 844 filiae
706 795 951 844 dedecore
993 799 1150 843 mater
1190 799 1389 859 praeter
1434 795 1669 859 pietatem
1713 797 1862 845 etiam
1896 797 2018 846 lucri

334 875 496 925 studio
543 877 607 924 ad
650 875 913 939 tegendum
960 880 1184 938 stuprum
1234 875 1675 940 decipiendumque
1722 892 1890 941 regem
1924 877 2017 926 im-

332 955 623 1021 pellebatur.
692 956 864 1005 Statim
899 955 1050 1020 igitur
1083 959 1195 1018 post
1233 953 1472 1018 parodum
1507 955 1726 1019 reginam
1761 974 1789 1005 a
1822 957 2018 1006 nutrice

333 1035 398 1084 de
430 1036 669 1100 gravitate
703 1036 807 1084 sive
840 1035 988 1083 etiam
1024 1033 1087 1082 de
1119 1039 1263 1098 partu
1317 1033 1447 1081 filiae
1491 1033 1713 1091 edoctam
1771 1035 2018 1100 simulque

333 1116 382 1165 ei
415 1132 704 1180 persuasum
740 1132 851 1164 esse
886 1119 1024 1180 puto,
1059 1117 1114 1162 ut
1147 1113 1297 1162 vellet
1329 1113 1564 1161 infantem
1597 1130 1626 1162 a
1662 1130 1717 1162 se
1748 1115 1854 1179 ipsa
1874 1121 2016 1181 partu

332 1196 518 1245 editum
555 1212 667 1245 esse
699 1196 887 1260 fingere
918 1187 1152 1258 regisque
1182 1198 1298 1242 ante
1320 1193 1476 1257 pedes
1499 1209 1590 1258 pro
1617 1193 1722 1243 filio
1745 1194 2014 1246 tollendum

330 1291 538 1340 ponere:

462 1355 658 1417 „Eam
681 1370 848 1403 nunc
873 1370 1009 1426 esse
1030 1351 1632 1420 inventamprobri
1657 1361 2016 1422 compotem

464 1432 684 1485 Sci-‘312²’
1594 1482 1595 1487 ,

460 1514 556 1564 His
589 1515 738 1563 rebus
773 1513 1011 1577 cognitis,
1062 1513 1230 1577 regina
1279 1514 1343 1562 de
1376 1513 1542 1577 inopia
1576 1517 1724 1579 atque
1757 1514 2015 1565 imbecilli-

332 1599 434 1644 tate
478 1595 670 1658 generis
716 1593 974 1641 mulierum
1026 1592 1371 1655 conqueritur3
1429 1593 1592 1641 nutrix
1653 1594 1780 1644 vires
1824 1599 1892 1653 et,
1925 1611 2016 1660 po-

329 1674 536 1724 tentiam
569 1674 783 1722 virorum
820 1671 933 1720 dolo
971 1671 1238 1720 eludendas
1274 1686 1387 1720 esse
1421 1671 1669 1722 ostendit:

464 1751 823 1818 σνμμαρτυρῶ
858 1761 961 1802 σοι·
996 1753 1270 1817 πανταχοῦ
1302 1749 1611 1816 λελείμμεθα

464 1837 629 1884 πᾶσαι
660 1833 911 1899 γυναῖκες
945 1828 1185 1897 ἀρσένων
1218 1828 1298 1882 ἀεὶ
1331 1829 1450 1898 δίχα

461 1986 531 2060 ἦν
562 1993 664 2059 γάρ
698 2010 776 2053 τις
811 1986 979 2054 αἶνος,
1016 1990 1087 2051 ὥς
1119 1988 1328 2057 γυναιξὶ
1360 1989 1458 2054 μὲν
1489 1989 1662 2057 τέχναι

461 2071 696 2140 μέλουσι,
730 2073 890 2141 λόγχῃ
927 2072 974 2124 δ’
1010 2071 1200 2138 ἄνδρες
1232 2071 1632 2138 εὐστοχώτεροι·

463 2153 509 2205 εἰ
539 2151 641 2220 γὰρ
677 2154 911 2206 δόλοισιν
942 2146 1010 2220 ἧν
1042 2153 1101 2205 τὸ
1135 2152 1456 2220 νικητήριον,

460 2234 609 2302 ἡμεῖς
641 2233 708 2286 ἂν
742 2235 954 2301 ἀνδρῶν
987 2233 1194 2300 εἴχομεν
1225 2233 1537 2299 τυραννίδα.

330 2315 527 2366 Fraude
560 2318 857 2381 composita,
903 2318 1030 2365 intro
1077 2317 1176 2365 abit
1220 2316 1386 2379 regina
1435 2316 1539 2364 sive
1585 2313 1646 2363 ad
1680 2316 2014 2381 praeparanda

331 2410 458 2458 quae
479 2397 758 2446 necessaria
784 2412 896 2446 esse
919 2396 1166 2452 videntur,
1203 2396 1307 2444 sive
1342 2397 1401 2444 ad
1430 2396 1773 2461 praestandam
1798 2411 2011 2461 puerpe-

329 2490 417 2524 rae
452 2491 669 2539 operam.
739 2475 910 2524 Prodit
942 2491 1056 2535 rex,
1107 2481 1465 2539 conspectaque
1499 2475 1717 2535 nutrice,
1765 2481 1931 2524 monet
1964 2481 2015 2524 et

329 2553 457 2603 hanc
491 2561 543 2604 et
577 2556 787 2621 reliquas
829 2555 1037 2603 famulas
1050 2591 1065 2616 ,
1111 2559 1167 2603 ut
1211 2572 1354 2618 quam
1400 2554 1775 2621 diligentissima
1810 2571 1926 2605 cura
1960 2561 2014 2606 et

329 2649 494 2683 mores
529 2640 580 2683 et
612 2635 791 2684 famam
825 2635 1021 2698 virginis
1058 2635 1307 2683 custodire
1353 2635 1581 2698 tuerique
1629 2633 1793 2685 velint'.
1861 2635 2012 2685 Nasci

330 2714 458 2762 enim
492 2714 743 2764 infamiam
776 2714 1059 2780 virginibus,
1094 2714 1387 2777 simulatque
1422 2715 1580 2779 aliqua
1614 2714 1717 2765 sola
1738 2715 1789 2763 in
1812 2715 2010 2780 publico

328 2808 530 2843 versans
567 2795 891 2860 conspiciatur
909 2811 930 2847 ε,
1809 2836 1813 2844 .

461 2873 832 2934 „Desubito
861 2875 1118 2938 samam
1150 2873 1441 2933 tollunt,
1490 2873 1770 2939 siquam
1801 2873 2010 2925 solam

1162 2952 1393 3003 videre
1427 2953 1496 3001 in
1529 2950 1701 3002 via”.‘

326 3031 441 3080 Hoc
474 3032 613 3080 finito
647 3032 890 3095 colloquio
923 3033 1166 3098 interponi
1199 3034 1283 3082 illa
1314 3031 1610 3097 παράβασις
1642 3033 1830 3099 potuit,
1866 3033 2006 3084 cuius

327 3116 381 3160 et
426 3111 604 3160 Pollux
640 3116 692 3160 et
726 3110 1016 3160 Plutarchus
1051 3114 1347 3163 mentionem
1385 3112 1623 3161 feceruut.
1690 3113 1825 3163 Illius
1860 3114 2009 3177 verba

239 3191 243 3194 ’
324 3190 450 3240 haec
486 3196 622 3240 sunt:
664 3190 773 3240 τῶν
817 3188 874 3240 δὲ
907 3193 1136 3257 χορικῶν
1171 3191 1416 3258 ᾀσμάτων
1449 3193 1556 3243 τῶν
1587 3194 1835 3257 κωμικῶν
1866 3188 1925 3244 ἕν
1956 3208 2007 3243 τι

326 3267 416 3321 καὶ
463 3268 498 3337 ἢ
530 3269 841 3336 παράβασις,
878 3269 1007 3322 ὅταν
1041 3272 1071 3323 ὁ
1105 3270 1324 3339 ποιητὴς
1353 3272 1485 3337 πρὸς
1518 3273 1578 3324 τὸ
1614 3272 1845 3339 θέατρον
1876 3271 2004 3339 βού-

325 3352 476 3417 ληται
511 3349 707 3417 λέγειν,
751 3350 781 3403 ὁ
815 3348 912 3417 [δὲ]
948 3351 1106 3418 χορὸς
1140 3351 1420 3420 παρελθὼν
1453 3351 1576 3420 λέγῃ
1608 3358 1790 3406 ταῦτα.
1861 3347 2004 3404 Ἐπι-

325 3433 476 3492 εικῶς
512 3429 569 3482 δὲ
602 3428 731 3483 αὐτὸ
764 3436 1016 3484 ποιοῦσιν
1051 3433 1104 3485 οἱ
1126 3434 1580 3502 κωμῳδοποιηταί.
1647 3433 1921 3502 ,Τραγικὸν
1945 3431 2004 3488 δὲ
