2176 3874
911 309 1036 371 523

128 459 331 527 quidem
365 461 499 508 artes
535 458 867 523 elaboramus,
901 459 1155 510 suadelam
1190 475 1324 522 vero,
1361 476 1488 526 quae
1521 458 1625 509 sola
1657 458 1835 510 homi-1

125 557 245 592 num
277 539 451 607 regina
483 546 594 601 est,
643 541 900 592 elaborare
950 542 1185 590 mercede
1232 542 1347 591 data
1394 557 1495 591 non
1528 541 1827 592 studemus?

127 621 256 686 Quid
295 621 426 670 enim
461 622 584 670 mihi
618 622 931 686 relinquitur,
967 637 1064 686 quo
1098 622 1147 671 in
1181 621 1356 671 melius
1392 638 1474 671 res
1507 637 1646 671 meas
1681 638 1825 672 com-

122 703 352 752 mutem?
417 701 494 751 Illi
529 708 602 751 tot
638 703 727 751 filii
762 718 858 751 non
893 707 1010 750 sunt
1043 702 1282 766 amplius3
1319 703 1430 768 ipsa
1464 701 1688 767 captiva,
1736 703 1826 751 ab-

123 782 252 831 iecta
287 799 429 844 aum3
481 783 602 832 urbs
635 783 867 831 incendio
900 781 1081 833 deleta.
1153 782 1301 832 lnane
1334 783 1551 831 fortasse
1584 783 1681 831 erit
1720 781 1827 833 Ve-

121 878 294 912 nerem
330 865 393 912 ad
429 868 596 930 partes
631 879 823 922 vocare,
861 862 950 910 sed
974 862 1293 911 nihilominus
1316 863 1524 913 dicatur.
1593 863 1671 912 Ad
1693 864 1827 913 latus

122 947 262 992 tuum
296 944 399 993 filia
431 961 544 994 mea
578 943 805 1009 quiescit.
875 942 1137 1005 Quodnam
1172 942 1324 1007 igitur
1362 944 1455 992 erit
1479 943 1703 993 suavium
1736 960 1828 994 uo-

124 1024 278 1074 ctium
313 1030 365 1075 et
396 1024 614 1074 dulcium
652 1025 704 1074 in
740 1027 852 1072 toro
888 1022 1206 1087 amplexuum
1240 1023 1621 1074 testimonium?
1654 1040 1828 1088 quam-

123 1120 237 1154 nam
272 1106 406 1155 filiae
441 1106 662 1169 mihique
710 1105 919 1171 gratiam
955 1103 1182 1165 refereS,
1235 1104 1333 1152 nisi
1377 1104 1514 1152 hunc
1556 1110 1828 1167 mortuum,

123 1184 328 1236 affinem
363 1193 523 1247 tuum,
558 1186 764 1234 honoris
800 1184 960 1233 debiti
993 1183 1178 1232 feceris
1214 1183 1553 1248 participem2
1587 1184 1642 1249 ³¹)
1711 1185 1828 1234 Uti-

125 1280 249 1315 nam·
272 1267 395 1316 mihi
430 1270 566 1315 esset
599 1280 695 1313 vox
727 1265 777 1313 in
828 1264 1046 1313 brachiis
1067 1302 1082 1324 ,
1128 1263 1177 1312 in
1224 1264 1477 1324 manibus,
1525 1264 1577 1313 in
1613 1265 1828 1330 capillis,

125 1345 178 1393 in
212 1346 426 1410 pedibus
462 1346 568 1394 sive
602 1344 811 1393 Daedali
847 1350 956 1393 arte
992 1345 1094 1393 sive
1121 1344 1398 1409 cuiuspiam
1422 1343 1521 1406 dei,
1556 1352 1615 1394 ut
1649 1352 1829 1395 cuncta

122 1424 272 1474 simul
306 1427 517 1493 genibus
553 1426 652 1474 tuis
686 1425 1006 1474 adhaerentia
1051 1425 1382 1489 omnibusque
1415 1426 1649 1489 precibus
1685 1431 1829 1476 uten-

120 1505 192 1554 tia
226 1506 634 1556 lamentarentur.
703 1507 746 1556 Ο
785 1522 902 1566 rex,
951 1521 981 1554 o
1017 1503 1240 1555 summus
1278 1506 1585 1555 Graecorum
1622 1507 1828 1568 arbiter,

121 1585 346 1647 flectere,
384 1588 571 1651 praebe
589 1604 789 1636 manum
815 1588 1030 1646 vetulae,
1057 1587 1279 1651 quamvis
1308 1587 1549 1651 perditae,
1584 1586 1829 1638 ultricem.

122 1665 274 1715 Probi
308 1668 442 1716 enim
475 1667 568 1716 viri
620 1674 700 1717 est
745 1668 929 1733 ubique
973 1668 1214 1718 iustitiam
1259 1666 1390 1716 tueri
1433 1672 1487 1716 et
1518 1668 1699 1732 punire
1730 1668 1828 1718 im-

121 1747 359 1811 proboS.”

251 1827 363 1877 Hac
398 1827 622 1878 oratione
645 1828 805 1878 victus
839 1829 1182 1893 Agamemnon
1216 1827 1347 1877 velle
1381 1843 1437 1877 se
1463 1827 1585 1877 dicit
1617 1829 1828 1879 deorum

121 1907 444 1972 iustitiaeque
477 1910 636 1973 gratia
671 1910 836 1959 scelus
871 1910 1077 1975 punire,
1128 1910 1172 1958 si
1205 1907 1320 1957 fieri
1355 1913 1634 1973 opportune
1668 1910 1831 1973 possit

120 2004 283 2052 neque
317 1990 593 2038 timendum
629 1991 714 2050 sit,
749 2005 813 2038 ne
842 1989 1029 2040 Veneri
1062 1989 1329 2055 indulgens
1364 1989 1576 2038 amicum
1611 1990 1831 2038 socium-

121 2085 219 2134 que
252 2068 558 2119 Graecorum
606 2069 842 2135 Polydori
877 2084 1083 2127 caussa,
1137 2086 1286 2133 quem
1320 2070 1393 2117 illi
1428 2084 1519 2134 pro
1554 2069 1702 2119 hoste
1734 2070 1829 2119 ha-

121 2149 288 2210 beant,
322 2150 612 2215 perdidisse
643 2151 887 2199 videatur.
957 2148 1088 2198 Tum
1123 2149 1334 2198 Hecuba
1378 2165 1549 2214 regem
1598 2151 1829 2200 multitu-

119 2228 223 2278 dini
256 2231 525 2279 obnoxium
574 2232 672 2280 hoc
719 2237 858 2280 metu
890 2230 1073 2279 liberat
1117 2230 1387 2279 ostendens
1434 2245 1492 2278 se
1545 2231 1701 2279 solam
1739 2231 1829 2280 ad-

120 2309 400 2358 iuvantibus
434 2310 636 2360 seminis
673 2311 879 2376 captivis
913 2311 1148 2359 ultionem
1189 2316 1570 2375 persecuturam
1608 2311 1831 2375 satisque

120 2388 421 2450 habituram,
458 2391 502 2438 si
534 2407 626 2440 rex
660 2407 717 2439 se
752 2391 1010 2439 conscium
1046 2406 1160 2438 esse
1194 2391 1514 2439 dissimulans
1547 2391 1829 2440 multitudi-

122 2483 239 2517 nem
274 2469 511 2519 cohibeat
560 2486 723 2534 neque
769 2485 1067 2519 succurrere
1101 2471 1334 2534 patiatur.
1405 2470 1519 2518 Hoc
1553 2486 1707 2519 unum
1742 2486 1828 2519 ro-

121 2554 221 2614 gat,
256 2554 313 2598 ut
346 2549 603 2612 famulam,
640 2568 787 2615 quam
824 2551 886 2598 ad
909 2551 1213 2600 invitandum
1239 2548 1488 2598 fallaciter
1513 2549 1829 2614 Polymesto-

120 2645 229 2679 rem
265 2646 378 2679 cum
414 2631 586 2680 liberis
621 2633 837 2681 missura
873 2632 957 2693 sit,
993 2635 1105 2680 tuto
1128 2647 1222 2696 per
1245 2630 1523 2678 exercitum
1547 2629 1828 2679 ducendam

123 2717 284 2760 curet.
369 2711 528 2761 Simul
575 2711 858 2776 Polyxenae
903 2711 1246 2776 sepulturam,
1294 2714 1350 2758 ut
1395 2726 1493 2758 uno
1541 2726 1663 2776 rogo
1711 2726 1826 2759 cum

122 2789 279 2840 fratre
314 2792 662 2854 comburatur,
701 2792 897 2840 differri
929 2792 1098 2853 iubet,
1143 2791 1198 2839 id
1233 2791 1367 2855 quod
1401 2791 1565 2840 ventis
1599 2790 1826 2840 adversis

99 2887 308 2934 ¹moram
343 2873 643 2939 navigationi
676 2873 1008 2922 inferentibus
1042 2871 1189 2920 facile
1223 2872 1478 2936 impetrat.

252 2952 520 3018 Temporis
556 2954 789 3019 spatium,
826 2969 924 3017 quo
951 2952 1271 3017 Polymestor
1305 2966 1368 3000 ex
1402 2951 1620 3000 Thracia
1653 2966 1824 3000 arces-

121 3031 279 3094 situr,
316 3049 438 3082 sane
473 3033 701 3100 longum,
748 3034 970 3082 carmine
1005 3033 1264 3098 expletur,
1300 3047 1398 3096 quo
1435 3032 1649 3093 chorus,
1685 3036 1740 3080 ut
1772 3031 1824 3080 in

118 3112 371 3176 prioribus
398 3113 611 3177 duobus,
647 3114 708 3164 ad
743 3114 1028 3180 primariam
1064 3119 1117 3163 et
1151 3129 1463 3163 communem
1488 3113 1824 3163 calamitatem

177 3297 228 3352 ἢ
256 3298 412 3341 Schol.
443 3298 502 3341 ad
530 3313 575 3341 v.
608 3296 721 3340 808:
773 3292 829 3341 οὔ
858 3294 1208 3354 μαστροπώδεις
1235 3294 1282 3340 οὶ
1309 3293 1462 3350 λόγοι,
1502 3288 1598 3336 ἄλλ’
1629 3288 1825 3348 ἀφαιρε-

264 3369 405 3412 θεῖσα
432 3367 517 3413 τὸν
544 3366 684 3425 τύχης
713 3365 851 3424 ὄγκον
879 3369 944 3420 εἰς
973 3369 1070 3412 πᾶν
1097 3365 1259 3411 ὁτιοῦν
1291 3364 1587 3422 καταβαίνει,
1625 3365 1823 3418 καθομι-

262 3439 409 3482 λοῦσα
435 3443 536 3493 τοῖς
556 3444 735 3499 καιροῖς
749 3439 829 3486 καὶ
843 3439 1038 3496 λέγουσα
1049 3438 1214 3495 ταῦτα,
1245 3435 1307 3482 δι’
1327 3430 1394 3482 ὦν
1409 3434 1559 3492 ἔμελλε
1575 3434 1822 3491 θηρᾶσθαι

263 3507 506 3565 βοήθειαν.
