2158 3874
185 1250 406 1389 Quod
458 1293 744 1368 quondam
779 1292 924 1361 dixi,
982 1292 1132 1347 velle
1169 1311 1261 1347 me
1297 1290 1634 1367 Euripidem
1676 1290 1748 1345 ab
1780 1291 1870 1346 in-

176 1409 334 1464 iuriis
373 1408 657 1464 vindicare
699 1413 774 1475 et,
811 1413 1083 1478 quantum
1117 1406 1177 1469 in
1211 1425 1302 1460 me
1344 1412 1505 1474 esset,
1543 1423 1764 1473 curare,
1811 1412 1873 1459 ut

180 1523 240 1576 in
262 1521 557 1596 pristinam
582 1520 918 1595 dignitatem
941 1520 1352 1590 restitueretur,
1397 1518 1456 1573 id
1481 1537 1627 1573 nunc
1653 1525 1872 1594 septem

182 1634 529 1708 interpositis
569 1634 724 1687 annis
764 1632 1018 1705 pleniuS,
1076 1651 1244 1704 quam
1272 1632 1431 1685 initio
1455 1632 1871 1703 constitueram,

183 1747 371 1802 facere
399 1745 539 1800 mihi
565 1745 737 1798 licuit.
805 1743 1207 1798 Defensionem
1232 1744 1407 1818 igitur
1429 1744 1720 1818 Euripidis
1748 1764 1872 1800 sus—

181 1858 309 1932 cepi
353 1863 547 1929 contra
587 1874 710 1925 θος,
759 1856 853 1927 qui
891 1874 1005 1909 non
1047 1874 1218 1930 posse
1251 1855 1600 1930 Aeschylum
1635 1858 1729 1913 vel
1758 1858 1870 1914 So-

178 1969 451 2045 phoclem
492 1969 642 2023 ”satis
699 1987 808 2042 pro
859 1969 1069 2023 meritis
1123 1969 1348 2038 extolli,
1414 1969 1521 2024 nisi
1565 1970 1872 2046 Euripides

178 2083 372 2155 quavis
425 2081 642 2135 ratione
682 2080 1123 2155 deprimeretur,
1177 2088 1531 2156 putaverunt.
1616 2083 1872 2152 Quorum

175 2195 438 2267 iniquitas
491 2211 605 2269 quo
657 2195 838 2275 magis
887 2200 1217 2269 appareret,
1273 2194 1472 2270 gladio
1527 2195 1598 2250 ab
1647 2197 1715 2252 iis
1750 2205 1869 2253 tra-

177 2307 296 2361 dito
346 2307 472 2381 ipse
520 2307 802 2362 interdum
843 2327 1004 2378 usuS,
1070 2307 1423 2382 Aeschylum
1458 2292 1683 2383 gravius
1723 2311 1872 2365 vitu-

175 2420 400 2493 peravi:
471 2427 719 2475 ceterum
777 2421 838 2474 id
887 2439 1001 2475 non
1037 2422 1144 2491 ira,
1215 2419 1315 2475 sed
1369 2421 1600 2476 consilio
1657 2423 1872 2478 factum

178 2549 300 2587 esse
343 2532 579 2604 planum
625 2534 749 2586 fore
793 2551 975 2606 spero.
1077 2534 1276 2614 Neque
1327 2534 1477 2588 enim
1513 2553 1605 2588 me
1640 2536 1871 2607 quidem

174 2642 325 2718 fugit
365 2641 676 2697 Goethium
714 2662 773 2698 se
807 2662 935 2697 cum
967 2631 1253 2708 ⁴Schillero
1282 2647 1597 2720 comparari
1623 2648 1870 2704 noluisse

174 2760 230 2808 et
295 2754 758 2828 reprehendisse,
822 2757 867 2810 si
919 2755 1044 2826 qui,
1112 2761 1236 2810 uter
1286 2759 1662 2830 praestantior
1704 2768 1868 2832 esset,

178 2872 525 2939 quaererent.
625 2867 718 2922 An
771 2886 912 2942 eg0,
972 2867 1016 2922 si
1054 2887 1221 2940 quem
1259 2869 1465 2924 videbo
1507 2870 1661 2926 domi
1700 2873 1869 2929 foris—

171 2997 281 3051 que
324 2979 526 3033 officiis
571 2979 680 3034 suis
719 2987 872 3034 recte
906 2980 1099 3055 fungi,
1142 2987 1205 3035 ut
1239 2982 1438 3036 melius
1465 3001 1636 3057 posse
1660 2984 1870 3060 despe-

170 3108 319 3161 rem,
368 3110 492 3146 ‘non
548 3099 841 3146 contentus
890 3091 1001 3145 hac
1046 3110 1107 3146 re
1147 3092 1220 3146 ad
1254 3094 1499 3150 vicinum
1543 3116 1633 3152 me
1670 3101 1868 3155 confe-
1918 3128 1919 3132 ¹

172 3221 322 3272 ram,
363 3211 455 3273 ut,
501 3205 678 3259 sicubi
714 3205 879 3258 huius
917 3222 1099 3260 mores
1135 3205 1455 3282 discrepare
1485 3213 1866 3284 cognoverim,

171 3332 423 3369 reversus
462 3316 624 3372 illum
658 3317 897 3372 alterum
934 3317 1199 3373 caviller‘?
1269 3319 1388 3374 Sed
1413 3323 1649 3396 propria
1674 3323 1865 3388 homi-

169 3425 283 3497 nis,
329 3428 481 3484 cuius
516 3447 693 3507 opera
729 3449 954 3486 censere
988 3436 1156 3504 atque
1183 3433 1476 3504 aestimare
1500 3435 1689 3506 voles,
1734 3435 1865 3491 dili-
