2176 3874
1145 310 1269 371 536

365 463 484 511 doro
531 460 613 523 (ΙΙ,
649 465 699 520 8,
735 461 826 526 2.).
893 460 947 510 1η
993 460 1229 510 iudicium
1276 459 1621 526 Tlepolemum
1662 469 1888 515 vocatum
1912 480 2048 516 esse

365 549 415 592 et
451 542 631 606 capitis
682 557 903 590 caussam
953 541 1139 589 dixisse
1184 557 1246 590 ex
1290 541 1469 607 fragm.
1505 541 1635 594 XlV.
1670 544 1832 598 Alcm.
1866 545 2049 596 intelli-

363 623 522 688 gitur,
560 627 611 671 et
645 622 889 687 praeierat
923 622 973 670 in
1009 621 1102 670 hac
1136 637 1191 670 re
1224 622 1505 671 Homerus:

498 728 562 738 —
630 730 696 739 —-
763 699 1050 767 ἀπείλησαν
1083 699 1186 766 γάρ
1224 700 1278 752 οἱ
1309 702 1460 752 ἄλλοι

494 781 632 842 υἱέες
662 780 855 832 υἱωνοί
886 799 941 832 τε
976 780 1094 847 βίης
1118 774 1477 848 Ἡρακληείης.

363 862 610 926 Hesychii
654 863 855 928 quidem
902 865 1068 913 verbis
1114 865 1178 912 de
1213 870 1375 912 morte
1409 864 1659 928 Licymnii
1692 863 1881 915 nullum
1916 864 2049 916 inest

362 942 625 1004 indicium3
676 959 840 1007 neque
873 949 1036 993 tamen
1072 944 1277 993 dubium
1312 960 1424 993 esse
1457 949 1651 1010 potest,
1699 945 1817 1011 quin
1850 950 2049 1011 postre-

362 1039 442 1071 ma
478 1027 711 1089 corrupta
747 1024 861 1072 sint.
1910 1077 1914 1081 ,

493 1103 587 1152 His
624 1105 918 1169 perpensis,
965 1104 1017 1152 in
1065 1103 1267 1153 Diodori
1300 1105 1577 1154 narratione
1613 1103 1722 1170 (IV,
1757 1106 1865 1170 58.)
1898 1120 2048 1171 argu-

361 1188 584 1232 mentum
628 1185 867 1232 dramatis
919 1191 1167 1234 servatum
1213 1200 1325 1234 esse
1372 1186 1616 1250 suspicor.
1686 1187 1782 1248 Qui
1826 1201 1939 1235 cum
1985 1185 2050 1235 de

361 1264 530 1327 priore
565 1263 947 1313 Heraclidarum
983 1265 1152 1314 reditu
1187 1265 1500 1328 exposuisset
1542 1273 1594 1315 et
1642 1265 1849 1330 Hyllum
1885 1270 2050 1314 certa-

362 1342 497 1391 mine
543 1343 779 1409 singulari
827 1345 944 1393 inito
995 1343 1346 1406 interfectum,
1392 1345 1610 1409 reliquos
1659 1351 1825 1395 autem
1870 1344 2049 1394 Trico-

360 1423 595 1487 rynthum
642 1425 953 1473 concessisse
1001 1425 1285 1485 docuisset,
1320 1426 1448 1476 haec
1480 1425 1758 1474 subiunxit:
1792 1423 1957 1488 ,,μετὰ
1991 1421 2049 1475 δέ

359 1519 508 1563 τινας
541 1503 774 1570 χρόνους
806 1504 1099 1570 Λικύμνιος
1132 1502 1262 1570 μετὰ
1294 1505 1403 1556 τῶν
1434 1503 1644 1556 παίδων
1674 1501 1764 1556 καὶ
1787 1502 2050 1570 Τληπολέ-

359 1601 469 1647 μου
531 1589 632 1636 τοῦ
679 1578 1038 1650 ”Ηρακλεόυς,
1101 1582 1359 1646 ἑκουσίως
1413 1587 1523 1638 τῶν
1564 1581 1817 1652 Ἀργείων
1851 1577 2048 1646 αὐτοὺς

359 1664 813 1732 προςδεξαμένων,
850 1661 1109 1733 ἐν”Αργει
1141 1667 1472 1733 κατῴκησαν.
1545 1666 1612 1718 Οἱ
1645 1665 1703 1718 δὲ
1735 1668 1884 1718 ἄλλοι
1915 1665 2051 1718 ποίν-
2120 1669 2123 1675 “

359 1762 471 1806 τες,
508 1743 567 1797 ἐν
610 1748 965 1816 Τρικορύνθω
999 1749 1437 1816 κατοικήσαντες,
1486 1748 1557 1809 ὡς
1601 1745 2052 1815 πεντηκονταετὴς

357 1827 553 1892 χρόνος
598 1828 812 1898 διῆλθε,
855 1833 1131 1899 κατῆλθον
1165 1829 1238 1891 εἰς
1273 1829 1720 1896 Πελοπόννησον
1778 1822 2049 1896 Ἀλκμήνη

360 1906 448 1968 δὲ,
486 1909 557 1970 εἰς
595 1912 776 1978 Θήβας
809 1912 1170 1979 κατοικήσασα
1202 1910 1293 1964 καὶ
1327 1910 1456 1977 μετὰ
1489 1915 1660 1963 ταῦτα
1693 1912 1932 1976 ἄφαντος
1964 1926 2051 1976 γε·

361 1988 580 2056 νομένη,
616 1994 784 2058 τιμῶν
821 1992 1054 2044 ἰσοθέων
1088 1993 1236 2060 ἔτυχε
1270 1992 1416 2056 παρὰ
1445 1995 1558 2053 τοῖς
1595 1991 1865 2059 Θηβαίοις.
1908 1983 2051 2052 Τοὺς

360 2068 419 2122 δὲ
467 2073 664 2134 ἄλλους
716 2066 1066 2137 Ἡρακλείδας
1113 2071 1280 2139 φασὶν
1330 2071 1585 2133 ἐλθόντας
1625 2074 1752 2138 παρ’
1798 2071 2054 2136 Αἰγίμιον

360 2151 457 2203 τὸν
492 2153 722 2219 Δώρου,
768 2152 867 2221 τὴν
900 2153 1154 2219 πατρῴαν
1199 2157 1293 2221 τῆς
1326 2151 1502 2218 χώρας
1534 2152 1862 2219 παραθήκην
1894 2150 2053 2203 ἄπαι-

356 2233 647 2300 τήσαντας,
694 2234 825 2298 μετὰ
871 2232 1134 2300 Δωριέων
1177 2236 1504 2301 κατοικῆσαι.
1596 2233 1940 2301 Τληπόλεμον
1991 2230 2051 2283 δὲ

355 2313 453 2365 τὸν
468 2308 823 2380 ““Ηρακλέους,
861 2312 920 2367 ἐν
939 2309 1123 2382 ’Ἀργει
1150 2317 1539 2375 κατοικοῦντα,
1572 2311 1822 2379 λέγουσιν
1846 2312 2052 2364 α’νελεῖν
2080 2351 2094 2354 -

357 2395 659 2460 Λικύμνιον
692 2396 788 2447 τὸν
815 2392 1222 2462 Ἠλεκτρυόνος,
1277 2394 1523 2461 ἐρίσαντα
1570 2394 1690 2460 περί
1721 2411 1914 2454 τινων,
1962 2391 2053 2444 διὰ

358 2473 417 2527 δὲ
474 2477 571 2527 τὸν
627 2475 805 2543 φόνον
850 2481 1049 2529 τοῦτον
1099 2475 1151 2541 ἐξ
1180 2471 1415 2543 ’Ἄργους
1461 2475 1707 2542 φυγόντα
1751 2474 1824 2536 είς
1863 2467 2053 2526 Ῥόδον

356 2559 723 2625 κατοικῆσαι.”
805 2558 951 2608 Adde
1002 2559 1226 2608 eiusdem
1276 2559 1388 2607 libr.
1423 2556 1486 2609 V.
1540 2574 1583 2606 c.
1620 2561 1699 2608 59.
1770 2556 2053 2606 Immutavit

358 2644 523 2688 autem
561 2639 805 2688 Diodorus
842 2655 929 2700 ea,
965 2656 1093 2703 quae
1127 2640 1191 2688 de
1227 2638 1504 2688 Alcumena
1536 2639 1738 2687 retulit:
1773 2653 1886 2687 nam
1919 2636 2050 2686 hanc

357 2735 454 2769 una
487 2735 600 2768 cum
635 2719 916 2768 Heraclidis
953 2721 1001 2769 in
1034 2719 1432 2784 Peloponnesum
1467 2718 1744 2784 profectam
1796 2716 1956 2766 fuisse
2001 2720 2055 2765 et

356 2799 621 2849 interfecto
665 2800 867 2848 demum
913 2799 1174 2864 Licymnio
1208 2799 1271 2847 ad
1305 2799 1494 2848 divinos
1543 2798 1759 2847 honores
1794 2813 1887 2863 per
1918 2795 2052 2846 Her-

356 2879 520 2929 culem
556 2884 778 2929 evectam
813 2895 926 2928 esse
961 2880 1185 2945 pluribus
1219 2895 1281 2929 ex
1313 2878 1511 2927 indiciis
1545 2878 1852 2942 intelligitur.

488 2959 721 3008 Herculis
757 2975 820 3008 ex
853 2959 1174 3024 Astydameia
1205 2964 1290 3009 aut
1323 2974 1387 3008 ex
1416 2958 1668 3023 Astyocha
1695 2954 2050 3021 filius·Tlepo-

357 3038 517 3087 lemus
554 3044 677 3088 erat.
760 3038 835 3086 De
868 3039 1110 3104 Licymnii
1144 3045 1308 3088 autem
1340 3038 1439 3087 vita
1471 3039 1596 3087 haec
1630 3034 1819 3102 scripta
1850 3034 2051 3099 reliquit

358 3118 721 3183 Apollodorus:
770 3118 889 3168 Fuit
932 3135 994 3167 ex
1029 3119 1226 3179 Midea,
1278 3118 1495 3182 Phrygia
1539 3117 1775 3177 muliere,
1828 3115 1890 3164 ab
1925 3114 2051 3163 Ele-

358 3205 566 3263 ctryone
603 3199 844 3247 sublatus.
914 3198 1066 3248 Cuius
1100 3199 1300 3263 genuini
1331 3199 1422 3246 filii
1454 3212 1565 3246 cum
1600 3213 1629 3244 a
1661 3195 1877 3245 Pterelai
1909 3193 2047 3256 filiis,

357 3295 520 3344 pugna
554 3279 846 3340 commissa,
881 3294 1054 3327 omnes
1088 3278 1344 3329 interfecti
1378 3281 1562 3337 essent,
1595 3275 1885 3340 Licymnius
1920 3289 2047 3340 spu-

357 3358 490 3420 riuS,
542 3359 673 3422 quod
723 3365 833 3408 erat
884 3359 1146 3407 etiamtum
1198 3373 1351 3423 puer,
1416 3356 1554 3405 solus
1617 3361 1871 3421 superstes
1921 3359 2047 3406 erat.

357 3438 662 3503 Electryone
706 3439 872 3488 occiso
932 3454 1082 3502 quum
1132 3437 1464 3502 Amphitryon
1513 3452 1543 3484 a
1594 3434 1833 3485 Sthenelo
1887 3433 2046 3499 patria

358 3518 655 3584 pelleretur,
710 3518 997 3583 Licymnius
1045 3534 1157 3567 cum
1206 3519 1317 3582 ipso
1360 3522 1510 3581 atque
1559 3514 1800 3567 Alcmena
1842 3512 2045 3564 Thebas
