2144 3854
1115 283 1237 342 298

467 430 668 498 πέφυκε
699 430 804 496 γάρ
841 446 955 491 πως
987 430 1136 482 παισὶ
1168 428 1421 496 πολέμιον
1451 428 1592 497 γυνὴ

463 515 574 572 τοῖς
604 511 841 577 πρόσθεν
872 510 908 579 ἦ
943 512 1154 578 ζυγεῖσα
1189 509 1407 574 δευτέρα
1438 511 1606 563 πόσει.

339 592 388 640 ln
436 594 758 642 certaminum
806 598 970 642 autem
1006 595 1469 642 commemoratione
1502 593 1667 641 locum
1697 591 1883 641 habere
1917 607 2006 657 po-

336 673 427 721 tuit
461 673 594 734 quod
626 673 800 738 steph.
838 674 955 736 Byz.
991 689 1032 722 s,
1068 690 1111 722 v.
1147 675 1346 737 ἄντρον
1379 673 1581 722 tradidit
1604 672 1895 721 vocabulum
1917 669 2008 721 άν-

334 754 515 815 τραῖος
547 749 787 816 (εὕρηται
821 750 878 802 δὲ
912 750 1000 803 καὶ
1034 751 1299 816 άντραῖος,
1338 752 1407 813 ὡς
1442 750 1738 816 Εὐριπίδης
1762 747 1820 801 ἐν
1846 749 2006 813 Αἰξί).

465 832 557 881 His
583 833 726 882 dictis
753 833 955 882 chorum
989 834 1231 899 conspicit
1251 835 1546 883 feminarum
1573 834 1677 882 sive
1713 832 2007 882 famularum

332 911 546 962 Medeae
579 929 642 962 ex
675 913 877 962 aedibus
911 913 1278 979 prodeuntium,
1315 931 1376 963 ex
1403 915 1576 978 quibus
1609 913 1671 962 de
1691 929 1825 978 rege,
1861 929 2008 977 quem

334 998 661 1043 conventurus
697 999 789 1053 est,
823 995 1032 1057 quaerit.
1113 992 1347 1043 Vicissim
1381 994 1594 1043 feminae
1625 994 1766 1059 ipsae
1800 992 2010 1058 cupidae

334 1078 451 1123 sunt
483 1072 835 1136 cognoscendi,
868 1089 1075 1136 quanam
1111 1075 1265 1139 patria
1299 1075 1573 1139 quibusque
1606 1073 1890 1141 parentibus
1923 1088 2011 1123 or-

335 1157 416 1203 tus
452 1153 518 1202 sit
551 1152 740 1201 iuvenis
776 1153 1251 1217 praestantissimus:

459 1229 509 1282 τί
543 1241 600 1282 σε
632 1229 803 1297 μάτηρ
839 1229 897 1282 ἐν
930 1230 1122 1302 δεκάτᾳ

461 1310 622 1363 τόκον
654 1308 953 1383 ὠνόμαζενς

336 1390 605 1441 Cuiusnam
640 1393 714 1442 rei
750 1410 922 1442 caussa
956 1393 1172 1443 feminae
1206 1393 1482 1457 prodierint
1526 1399 1578 1444 et
1623 1409 1881 1458 quamnam
1913 1409 2012 1460 po-

333 1471 578 1521 tissimum
612 1489 718 1522 rem
746 1474 932 1538 parodo
960 1474 1278 1534 cantaverint,
1311 1475 1577 1537 ignoratur.
1643 1473 1818 1538 Neque
1846 1478 2012 1524 tamen

334 1551 527 1612 dubito,
561 1553 675 1617 quin
708 1552 787 1602 vel
822 1553 1159 1604 institutorum
1194 1553 1273 1603 vel
1306 1554 1554 1603 festorum
1589 1558 1726 1603 certa
1759 1553 2013 1603 sollemnia

334 1631 408 1680 sic
442 1631 816 1694 celebraverint,
850 1640 908 1683 ut
942 1633 1307 1699 praedicatione
1327 1649 1493 1684 rerum
1518 1632 1834 1683 familiarium
1855 1633 2013 1684 Athe-

334 1710 532 1761 nienses
567 1711 953 1766 delectarentur.

464 1790 635 1840 Prodit
668 1808 755 1842 rex
791 1794 1054 1843 salutatum
1087 1795 1329 1855 iuvenem,
1365 1795 1449 1859 qui
1483 1810 1633 1859 quum
1668 1798 1744 1843 tot
1766 1793 2017 1859 tantisque

335 1871 683 1921 certaminibus
719 1876 1009 1923 sustentatis
1044 1877 1258 1926 omnium
1294 1876 1392 1923 iam
1428 1875 1599 1924 oculos
1634 1875 1682 1922 in
1717 1890 1773 1924 se
1806 1889 2018 1923 conver-

333 1951 499 2010 tisset,
533 1957 700 2001 tamen
733 1969 793 2001 ex
827 1969 1037 2016 quanam
1072 1955 1228 2019 patria
1263 1956 1533 2014 oriundus,
1579 1954 1755 2019 quibus
1797 1953 2015 2019 parenti-

333 2032 425 2081 bus
459 2036 620 2088 natus,
656 2048 753 2096 quo
787 2034 984 2082 nomine
1018 2035 1270 2097 praeditus
1304 2041 1454 2095 esset,
1487 2035 1830 2097 ignorabatur:

463 2109 627 2160 ποίαν
661 2122 719 2160 σε
752 2112 937 2175 φῶμεν
968 2114 1129 2177 γαῖαν
1163 2109 1496 2163 ἐκλελοιπότα

462 2189 611 2241 πόλει
644 2188 931 2252 ξενοῦσθαι
963 2191 1117 2258 τῇδες
1151 2191 1228 2251 τίς
1260 2191 1460 2258 πάτρας
1494 2191 1647 2257 ὅρος;

464 2269 543 2331 τίς
576 2267 690 2322 ἔσθ’
726 2270 756 2322 ὁ
788 2271 990 2338 φύσαςς
1024 2276 1123 2324 τοῦ
1156 2272 1440 2339 κεκήρυξαι
1473 2273 1706 2338 πατρός,·

332 2351 474 2401 Ficta
506 2352 734 2401 Theseus
768 2355 1040 2419 respondet
1074 2356 1328 2418 quaerenti
1360 2355 1585 2419 falsaque
1618 2357 1748 2406 veris
1773 2357 1898 2406 scite
1923 2357 2016 2406 mi-

334 2433 520 2483 scendo
566 2432 716 2482 fidem
761 2433 882 2482 facit
929 2434 1075 2482 dictis
1101 2432 1169 2498 ³²².)
1239 2434 1453 2484 Patriam
1504 2436 1600 2484 sibi
1634 2437 1848 2486 Atticam
1886 2454 2016 2498 esse,

335 2513 425 2561 sed
459 2518 716 2578 parentes,
763 2515 895 2578 quod
943 2515 1007 2563 sit
1049 2515 1277 2580 parvulus
1326 2532 1352 2563 a
1387 2522 1546 2566 matre
1582 2518 1837 2582 expositus
1871 2522 1922 2567 et
1954 2518 2016 2568 ab

334 2592 505 2642 alienis
551 2592 824 2655 educatus,
869 2595 1099 2659 ignorari.
1178 2593 1324 2644 Velle
1359 2612 1414 2645 se
1449 2613 1651 2660 operam
1687 2613 1826 2645 suam
1860 2598 2015 2647 vires-

335 2688 433 2736 que
467 2673 529 2721 ad
563 2674 838 2738 augendam
873 2675 1081 2740 patriam
1118 2674 1497 2739 liberandosque
1530 2692 1558 2723 a
1581 2676 1722 2725 malis
1747 2680 1898 2742 atque
1914 2684 2015 2727 ter-

333 2753 529 2803 roribus
563 2754 796 2802 mortales
832 2754 1085 2804 conferre:

465 2831 516 2882 τί
548 2830 650 2898 γὰρ
684 2832 931 2900 πατρῴας
964 2832 1121 2899 α’νδρὶ
1154 2832 1402 2901 φίλτερρν
1434 2833 1657 2900 χθονόςς

334 2913 463 2963 velle
498 2915 727 2978 exemplo
762 2916 995 2965 Herculis
1029 2915 1252 2964 ferendis
1288 2914 1557 2976 laboribus,
1591 2915 1821 2965 tollendis
1854 2917 2015 2966 homi-

333 3009 452 3042 num
498 2993 872 3059 belluarumque
919 2996 1186 3056 monstris,
1234 2995 1441 3044 salutem
1489 3011 1614 3044 unus
1659 2995 1883 3060 plurimis
1927 3014 2015 3062 pa—

335 3073 488 3122 rando
522 3074 585 3122 ad
618 3073 821 3139 gloriam
858 3083 1008 3142 atque
1041 3076 1459 3124 immortalitatem
1494 3075 1626 3124 eniti.
1665 3074 1745 3124 cf.
1760 3075 2014 3128 Plutarch.

337 3168 382 3202 c.
417 3156 466 3202 6.
500 3170 550 3218 p.
587 3155 644 3201 3:
688 3148 785 3204 τὸν
816 3153 873 3206 δὲ
905 3155 1066 3206 πάλαι
1097 3152 1221 3222 μέν,
1267 3152 1339 3214 ὧς
1384 3149 1548 3215 ἔοικε,
1596 3152 1895 3220 λεληθότως
1937 3154 2015 3206 δι-

403 3337 446 3392 ’)
476 3334 666 3379 Panaeti
708 3334 901 3377 civitatis
939 3335 985 3377 in
1013 3337 1101 3378 hac
1130 3337 1380 3379 narratione
1408 3336 1677 3379 mentionem
1706 3337 1876 3380 factam
1919 3351 2016 3380 esse

477 3420 533 3450 ex
560 3407 781 3460 Harpocr.
812 3419 846 3446 s.
879 3420 923 3448 v.
952 3406 1104 3448 verbis
1149 3402 1234 3460 (ὥς
1269 3405 1348 3451 καὶ
1377 3401 1631 3463 Εὐριπίδης
1670 3405 1718 3451 ἐν
1746 3408 1872 3463 Αἰγεῖ
1898 3424 2016 3463 μνη-

479 3472 682 3532 μονεύει)
712 3475 900 3520 coniecit
928 3476 1203 3520 Welckerus.
