2144 3854
905 275 1024 331 113

119 421 304 471 rectius
336 423 599 488 perspecta
630 420 872 480 habuerit,
907 416 1196 483 opinantur,
1231 421 1465 470 extremis
1497 422 1804 487 temporibus

119 501 246 551 hanc
278 500 495 551 fabulam
546 498 884 565 assignandam
919 514 1033 547 esse
1063 497 1360 548 concludere
1393 502 1602 564 possint.
1669 501 1802 554 Duas

121 581 254 631 enim
287 582 506 631 continet
539 581 772 641 actiones,
808 594 928 643 quas
955 579 1141 627 idcirco
1165 578 1508 641 conglutinari,
1543 587 1600 630 ut
1624 582 1805 634 iustam

118 661 475 727 longitudinem
509 660 719 726 accipiat
750 657 1036 724 tragoedia,
1071 657 1322 706 affirmare
1353 659 1437 707 isti
1472 660 1672 723 quidem
1705 678 1805 714 non

118 743 432 792 erubescunt.
511 740 604 802 Qui
646 739 798 786 miror
841 739 972 801 quod
1022 739 1166 786 istam
1214 738 1424 786 duarum
1478 739 1556 786 vel
1589 741 1804 805 plurium

117 821 363 869 actionum
409 819 764 883 copulationem
809 832 906 866 non
949 817 1000 865 in
1052 817 1302 882 plerisque
1353 818 1578 867 eiusdem
1624 826 1804 885 poetae

118 901 351 965 operibus
399 901 720 951 detexerunt:
765 897 896 960 quod
944 913 1042 960 quo
1084 898 1246 945 minus
1294 898 1469 958 fieret,
1529 903 1664 948 certe
1707 917 1804 951 non

22 1018 29 1025 .
117 978 396 1029 fabularum
427 983 628 1039 natura,
676 977 765 1026 sed
814 978 1036 1042 ipsorum
1077 977 1268 1040 ingenia
1302 978 1560 1027 hebetiora
1592 980 1803 1045 impedi-

114 1065 305 1111 verunt.
374 1057 573 1107 Scilicet
618 1058 763 1107 unius
798 1058 1065 1121 praecipue
1098 1073 1339 1122 personae
1373 1058 1582 1109 salutem
1617 1062 1804 1110 versari

114 1140 162 1187 in
199 1139 480 1188 discrimine
512 1138 697 1186 debere
742 1138 836 1186 sibi
869 1143 1253 1202 persuaserunt,
1305 1154 1463 1202 eaque
1495 1139 1582 1189 ubi
1615 1139 1667 1188 in
1701 1141 1803 1191 fine

115 1219 348 1268 dramatis
381 1219 701 1277 decernatur,
727 1223 886 1267 =recte
918 1234 973 1266 se
1007 1233 1113 1266 rem
1158 1217 1346 1267 habere
1390 1223 1596 1283 putant,
1639 1237 1803 1284 neque

112 1298 191 1358 iis,
225 1315 350 1364 quae
382 1300 546 1348 insunt
577 1299 794 1362 reliqua,
847 1297 1068 1361 quamvis
1114 1297 1213 1346 sint
1256 1298 1544 1362 saepissime
1577 1314 1673 1349 non
1706 1302 1801 1349 mi-

113 1381 244 1429 noris
289 1380 555 1438 momenti,
614 1379 943 1427 offenduntur.
1012 1377 1197 1426 Contra
1231 1378 1316 1425 ubi
1348 1377 1440 1427 alia
1470 1379 1803 1430 decernuntur

114 1458 227 1508 aliis
259 1460 603 1524 pendentibus,
639 1460 868 1508 damnant
901 1462 953 1506 et
985 1459 1146 1521 legem
1179 1458 1314 1506 illam

245 1539 507 1606 „denique
539 1541 606 1588 sit
644 1538 844 1605 quidvis
877 1539 1098 1603 simple-z·
1134 1537 1412 1587 dumtaxat
1448 1544 1499 1588 et
1533 1539 1726 1589 unum''

112 1619 295 1667 laesam
344 1635 456 1668 esse
505 1626 791 1682 queruntur.
857 1605 913 1665 ln
961 1618 1067 1664 aliis
1101 1617 1251 1666 rebus
1287 1623 1485 1681 praeter
1518 1619 1651 1668 facta
1683 1637 1799 1685 per-

115 1714 358 1760 sonasque
418 1698 786 1763 simplicitatem
836 1697 1004 1761 operis
1066 1697 1394 1760 quaerendam
1456 1713 1568 1746 esse
1621 1706 1801 1763 negant

111 1783 393 1842 propterea,
427 1778 585 1841 quod,
621 1794 714 1841 qua
748 1783 861 1826 sunt
896 1778 1071 1825 obtusa
1104 1777 1279 1824 mentis
1314 1777 1448 1836 acie,
1482 1778 1599 1827 talia
1630 1780 1800 1829 videre

112 1857 211 1922 ipsi
243 1861 508 1920 nequeunt.

243 1935 353 1986 Non
386 1935 566 1985 minori
599 1935 820 1996 audacia,
858 1951 1001 1999 quam
1035 1935 1283 1984 Daedalus
1317 1935 1613 2001 lcarusque,
1648 1937 1797 1989 Euri-

110 2017 250 2082 pides
282 2017 392 2080 ipse
426 2032 542 2065 usus
580 2022 676 2077 est,
709 2016 834 2064 tales
868 2032 950 2064 res
983 2016 1181 2066 theatro
1208 2017 1502 2080 spectandas
1540 2017 1796 2082 exhibens,

111 2096 292 2160 quoin
326 2101 503 2145 conatu
553 2113 665 2145 eum
714 2111 809 2144 non
855 2095 1068 2160 turpiter
1114 2095 1308 2160 lapsum
1355 2111 1470 2145 esse
1517 2113 1610 2162 pro
1658 2103 1797 2148 certo

109 2175 361 2225 affirmare
405 2176 550 2226 licet:
608 2191 770 2240 neque
817 2177 945 2224 enim
990 2175 1067 2224 vel
1113 2176 1474 2241 Aristophanes
1506 2178 1587 2227 vel
1618 2178 1798 2242 reliqui

109 2256 377 2322 scriptores
412 2256 477 2306 de
508 2260 640 2306 tanta
672 2257 827 2317 ruina,
863 2257 904 2305 si
939 2255 1070 2304 facta
1105 2260 1255 2318 esset,
1289 2259 1530 2306 tacerent.

820 2434 1117 2442 -4———a——v-

412 2573 482 2628 B.
549 2572 975 2647 Menalippa
1026 2572 1492 2648 philosopha.

241 2724 598 2786 Argumentum
633 2722 864 2771 dramatis
898 2721 1176 2770 retulerunt
1210 2719 1474 2783 Dionysius
1498 2714 1615 2768 Hal.
1644 2719 1794 2771 Rhet.
1837 2708 1839 2710 V

108 2802 239 2864 VIII,
276 2805 353 2853 10.
390 2807 440 2852 et
473 2801 559 2860 IX,
597 2803 703 2862 11.,
755 2803 892 2851 cuius
938 2801 1086 2850 verba
1129 2801 1469 2864 transscripsit
1501 2798 1795 2850 Welckerus

107 2901 159 2949 p.
193 2885 293 2933 840
326 2898 458 2947 seq„
510 2888 562 2932 et
596 2882 867 2946 Gregorius
904 2879 1215 2941 Corinthius,
1252 2896 1280 2928 a
1314 2895 1410 2943 quo
1445 2885 1497 2933 in
1532 2879 1683 2928 Rhet.
1721 2896 1795 2944 gr.

108 2963 173 3031 T,
206 2961 314 3012 VII.
348 2980 397 3028 p.
434 2955 579 3011 1313.
616 2964 797 3028 scripta
830 2962 1133 3010 inveniuntur
1167 2960 1374 3008 haecce:
1420 2956 1457 3025 ἡ
1492 2957 1548 3010 δὲ
1579 2961 1673 3026 τῆς
1708 2970 1797 3011 σο-

109 3045 216 3111 φῆς
250 3040 602 3108 Μελανίππης
637 3039 768 3108 αὕτη
803 3039 1024 3104 ἱστορία·
1079 3032 1335 3104 Ἕλληνος
1376 3042 1476 3090 τοῦ
1510 3038 1646 3100 Διὸς
1666 3039 1796 3092 Α’ίο·

107 3128 200 3184 λος
231 3120 514 3183 τεκνωθεὶς
560 3120 618 3174 ἐκ
661 3120 759 3188 μὲν
802 3125 895 3189 τῆς
939 3117 1247 3186 Εὐρυδίκης
1293 3116 1538 3186 ἐγέννησε
1574 3120 1798 3188 Κρήτην

108 3203 296 3285 (scribe
329 3200 574 3270 Κρηθέα)
609 3201 700 3254 καὶ
734 3198 1030 3267 Σαλμωνέα
1061 3197 1150 3251 καὶ
1182 3198 1467 3266 Σίσυφον,
1519 3198 1579 3253 ἐκ
1614 3199 1672 3252 δὲ
1704 3205 1797 3270 τῆς

108 3267 379 3350 Χείρωνος
425 3283 699 3350 θυγατρὸς
744 3276 935 3348 Ἵππης
974 3279 1149 3332 κάλλει
1198 3279 1567 3347 διαφέρουσαν
1617 3283 1797 3333 Μελα-

103 3363 318 3432 νίππην.
381 3364 558 3426 Αὐτὸς
589 3363 687 3430 μὲν
731 3357 832 3417 οὖν
846 3402 861 3428 ,
908 3361 1082 3429 φόνον
1122 3360 1374 3429 ποιήσας,
1423 3358 1503 3414 ἐπ’
1549 3354 1825 3414 ἐνιαυτὸν

105 3442 309 3514 απῆλθε
342 3444 549 3513 φυγάς,
595 3445 694 3514 τὴν
739 3444 799 3498 δὲ
846 3442 1201 3509 Μελανίππην
1236 3441 1518 3495 Ποσειδῶν
1553 3443 1795 3509 διδύμων

1430 3528 1462 3573 8
