2176 3874
1125 267 1250 324 36⁰

479 416 668 479 „Tibi
706 415 763 464 si
796 413 1233 481 imperassem,
1279 429 1400 481 ego
1444 428 1619 466 nunc
1651 430 1779 466 non
1824 431 2028 466 casem

1161 493 1412 545 miser.’'

345 577 560 628 Facilius
593 575 725 624 idem
777 589 885 624 rem
919 573 1283 639 expedivisset‚
1331 575 1375 624 si
1421 579 1536 624 ante
1568 575 1731 625 omnia
1780 580 1833 626 et
1877 588 2029 638 quae-

345 673 456 706 nam
510 654 757 704 Diomedis
813 658 981 719 partes
1046 660 1100 704 et
1159 655 1394 720 quidnam
1442 656 1612 705 Actori
1667 656 1773 705 sive
1823 651 2033 703 Hectori

344 734 563 786 muneris
597 735 838 783 tributum
875 733 1069 795 fuisset,
1105 750 1407 800 cognoscere
1441 734 1728 785 studuisset.
1793 734 2032 784 Ceterum

343 816 426 865 hic
460 814 833 881 diligentissime
867 816 1080 863 omnium
1116 815 1179 864 de
1212 816 1359 865 huius
1403 815 1639 864 dramatis
1675 813 2033 879 compositione

343 894 601 959 inquisivit
634 899 685 943 et
718 894 901 942 multos
934 895 1158 959 priorum
1194 912 1389 946 errores
1427 895 1675 944 refutavit.

476 974 550 1023 De
599 974 833 1039 Aeschyli
889 976 1244 1040 compositione
1288 977 1413 1025 haec
1471 991 1532 1024 ex
1581 975 1733 1024 Dione
1775 973 2029 1024 discimus.

345 1053 581 1104 Prodisse
626 1055 812 1119 primus
860 1055 1069 1119 Ulysses
1116 1056 1311 1105 videtur
1358 1055 1517 1104 forma
1574 1055 1776 1103 minime
1832 1058 2032 1104 mutata.

345 1131 509 1182 Multo
557 1135 688 1183 enim
725 1135 914 1195 minus,
962 1151 1107 1197 quam
1151 1137 1454 1198 posteriores
1501 1141 1703 1200 poetae,
1754 1133 2033 1197 Aeschylus

344 1213 679 1279 probabilitati
714 1214 962 1265 studebat.
1040 1213 1214 1278 Itaque
1247 1230 1310 1264 ne
1354 1216 1536 1265 chorus
1572 1214 1768 1279 quidem
1803 1212 2035 1262 Lemnio-

347 1309 460 1342 rum
496 1293 597 1342 ulla
632 1294 946 1342 excusatione
980 1308 1098 1341 usus
1134 1300 1238 1354 est,
1273 1296 1403 1359 quod
1439 1300 1583 1344 antea
1619 1309 1863 1358 nunquam
1900 1291 2030 1340 adis-

346 1376 424 1420 set
457 1371 817 1431 Philoctetem,
853 1388 1013 1436 neque
1049 1389 1274 1422 caussam
1309 1375 1544 1422 adventus
1578 1373 1631 1422 in
1665 1372 1880 1422 medium
1914 1386 2031 1436 pro-

345 1450 477 1503 tulit.
546 1451 784 1501 Eiusdem
818 1452 1016 1516 generis
1048 1452 1159 1514 fuit,
1195 1453 1325 1517 quod
1363 1452 1426 1501 de
1463 1454 1611 1502 rebus
1633 1452 1873 1508 omnibus,
1909 1465 2032 1514 quo-

344 1530 494 1579 modo
528 1538 701 1595 gestae
737 1538 920 1593 essent,
957 1533 1020 1581 de
1051 1533 1273 1599 Chrysae
1307 1549 1390 1582 ara
1418 1533 1632 1593 detecta,
1669 1546 1765 1596 quo
1799 1531 1849 1579 in
1883 1545 2036 1594 opere

345 1625 374 1659 a
410 1617 645 1676 serpente
679 1611 975 1669 vnlneratus
1006 1614 1067 1662 ob
1103 1629 1312 1676 eamque
1361 1628 1585 1661 caussam
1621 1609 1798 1659 Lemni
1830 1609 2036 1658 relictus

347 1695 511 1751 esset,
547 1692 612 1740 de
643 1692 1091 1740 vehementissimis
1125 1692 1406 1752 doloribus,
1442 1693 1617 1755 quibus
1653 1706 1714 1739 ex
1748 1689 1833 1738 illo
1866 1704 2037 1738 morsu

345 1769 592 1819 decimum
625 1771 724 1820 iam
758 1787 934 1819 annum
971 1772 1298 1829 cruciaretur,
1327 1771 1655 1821 Philoctetem
1690 1770 1804 1819 fuse
1837 1768 2037 1833 lateque

346 1849 529 1910 choro,
577 1854 808 1914 tanquam
854 1851 1126 1916 ignoranti,
1174 1850 1294 1898 fecit
1328 1857 1674 1917 exponentem.
1757 1848 1880 1898 Post
1912 1849 2038 1898 haec

344 1928 399 1978 in
432 1944 632 1978 scenam
679 1930 829 1979 rediit
860 1930 1086 1994 UlysseS.
1167 1930 1222 1979 In
1269 1947 1444 1994 quem,
1494 1937 1754 1996 postquam
1791 1929 2037 1978 Graecum

347 2024 405 2059 se
452 2025 564 2059 esse
610 2010 868 2075 professus
916 2015 1024 2069 est,
1076 2025 1242 2058 arcum
1291 2010 1592 2058 Philoctetes
1638 2009 1877 2069 intendit,
1948 2007 2038 2057 sed

346 2089 601 2154 mitigatus
647 2088 828 2138 deinde
879 2093 955 2136 est
1007 2088 1123 2136 ficta
1174 2089 1452 2137 narratione
1499 2090 1563 2137 de
1611 2088 1880 2137 infortunio
1927 2088 2036 2138 eius

347 2167 510 2231 deque
565 2168 917 2217 calamitatibus
977 2168 1191 2217 universi
1239 2169 1520 2229 exercituS,
1568 2184 1714 2232 quem
1749 2183 1906 2232 paene
1939 2167 2037 2217 iam

346 2246 412 2297 ad
466 2247 857 2296 internecionem
919 2247 1128 2297 Achillis
1203 2249 1272 2296 ira
1327 2248 1552 2296 adactum
1629 2263 1742 2296 esse
1801 2247 2036 2296 mentitus

348 2331 426 2376 est
478 2327 893 2390 interfectumque
940 2327 1354 2391 Agamemnonem
1404 2334 1456 2377 et
1509 2343 1659 2376 naves
1708 2328 1768 2376 ab
1814 2327 2038 2376 Hectore

347 2405 575 2456 incensas
625 2422 763 2466 esse3
812 2407 1024 2466 maxime
1067 2423 1185 2456 vero
1229 2407 1502 2457 delectatus
1547 2411 1710 2456 morte
1742 2407 1940 2472 Ulyssis
1974 2407 2037 2457 ob

348 2501 601 2546 caussam,
645 2490 876 2551 quantum
923 2487 1042 2551 fingi
1075 2493 1300 2551 poterat,
1352 2488 1689 2552 turpissimam
1722 2487 1874 2535 illata.
1942 2485 2035 2535 His

348 2581 498 2630 quum
533 2566 742 2630 Ulysses
777 2566 1101 2630 perfecisset,
1154 2572 1208 2616 ut
1253 2567 1300 2614 in
1337 2568 1764 2617 conversationem
1800 2566 2038 2615 admitte-

347 2650 517 2706 retur,
565 2661 680 2695 mox
715 2646 996 2695 Philocteta
1044 2647 1297 2696 doloribus
1344 2653 1574 2711 correpto
1588 2646 1642 2714 *)
1695 2645 2037 2712 opportunita-

347 2729 451 2774 tem
484 2731 658 2774 nactus
694 2731 773 2774 est
807 2741 922 2774 arcu
957 2726 1182 2791 potiundi
1210 2724 1307 2790 **).
1376 2725 1450 2775 De
1482 2727 1686 2790 reliquis
1733 2742 1830 2776 non
1865 2726 2034 2789 liquet.

480 2805 591 2854 Hac
625 2810 908 2854 structurae
954 2806 1274 2870 simplicitate
1321 2822 1468 2871 quum
1505 2806 1769 2871 Euripides
1817 2806 1892 2855 uti
1938 2821 2037 2856 non

349 2891 544 2949 posset,
579 2900 732 2934 novae
756 2885 1098 2945 difficultates,
1134 2887 1314 2950 quibus
1348 2902 1431 2935 res
1466 2885 1853 2951 implicarentur,
1890 2887 1936 2936 ei
1963 2887 2034 2934 in-

347 2965 619 3013 veniendae
654 2963 866 3013 fuerunt.
935 2965 1202 3014 Praeterea
1236 2967 1279 3014 si
1312 2967 1408 3015 hoc
1441 2967 1780 3015 tantummodo
1804 2965 2027 3015 efficien-

350 3043 469 3092 dum
503 3043 712 3102 fuisset,
760 3050 814 3091 ut
861 3046 965 3095 sive
1008 3046 1181 3094 lubens
1229 3046 1344 3099 sive,
1366 3047 1544 3095 invitus
1579 3045 1885 3094 Philoctetes
1922 3060 2034 3094 cum

349 3123 470 3172 telis
507 3122 611 3172 suis
646 3123 708 3171 ad
744 3122 946 3173 Troiam
980 3125 1336 3188 reduceretur,
1369 3126 1502 3174 haud
1535 3140 1711 3188 magna
1743 3124 1926 3174 astutia
1957 3124 2033 3173 vel

351 3202 624 3252 calliditate
669 3218 793 3267 opus
837 3204 997 3254 fuisse
1031 3205 1268 3257 adversus
1319 3205 1569 3258 hominem
1601 3210 1860 3272 aegrotum
1894 3220 2034 3256 eum-

416 3377 471 3433 *)
500 3378 570 3422 Cf.
598 3378 765 3436 fragm.
795 3376 894 3422 229.
926 3392 999 3435 ap.
1030 3380 1232 3426 Dindorf.

392 3448 475 3503 Ἡ)
503 3449 691 3507 Fragm.
720 3447 819 3492 235.
