2144 3854
922 259 1040 316 111

132 407 346 459 moravit
375 406 537 458 schol.
568 405 935 473 AristophaniS,
968 410 1086 472 post
1116 406 1326 470 ruinam,
1356 406 1519 458 fracto
1550 407 1825 474 collisoque

133 504 362 555 corpore,
396 489 457 538 ab
492 505 553 538 eo
581 492 777 538 cantata
804 502 936 547 esse,
971 491 1023 534 et
1045 486 1195 535 verba
1220 487 1329 551 ipsa
1363 487 1825 556 (θρασύτερον

132 567 236 636 γὰρ
278 568 341 621 τὸ
385 567 691 636 πρόςωπον)
739 566 1036 617 contrarium
1085 565 1381 630 significant.
1460 571 1657 621 Partem
1716 573 1824 622 eius

133 651 368 702 carminis
401 657 596 700 exstare
626 654 748 714 puto
780 647 956 710 fragm.
994 648 1105 696 154.
1141 646 1351 697 Manu:

264 731 481 798 χρύσεαι
515 729 581 796 δή
614 746 706 796 μοι
736 725 992 792 πτέρυγες
1022 725 1145 792 περὶ
1179 726 1332 796 νώτῳ

263 811 354 865 καὶ
386 810 451 864 τὰ
482 810 763 877 Σειρήνων
795 806 1013 874 ἐρόεντα
1043 807 1230 859 πέδιλα

267 891 563 960 ἁρμόζεται,

261 973 496 1041 βάσομαί
527 975 572 1024 τ’
609 967 662 1032 ές
696 966 888 1037 αἰθέρα
920 962 1095 1022 πολὺν
1137 969 1365 1037 ἀερθείς,

269 1053 404 1124 Ζηνὶ
434 1052 751 1122 προςμίξων.

262 1139 480 1189 Deorum
523 1139 597 1186 ira
643 1136 831 1204 {carum
865 1133 1240 1199 praecipitatum
1275 1149 1390 1184 esse
1423 1135 1580 1185 schol.
1615 1136 1744 1186 Hec.
1779 1152 1825 1188 v,

129 1221 244 1269 821.
292 1220 542 1270 ostendit:
603 1213 738 1283 φασὶ
781 1213 885 1281 γὰρ
931 1213 1380 1280 ἀμυνόμενον
1426 1214 1543 1266 τὸν
1586 1210 1827 1270 ’Ἠλιον

129 1298 519 1358 Δαίδαλον,
567 1295 650 1358 ὡς
694 1295 1120 1362 πεποιηκότα
1166 1292 1288 1363 τὴν
1331 1294 1682 1363 θυγατέρα
1716 1299 1828 1352 αὐ-

128 1385 254 1433 τοῦ
303 1378 702 1447 Πασιφάην,
747 1374 1173 1444 ἐρασθεῖσαν
1204 1378 1498 1445 ταύρου,
1544 1384 1827 1450 μιγῆναι

129 1462 336 1529 αὐτῷ,
371 1459 482 1514 ἐπεὶ
514 1461 632 1513 τότε
664 1459 958 1526 πετόμενον
990 1453 1097 1510 εἶδε
1130 1458 1225 1511 τὸν
1259 1459 1430 1512 αὐτοῦ
1461 1459 1583 1513 υἱὸν
1610 1458 1830 1529 Ἴκαρον

128 1542 188 1596 ἐκ
220 1548 396 1611 κηροῦ
429 1546 641 1608 πτεροῖς
674 1542 966 1609 χρώμενον,
1002 1540 1253 1606 σφοδρῶς
1287 1539 1531 1605 ἐμπεσεῖν
1562 1546 1674 1605 τοῖς
1702 1561 1830 1597 πτε-

130 1629 248 1691 ροῖς
291 1623 384 1677 καὶ
428 1625 756 1691 διαλυθῆναι
804 1627 972 1675 ταῦτα
1017 1623 1434 1688 παρασκευάσαι.
1497 1626 1643 1676 Adde
1676 1628 1828 1679 Nice-

128 1708 342 1773 phorum
376 1709 427 1756 in
459 1724 720 1774 progymn.
758 1703 932 1770 (Rhet.
969 1721 1042 1771 gr.
1077 1705 1114 1755 Ι.
1148 1724 1199 1771 p.
1235 1705 1395 1770 4:35).

263 1788 459 1853 Corpus
502 1787 727 1837 defuncti
768 1802 860 1851 per
893 1791 1089 1836 nautam
1123 1785 1336 1850 aliquem
1370 1787 1476 1836 sive
1508 1788 1829 1853 piscatorem,

130 1869 215 1934 qui
251 1874 302 1918 et
333 1868 582 1917 volantem
617 1873 668 1917 et
701 1866 1016 1916 decidentem
1052 1871 1359 1932 spectasset,
1411 1869 1465 1918 in
1509 1883 1710 1920 scenam
1742 1887 1825 1922 re-

125 1950 314 2016 portari
346 1949 537 2013 potuit:

260 2028 413 2092 „Hos
449 2028 654 2095 aliquis,
689 2027 915 2078 tremula
949 2026 1072 2076 dum
1106 2033 1289 2094 captat
1335 2027 1595 2080 arundine
1634 2032 1823 2098 pisce-⁴3,

258 2111 373 2161 Aut
403 2115 584 2177 pastor
619 2109 802 2159 baculo
834 2111 1037 2159 stivave
1067 2109 1284 2158 inuisas
1317 2116 1498 2159 arator

269 2191 412 2242 Vidit
450 2198 501 2241 et
537 2191 816 2258 obstupuit,
851 2190 1040 2258 quique
1074 2189 1291 2240 aethera
1325 2207 1543 2259 carpere
1569 2200 1795 2260 possent,

265 2271 504 2322 Credidit
541 2288 651 2322 esse
685 2271 854 2322 deos'’.

125 2354 369 2404 Eiusdem
412 2354 540 2417 fuit,
592 2353 840 2419 quomodo
886 2367 972 2402 res
1017 2356 1160 2415 gesta
1211 2356 1373 2413 esset,
1419 2351 1636 2404 Daedalo
1680 2371 1823 2405 enar-

124 2450 264 2485 rare:

260 2514 471 2577 „Quum
498 2530 636 2581 puer
668 2512 863 2564 audaci
897 2514 1067 2579 coepit
1099 2512 1336 2579 gaudere
1366 2515 1562 2577 volatu,

257 2622 324 2632 —
389 2619 458 2632 —-
525 2594 757 2661 coelique
790 2592 1035 2660 cupidine
1067 2599 1242 2643 tactus

259 2676 440 2725 Altius
475 2675 583 2741 egit
615 2675 737 2725 iter.
804 2673 1006 2741 Rapidi
1037 2674 1234 2723 vicinia
1269 2672 1408 2723 Solis

263 2755 440 2806 Mollit
477 2755 736 2818 odoratae,
766 2770 1065 2823 pennarum
1096 2754 1322 2816 vincula,
1363 2771 1524 2805 ceras·

262 2838 562 2888 Tabuerant
598 2854 782 2888 cerae.-
822 2835 988 2886 nudos
1021 2838 1192 2903 quatit
1226 2836 1319 2885 ille
1351 2836 1593 2900 lacertos,

189 2908 219 2938 ·’
255 2917 602 2986 Remigioque
636 2934 822 2969 careus
854 2934 959 2967 uon
992 2917 1128 2966 ullas
1157 2917 1383 2984 percipit
1422 2934 1593 2967 auras.

260 2999 468 3067 Oraque
503 3000 767 3061 caerulea,
796 3000 1032 3066 patrium
1067 2996 1352 3048 clamantia
1392 3014 1595 3060 nomen,

254 3078 616 3148 Excipiuntur
651 3097 804 3149 aqua,
839 3096 974 3147 quae
1006 3095 1193 3129 nomeu
1223 3080 1392 3129 traxit
1424 3079 1488 3130 ab
1516 3080 1659 3132 illo'’.

125 3160 266 3211 Hanc
300 3162 633 3211 narrationem
669 3162 979 3228 excipiebant
1011 3161 1166 3226 patris
1198 3160 1445 3211 lamenta:

255 3242 615 3311 „Devovitque
646 3259 770 3292 suas
804 3249 943 3292 artes
978 3258 1259 3311 corpusque
1290 3242 1530 3308 sepulcro

261 3321 503 3373 Condidit
514 3343 536 3383 ‚·
570 3330 623 3373 et
655 3324 813 3373 tellus
847 3323 911 3373 ab
945 3324 1152 3372 nomine
1184 3322 1330 3373 dicta
1361 3322 1622 3390 sepulti''.

123 3403 471 3468 Fragmentum
528 3404 824 3456 narrationis
875 3404 1198 3469 deprendisse
1257 3404 1378 3453 mihi
1429 3404 1604 3454 videor
1648 3404 1700 3456 in
1747 3406 1823 3466 iia,
