2144 3854
987 247 1096 304 131

200 402 316 448 runt
346 400 399 446 et
428 395 672 446 criminati
715 398 829 444 sunt
861 407 947 453 ea,
991 406 1119 455 quae
1151 396 1372 441 veterum
1405 392 1699 456 scriptorum
1730 404 1877 442 nemo

199 492 414 542 unquam
459 475 579 525 vitio
637 476 866 524 verterat.
948 470 1027 520 Ad
1082 470 1436 536 philosophum
1485 471 1615 520 enim
1657 470 1878 536 pertinet

199 555 438 621 quidquid
469 555 530 604 ab
561 554 645 603 illo
679 551 1030 617 reprehensum
1065 554 1166 610 est,
1210 549 1334 598 nihil
1368 550 1627 615 quicquam
1656 550 1722 600 ad
1754 566 1876 617 poe-

198 641 301 686 tam
318 672 334 698 .,
380 635 474 686 nisi
505 634 635 683 forte
666 632 942 695 ubicunque
990 633 1076 679 aut
1124 628 1265 679 illum
1320 633 1406 678 aut
1438 629 1738 694 Sophoclem
1792 636 1880 685 aut

200 714 500 779 Aeschylum
534 710 708 762 comici
739 714 918 775 poetae
949 709 1128 758 imitati
1162 714 1300 766 suut,
1335 709 1384 756 in
1417 709 1646 758 ridiculas
1677 726 1761 760 res
1795 726 1877 763 se-

199 810 341 845 veras
374 790 720 850 convertendo,
752 789 850 838 hoc
882 789 932 838 in
967 788 1314 839 contumeliam
1335 788 1532 837 illorum
1554 788 1739 839 factum
1765 806 1880 842 esse

198 873 497 923 credendum
542 875 636 920 est.
717 868 871 931 Quasi
913 884 1011 919 non
1056 869 1182 917 haec
1225 868 1332 932 ipsa
1377 867 1580 916 imitatio
1626 869 1879 934 dignitatis

198 952 567 1014 venustatisque
601 948 870 997 carminum
906 947 1234 996 certissimum
1267 948 1618 996 documentum
1652 948 1746 998 sit!

335 1029 610 1096 opinantur
642 1027 786 1092 vulgo
835 1026 1093 1092 disciplina
1142 1025 1362 1075 Socratis
1396 1026 1675 1077 institutum
1707 1029 1771 1079 ad
1802 1029 1878 1080 fa-

197 1110 337 1161 bulas
371 1107 653 1158 scribendas
687 1122 744 1157 se
777 1106 1067 1172 Euripidem
1114 1106 1411 1167 contulisse,
1459 1108 1541 1171 qui
1588 1123 1728 1157 error
1770 1108 1880 1175 ipsa

197 1204 430 1240 annorum
473 1187 832 1251 computatione
872 1186 1092 1250 arguitur
1116 1183 1184 1250 *).
1255 1185 1517 1235 Sexdecim
1562 1187 1695 1237 enim
1739 1190 1880 1241 annis

195 1269 350 1319 maior
380 1272 496 1318 natu
530 1266 795 1332 Euripides
826 1266 924 1315 iam
958 1266 1232 1330 tragoedias
1256 1281 1553 1330 componere
1578 1268 1746 1334 coepit
1782 1286 1879 1335 quo

197 1355 424 1413 tempore
468 1345 698 1397 Socrates
748 1350 893 1396 natus
937 1350 1032 1396 est.
1099 1345 1367 1396 Praeterea
1399 1351 1574 1396 natura
1605 1348 1711 1412 ipsa
1743 1349 1879 1400 fere-

194 1429 282 1479 bat
337 1427 476 1492 prius
527 1427 756 1476 fictarum
801 1441 1122 1491 personarum
1193 1427 1552 1492 exemplaribus
1612 1435 1881 1495 praecepta

194 1506 604 1574 philosophorum
646 1506 1001 1566 demonstrari,
1047 1521 1192 1569 quam
1240 1506 1291 1555 in
1333 1506 1482 1555 vitam
1526 1507 1882 1573 veritatemque

201 1585 440 1645 conferri,
476 1586 692 1635 moribus
726 1587 789 1635 ad
820 1586 904 1634 illa
937 1584 1274 1634 conformatis.
1339 1584 1406 1634 Et
1438 1586 1664 1651 discipuli
1695 1589 1880 1653 potius,

200 1680 346 1728 quam
378 1664 624 1724 doctoris,
654 1664 832 1714 locum
865 1664 1003 1714 illum
1039 1665 1167 1728 apud
1218 1664 1508 1729 Euripidem
1551 1666 1776 1717 tenuisse
1821 1684 1882 1718 ea

200 1745 311 1808 ipsa
357 1743 648 1804 ostendunt,
693 1759 818 1807 quae
866 1744 930 1793 de
974 1747 1145 1792 mutuo
1185 1759 1355 1793 eorum
1402 1745 1564 1794 studio
1610 1751 1882 1798 narrantur.

202 1821 428 1873 Tradunt
474 1823 763 1888 Euripidem
811 1823 1056 1887 quondam
1105 1822 1300 1872 Socrati
1343 1823 1606 1888 legendum
1641 1825 1882 1877 Heracliti

202 1902 490 1968 opusculum
523 1902 725 1952 ’dedisse
757 1918 816 1951 ac
849 1907 1022 1966 postea
1054 1916 1256 1966 rogasse
1276 1939 1291 1963 ,
1342 1901 1487 1965 quale
1519 1903 1566 1952 ei
1599 1904 1882 1956 videretur=

199 1981 338 2032 illum
369 1981 714 2046 respondisse,
750 1998 827 2040 ea,
860 1997 986 2044 quae
1003 1981 1349 2042 intellexisset,
1383 1983 1584 2048 egregia
1601 1999 1730 2046 esse,
1765 2001 1881 2052 spe-

200 2076 312 2110 rare
344 2075 401 2110 se
431 2061 551 2109 item
587 2077 711 2125 quae
738 2061 896 2109 minus
934 2061 1259 2111 intellexisset
1273 2057 1369 2124 **).
1438 2061 1603 2124 Quum
1630 2065 1883 2117 rarissime

200 2140 432 2191 Socrates
463 2141 513 2189 in
545 2141 791 2190 theatrum
823 2142 1030 2204 veniret,
1063 2147 1228 2191 tamen
1251 2155 1509 2204 ,nunquam
1543 2142 1704 2194 abfuit
1731 2145 1882 2196 Euri-

197 2220 317 2287 pide
347 2220 484 2272 novis
517 2220 786 2285 tragoediis
819 2226 1065 2282 certante,
1116 2220 1234 2285 quin
1266 2220 1415 2269 etiam
1449 2222 1499 2270 in
1531 2221 1759 2275 Piraeum
1791 2226 1882 2276 de·-

202 2299 498 2361 sceudebat‚
555 2301 941 2364 quotiescunque
991 2300 1138 2350 huius
1199 2299 1270 2347 ibi
1316 2299 1536 2350 dramata
1585 2309 1882 2369 spectaren-

200 2385 283 2430 tur
302 2377 433 2443 ***).
503 2378 668 2442 Quum
701 2381 930 2431 Orestem
963 2379 1177 2429 fabulam
1212 2379 1474 2444 Euripides
1509 2382 1743 2445 doceret,
1797 2385 1884 2436 ille

201 2459 397 2524 primos,
435 2462 538 2507 tres
581 2475 752 2510 versus
796 2475 1057 2509 revocasse
1089 2457 1271 2508 dicitur
1297 2454 1449 2524 ****).
1516 2461 1770 2528 Euripidis
1801 2479 1881 2515 sa-

267 2654 315 2711 *)
341 2655 483 2698 Recte
509 2655 691 2698 Barnes.
722 2653 768 2695 in
788 2651 883 2695 vita
902 2652 1005 2693 Eur.
1022 2653 1059 2707 ξ.
1074 2650 1155 2692 13:
1185 2650 1350 2703 „Haud
1376 2650 1530 2703 bene‚”
1557 2650 1712 2706 inquit,
1738 2658 1882 2707 „tem-

338 2739 502 2782 porum
541 2723 735 2767 rationes
777 2720 1055 2764 considerant
1097 2719 1172 2774 qui
1198 2720 1431 2762 Socratem
1459 2720 1686 2776 Euripidis
1709 2721 1757 2764 in
1784 2738 1883 2767 mo-

339 2795 510 2839 ralibus
536 2793 801 2851 magistrum
837 2791 1079 2834 affirmant.
1134 2789 1316 2831 Videtur
1351 2789 1496 2844 potius
1522 2790 1561 2832 is
1589 2806 1642 2834 ex
1669 2793 1886 2849 Euripide

341 2868 482 2910 multa
507 2864 736 2917 hausisse,
779 2877 911 2918 quem
941 2865 985 2904 et
1012 2861 1131 2916 apud
1158 2860 1391 2903 Platonem
1420 2860 1541 2902 haud
1567 2874 1671 2906 raro
1699 2864 1886 2908 laudare

344 2934 731 2992 deprehenditur.”

251 3006 317 3062 **)
344 3006 565 3050 Heracliti
592 3007 745 3058 libros,
775 3004 821 3047 in
848 3001 1021 3044 Dianae
1048 3000 1215 3055 templo
1247 3000 1304 3042 ab
1333 2999 1430 3055 ipso
1468 3001 1772 3057 absconditos,
1815 3003 1885 3045 in-

344 3075 519 3120 venisse
568 3075 802 3132 Euripides
848 3073 1008 3115 dicitur
1050 3075 1092 3114 et
1136 3070 1390 3125 frequenter
1429 3073 1646 3127 templum
1684 3073 1886 3116 adeundo

345 3147 441 3189 fere
469 3146 666 3204 integros
696 3143 884 3201 repetita
920 3141 1109 3186 lectione
1145 3141 1390 3183 memoriae
1418 3143 1670 3184 mandasse.
1726 3142 1886 3184 Refert

344 3216 560 3259 Tatianus
587 3216 632 3259 in
661 3221 771 3259 orat.
810 3215 868 3258 ad
906 3214 1089 3263 Graec„
1125 3225 1258 3266 quem
1298 3211 1499 3257 laudavit
1533 3211 1783 3266 Wideburg
1828 3212 1883 3252 de

346 3286 459 3342 phil.
489 3288 597 3329 Eur.
626 3301 736 3329 mor.
769 3302 814 3341 p.
841 3286 883 3328 6.

218 3357 310 3412 ***)
337 3357 470 3414 Diog.
498 3356 648 3400 Laert.
678 3357 736 3408 ll,
765 3356 808 3410 5,
835 3355 891 3407 7.,
919 3352 1088 3396 Aelian.
1121 3352 1168 3392 V.
1199 3353 1255 3394 H.
1282 3351 1339 3402 Π,
1375 3351 1444 3392 13.

209 3427 324 3482 ****)
351 3427 443 3470 oie.
474 3427 606 3470 mc.
637 3427 708 3480 lv,
734 3424 806 3468 zo.
1530 3490 1555 3518 ,ι

1471 3494 1502 3537 9
1548 3495 1556 3504 .
