2144 3854
990 257 1107 316 221

209 413 434 461 mortuae
480 405 873 472 componendum
920 405 1170 464 aufertur3
1215 402 1397 454 chorus
1444 400 1613 452 statim
1663 401 1888 451 naeniam

209 491 434 540 orditur:
467 505 499 538 o
532 488 699 536 Peliae
731 486 860 547 filia,
906 484 1015 533 vale
1048 484 1099 533 in
1133 483 1265 532 Orco
1300 483 1500 532 domum
1532 481 1891 531 tenebricosam

210 571 452 620 habitans,
519 567 598 616 Te
621 568 766 630 longe
794 564 1026 629 optimam
1054 563 1290 612 feminam
1318 563 1516 612 Charon
1540 579 1630 628 per
1657 562 1892 628 paludem

209 648 562 700 Acherontiam
596 646 761 705 vexit3
808 650 941 692 tuam
990 642 1185 691 laudem
1222 643 1519 691 carminibus
1554 649 1732 707 poetae
1760 642 1892 690 cele-

207 728 450 784 brabunt,
511 726 904 790 quotiescunque
950 738 1099 772 verno
1146 728 1373 787 tempore
1418 722 1717 772 Carneorum
1763 722 1895 772 festa

206 807 455 857 redibunt.
525 807 727 855 Utinam
753 820 953 869 possem
987 809 1041 853 te
1075 819 1136 852 ex
1170 802 1303 852 Orco
1339 803 1391 851 in
1425 803 1586 851 lucem
1619 800 1889 852 reducere!

207 886 290 936 Tu
324 887 457 936 enim
493 887 612 946 sola,
650 901 679 934 o
715 885 966 934 carissima
1000 883 1203 944 mulier,
1240 883 1460 947 coniugis
1490 883 1643 947 vitam
1677 888 1894 932 mortem

207 968 438 1017 obeundo
480 966 730 1016 redimere
777 964 1075 1015 sustinuisti.
1156 963 1234 1013 Sit
1280 964 1372 1014 tibi
1426 969 1559 1012 terra
1605 959 1753 1012 levis!
1839 962 1895 1012 Si

207 1063 391 1097 novum
440 1047 807 1096 matrimonium
857 1045 1032 1094 coniux
1082 1044 1368 1106 contrahat,
1416 1044 1738 1093 vehementer
1771 1043 1892 1091 mihi

207 1128 477 1192 liberisque
501 1128 601 1176 tuis
626 1127 807 1176 invisus
831 1125 1000 1174 fuerit.
1047 1125 1409 1175 Recusantibus
1440 1125 1568 1174 enim
1605 1124 1892 1189 parentibus

207 1225 370 1275 neque
391 1224 589 1258 servare
615 1208 790 1266 filium,
827 1221 972 1270 quem
1005 1211 1323 1271 pepererunt,
1372 1205 1674 1265 volentibuS‚
1720 1221 1892 1269 quam-

206 1291 279 1339 vis
314 1293 484 1339 esseut
515 1293 679 1338 aetate
712 1287 962 1353 provecti,
1009 1290 1064 1335 tu
1115 1287 1167 1336 in
1215 1287 1326 1352 ipso
1361 1286 1487 1335 flore
1519 1285 1786 1334 iuventutis
1819 1284 1892 1333 vi-

206 1373 310 1420 tam
342 1386 436 1436 pro
469 1368 648 1418 marito
681 1367 966 1432 profudisti.
1033 1364 1207 1416 Talem
1242 1367 1363 1416 mihi
1392 1382 1596 1416 uxorem
1622 1381 1736 1415 esse
1758 1369 1893 1430 opto,

209 1466 337 1515 quae
370 1465 480 1499 rara
514 1455 592 1499 est
623 1447 865 1512 felicitaS,
914 1451 966 1496 et
1009 1462 1213 1497 vacuam
1248 1446 1420 1497 dolore
1452 1462 1648 1496 mecum
1683 1450 1893 1496 aetatem

207 1531 426 1596 exigere.

342 1610 517 1660 Tertio
552 1615 664 1660 actu
699 1609 943 1659 Hercules
989 1610 1153 1675 prodit
1196 1608 1466 1675 hospitium
1503 1607 1702 1658 Admeti
1734 1622 1892 1671 quae-

206 1707 340 1750 rens,
376 1707 490 1740 cnm
523 1690 654 1738 forte
690 1690 738 1738 in
762 1688 1025 1739 Thraciam
1053 1690 1402 1754 proficiscatur
1430 1688 1491 1737 ad
1514 1704 1669 1752 equos
1692 1687 1894 1737 Diome-

207 1772 284 1821 dis
316 1769 648 1820 abducendos.
685 1763 1191 1820 *Praestantissimam
1224 1770 1372 1819 huius
1406 1784 1669 1834 personam
1698 1767 1896 1817 effinxit

206 1855 358 1916 poeta
390 1854 442 1899 et
474 1851 985 1899 convenientissimam
1018 1850 1114 1911 iis,
1169 1866 1295 1914 quae
1329 1851 1393 1899 de
1426 1849 1518 1897 viri
1552 1848 1701 1898 rebus
1735 1848 1892 1914 gestis

205 1930 477 1980 memoriae
520 1930 727 1980 tradidit
769 1931 1048 1994 antiquitas,
1127 1929 1244 1979 Pari
1289 1930 1417 1979 enim
1466 1929 1613 1977 animi
1647 1929 1894 1993 aequitate

207 2015 262 2061 et
294 2011 438 2060 laetis
491 2010 673 2072 rebus,
717 2011 852 2060 forte
897 2011 1108 2074 oblatiS‚
1157 2010 1347 2060 fruitur
1395 2014 1448 2058 et
1496 2026 1607 2059 cum
1655 2010 1892 2070 adversiS,

205 2091 489 2156 ubicunque
532 2091 796 2148 accidunt,
846 2092 1180 2141 conflictatur.
1244 2092 1419 2155 Neque
1463 2090 1686 2140 laborem
1721 2089 1892 2151 ullum,

191 2169 425 2237 ‘quamvis
460 2171 812 2238 periculosum,
847 2171 1119 2234 detrectat,
1155 2187 1316 2236 neque
1349 2171 1683 2236 voluptatem,
1718 2186 1892 2234 quam-

204 2253 278 2301 vis
310 2252 554 2311 blandam,
588 2253 848 2318 repudiat:
894 2253 1120 2319 superior
1154 2253 1284 2302 euim
1317 2256 1530 2316 utroque
1577 2256 1684 2313 est,
1732 2267 1895 2315 neque

206 2331 407 2381 dolores
439 2338 750 2397 mortemque
782 2333 942 2393 timet,
988 2348 1150 2396 neque
1181 2337 1327 2398 paret
1360 2332 1573 2393 libidini,
1607 2332 1695 2381 sed
1731 2333 1892 2397 impe-

204 2417 298 2462 rat.
365 2411 553 2461 Futura
584 2412 656 2462 nil
689 2418 854 2473 curat,
890 2429 1052 2477 neque
1087 2420 1222 2463 metu
1254 2412 1499 2462 malorum
1533 2413 1892 2462 imminentium

203 2492 538 2558 perturbatur,
572 2508 734 2557 neque
770 2493 1002 2558 cupidine
1035 2494 1211 2558 gestit,
1245 2509 1406 2557 neque
1441 2492 1746 2559 voluptatum
1781 2493 1892 2562 ille-

205 2573 368 2622 cebris
414 2573 666 2622 delinitur.
734 2572 871 2621 Idem
914 2589 1077 2637 neque
1112 2574 1426 2623 successibus
1462 2573 1780 2637 victoriisque
1816 2572 1893 2620 ef-

204 2652 397 2715 fertur,
431 2669 593 2716 neque
626 2653 894 2715 malorum,
950 2668 1076 2717 qnae
1109 2669 1377 2718 perpessus
1415 2659 1518 2712 est,
1570 2653 1744 2701 dolore
1779 2669 1894 2700 cru-

203 2734 381 2786 ciatur.
449 2732 609 2782 Totus
644 2733 827 2797 ubique
861 2738 941 2782 est
974 2733 1023 2781 in
1056 2749 1224 2782 rerum
1257 2734 1592 2798 praesentium
1626 2749 1747 2794 usu,
1783 2732 1892 2781 nul-

204 2814 267 2863 lis
302 2815 551 2863 distentus
587 2813 749 2872 curis,
799 2814 945 2861 nullis
992 2812 1163 2862 alienis
1200 2814 1573 2877 cogitationibus
1610 2814 1891 2864 distractus,

205 2893 292 2944 Sic
342 2910 471 2959 quae
521 2910 720 2959 quoque
766 2899 995 2958 tempore
1029 2894 1216 2959 agenda
1251 2899 1363 2943 sunt
1396 2895 1677 2944 rectissime
1710 2910 1890 2959 cogno-

204 2975 316 3034 scit,
350 2991 514 3040 neque
545 2990 778 3040 uuquam,
814 2975 945 3023 sicut
977 2974 1040 3035 ii,
1085 2974 1170 3038 qui
1206 2990 1404 3023 suarum
1440 2992 1607 3024 rerum
1645 2979 1889 3041 satagunt,

206 3059 292 3102 aut
325 3055 598 3104 amicorum
634 3056 814 3105 officiis
851 3058 937 3103 aut
970 3054 1263 3118 populorum
1299 3055 1446 3104 saluti
1467 3062 1552 3104 aut
1579 3057 1776 3122 generis
1799 3056 1889 3103 hu-

206 3135 337 3183 mani
371 3136 642 3184 commodis
678 3136 838 3184 deest.
907 3134 986 3182 En
1034 3135 1344 3184 verissimum
1378 3136 1686 3186 fortitudinis
1721 3150 1888 3184 exem-

205 3213 337 3278 plar,
368 3231 427 3263 en
449 3216 779 3265 rectissimam
796 3215 1194 3280 perturbationes
1221 3215 1370 3265 animi
1382 3217 1608 3265 vincendi
1632 3216 1887 3265 rationem.

205 3293 304 3342 Hic
335 3300 569 3359 quantum
604 3296 758 3345 distat
791 3312 818 3343 a
854 3295 1027 3344 timido
1063 3295 1148 3344 illo
1181 3295 1427 3345 Prodiceo
1467 3297 1703 3355 Hercule,
1740 3311 1887 3358 quem

203 3373 443 3423 victorem
476 3375 587 3425 fore
622 3381 672 3424 et
707 3381 950 3425 terrarum
985 3375 1200 3424 omnium
1238 3382 1290 3426 et
1322 3378 1526 3426 marium
1562 3383 1614 3427 et
1635 3376 1753 3424 Orci
1787 3380 1886 3423 ter-
