2144 3854
1103 246 1224 304 150

454 392 730 456 „Protinus
765 391 998 450 exuvias,
1031 392 1218 458 rigidis
1250 390 1517 443 horrentia
1547 393 1672 443 setis

459 473 644 538 Terga,
680 468 774 520 dat
817 476 871 521 et
902 473 1106 537 magnis
1138 472 1366 538 insignia
1398 471 1635 523 dentibus
1669 487 1779 524 ora.

451 551 545 601 Illi
576 551 819 603 laetitiae
853 557 931 601 est
966 567 1082 602 cum
1112 569 1324 603 munere
1357 554 1584 603 muneris
1618 559 1835 603 auctor.-

452 629 697 681 Invidere
729 632 841 692 alii,
874 638 1088 699 totoque
1122 639 1238 683 erat
1273 634 1481 698 agmine
1514 648 1757 684 murmur.

453 710 509 761 E
544 710 740 778 quibus,
774 712 982 778 ingenti
1012 711 1284 762 tendentes
1319 713 1529 763 brachia
1561 730 1702 773 voce,

452 789 594 841 Pone
628 808 743 858 age,
777 808 873 841 nee
901 793 1080 842 titulos
1114 782 1386 859 intercipe,
1408 794 1635 859 semina,
1669 797 1883 852 nostroe,

455 869 770 922 Thestiadae
805 872 1064 922 clamant''
1101 879 1198 923 etc.

324 949 508 1001 Contra
555 950 812 1016 Meleager
867 969 922 1002 se
967 955 1076 1003 iure
1110 968 1199 1002 suo
1234 951 1423 1018 spolia,
1471 952 1567 1002 sibi
1601 951 1844 1018 mancipio
1877 948 2011 1018 data,

323 1031 631 1081 concessisse
661 1032 840 1096 virgini
875 1033 1142 1095 contendit,
1195 1048 1355 1096 neque
1387 1032 1438 1080 id
1473 1032 1659 1082 factum
1694 1038 1779 1083 aut
1804 1031 1898 1081 sibi
1926 1036 2012 1080 aut

323 1109 554 1162 affinibus
589 1111 908 1176 cognatisque
941 1112 1045 1162 suis
1083 1112 1314 1162 dedecori
1349 1127 1491 1162 esse:

452 1191 815 1253 „Remanet
836 1193 1071 1258 gloria
1095 1191 1272 1260 apud
1294 1208 1404 1251 me,
1430 1191 1712 1241 exuvias
1733 1190 2017 1258 dignavi

1159 1272 1552 1322 Atalantae
1598 1268 1812 1322 dare.''

455 1349 614 1413 Quem
648 1357 877 1402 eventum
910 1352 1034 1402 haec
1079 1351 1309 1402 habuerit
1355 1351 1593 1415 litigatio,
1641 1350 2014 1402 accuratissime

325 1446 352 1478 a
386 1428 607 1481 Diodoro
640 1430 911 1481 docemur:
966 1429 1167 1496 Διόπερ
1201 1430 1528 1495 ἀκυροῦντες
1561 1433 1659 1483 τοῦ
1692 1428 2012 1496 Μελεάγρου

323 1507 422 1576 τὴν
456 1507 666 1575 δωρεὰν
699 1507 1131 1576 ἐνήδρευσαν
1170 1505 1612 1576 Ἀταλάντην,
1645 1508 1734 1562 καὶ
1757 1509 1892 1563 κατὰ
1914 1507 2015 1579 τὴν

325 1587 399 1650 εἰς
420 1583 707 1656 Ἀρκαδίαν
735 1589 898 1658 αὐτῆς
926 1588 1193 1643 ἐπάνοδον
1218 1588 1520 1656 ἐπιθέμενοι
1543 1588 1641 1657 τὴν
1669 1589 1838 1654 δορὰν
1865 1589 2015 1656 ἀφεί-

324 1671 499 1722 λοντο.
568 1669 880 1737 Μελέαγρος
913 1670 986 1732 δέ,
1023 1671 1111 1723 διά
1135 1688 1189 1723 τε
1212 1672 1309 1723 τὸν
1335 1672 1470 1737 πρὸς
1496 1665 1816 1737 Ἀταλάντην
1848 1669 2019 1737 ἔρωτα

325 1750 414 1803 καὶ
448 1750 537 1803 διὰ
566 1749 666 1818 τὴν
698 1751 912 1817 α’τιμίαν
937 1751 1307 1817 παροξυνθείς,
1342 1751 1607 1820 ἐβοήθησε
1631 1756 1697 1818 τῇ
1714 1747 2016 1820 Ἀταλάντῃ.

328 1829 436 1883 Καὶ
468 1832 527 1884 τὸ
561 1830 658 1899 μὲν
689 1834 904 1898 πρῶτον
936 1833 1215 1898 παρεκάλει
1266 1827 1394 1894 τοὺς
1436 1833 1740 1901 ἡρπακότας
1783 1831 2018 1886 α’ποδοῦ-

327 1930 417 1965 ναι
448 1918 515 1980 τῇ
546 1911 765 1980 γυναικὶ
791 1913 852 1965 τὸ
887 1911 1054 1966 δοθὲν
1086 1913 1380 1978 ἀριστεῖον·
1432 1914 1504 1975 ὡς
1537 1913 1584 1966 δ’
1621 1913 1688 1966 οὐ
1720 1916 2017 1982 προςεῖχον,

327 1991 627 2047 ἀπέκτεινεν
649 1992 862 2058 αὐτούς,
900 1996 1059 2055 ὄντας
1085 1996 1178 2060 τῆς
1203 1988 1454 2056 Ἀλθαίας
1478 1993 1757 2060 ἀδελφούς.
1809 1996 2021 2062 Conspi-

327 2081 438 2126 rant
460 2077 608 2126 verba
637 2076 845 2140 Hygini:
881 2075 1004 2135 „llla
1038 2093 1166 2125 cum
1202 2074 1523 2140 Meleagri
1558 2076 1654 2124 fid
1674 2093 1765 2125 em
1797 2075 2018 2142 implo-

327 2160 575 2217 rasset,
621 2155 742 2206 ille
785 2155 1180 2214 intervenit,
1232 2160 1282 2204 et
1315 2170 1531 2205 amorem
1569 2155 1846 2221 cognationi
1879 2159 2019 2204 ante-

329 2236 495 2300 posuit
526 2235 893 2299 avunculosque
928 2252 1043 2285 suos
1079 2234 1312 2287 occidit.''
1369 2234 1493 2283 Cum
1522 2236 1704 2283 mutuis
1738 2234 2020 2284 minationi-

331 2314 423 2365 bus
472 2331 591 2376 eos,
636 2315 720 2380 qui
756 2315 1086 2380 litigaverant,
1142 2331 1171 2363 e
1205 2319 1474 2379 conspectu
1508 2313 1693 2364 theatri
1724 2313 1890 2364 abisse
1923 2329 2023 2378 pu—

329 2394 528 2445 tandum
564 2400 669 2457 est,
715 2401 771 2445 ut
806 2402 1008 2445 eventus
1045 2394 1192 2444 facile
1238 2400 1410 2459 posset
1458 2393 1750 2458 praevideri.
1829 2392 2022 2444 Metam

329 2476 476 2540 igitur
509 2491 698 2536 eorum,
734 2492 858 2540 quae
890 2475 1056 2525 futura
1093 2479 1247 2533 erant,
1283 2480 1336 2524 et
1370 2475 1666 2524 anxietatem
1701 2473 1883 2523 chorus
1910 2489 2020 2522 car-

330 2556 480 2616 mine,
514 2555 648 2620 quod
682 2562 910 2620 quartum
956 2555 1248 2604 cantandum
1292 2553 1414 2614 fuit,
1468 2553 1754 2602 declaravit.
1822 2553 2022 2602 {nterim

330 2636 541 2685 Althaea
588 2635 717 2684 intus
753 2635 846 2684 diis
880 2635 1060 2698 gratias
1095 2636 1270 2699 agebat
1304 2635 1530 2697 donaque
1564 2633 1855 2693 obterebat,
1890 2631 2024 2695 quod

331 2717 538 2780 patriam
583 2715 882 2778 domumque
927 2715 1112 2778 regiam
1156 2714 1284 2763 malo
1333 2714 1641 2763 liberassent.
1711 2711 1886 2760 Statim
1933 2709 2023 2759 de-

331 2794 447 2844 inde
483 2810 690 2860 corpora
723 2793 1095 2842 interfectorum
1130 2794 1179 2842 in
1214 2809 1412 2842 scenam
1446 2797 1696 2856 reportata
1739 2796 1880 2841 sunt:
1933 2806 2021 2839 ex-

332 2875 482 2923 citata
516 2880 595 2924 est
629 2873 844 2922 clamore
876 2872 1115 2934 Althaea,
1163 2889 1367 2936 resque,
1417 2871 1661 2934 quomodo
1711 2876 1821 2920 acta
1871 2874 2024 2931 esset,

332 2954 400 3004 nil
433 2954 531 3002 tale
565 2953 780 3017 opinanti
816 2953 1054 3018 exposita.
1122 2952 1200 3002 Cf.
1238 2951 1377 3025 Ovid.
1415 2966 1460 2998 v.
1496 2952 1595 2998 444
1631 2967 1800 3016 seqq.:

464 3033 658 3096 „Dona
692 3031 844 3080 deum
877 3033 1099 3098 templis,
1135 3039 1260 3082 nato
1292 3033 1507 3087 victore,
1528 3031 1763 3095 ferebat,

468 3113 635 3176 Quum
669 3111 810 3161 videt
846 3112 1126 3162 exstinctos
1145 3115 1351 3178 fratres
1384 3109 1619 3160 Althaea
1651 3110 1854 3176 referri.

462 3193 623 3258 Quae,
652 3193 909 3259 plangore
943 3191 1084 3254 dato,
1118 3192 1322 3243 moestis
1356 3190 1640 3239 ululatibus
1673 3189 1850 3240 urbem

467 3274 672 3341 Implet,
711 3279 762 3321 et
798 3278 1012 3323 auratas
1046 3273 1266 3324 mutavit
1300 3270 1524 3320 vestibus
1560 3271 1707 3322 atris.

468 3354 543 3404 Ac
575 3353 728 3402 simul
763 3359 839 3403 est
875 3358 1058 3403 auctor
1090 3354 1232 3403 necis
1263 3351 1449 3412 edittae,
1487 3349 1683 3400 excidit
1718 3349 1880 3399 omnis

468 3432 680 3497 Laetae,
719 3439 769 3483 et
805 3449 839 3482 a
871 3432 1099 3483 lacrimis
1133 3435 1187 3483 in
1209 3448 1417 3500 poenae
1440 3447 1618 3482 versus
1643 3421 1868 3480 amorem
1892 3427 2024 3481 est-’²
