2144 3854
918 270 1040 329 215

134 430 358 491 pretatus
394 429 492 484 est,
526 439 623 488 quo
659 421 939 471 ostenditur
967 420 1223 484 Telephus
1247 421 1295 470 in
1323 436 1407 469 ara
1429 419 1599 468 sacelli
1621 420 1821 479 sedens,

132 507 291 555 altera
322 522 469 555 manu
505 504 736 552 Orestem
768 498 1025 566 parvulum
1077 503 1126 550 in
1174 500 1364 566 gremio
1412 505 1612 558 tenens,
1668 500 1824 550 altera

134 587 313 636 stricto
347 587 511 650 gladio
548 586 696 633 ictum
732 582 981 630 minitans.
1052 582 1106 629 ln
1141 581 1272 630 hunc
1318 581 1566 629 irruentes
1611 582 1822 646 Agame-

133 682 299 723 mnon,
336 666 543 730 Ulysses
570 669 717 726 atque
741 661 961 709 Achilles
993 677 1021 708 a
1051 661 1446 725 Clytaemnestra
1479 662 1822 726 prohibentur.

133 747 358 808 Quorum
402 745 625 795 Achilles
679 742 991 806 Ulyssesque
1026 743 1199 790 armati
1235 746 1348 790 sunt
1383 741 1686 806 strictosque
1719 742 1823 806 gla-

129 826 240 874 dios
273 827 500 875 manibus
535 827 734 883 tenent,
781 823 1118 886 Agamemnon
1161 828 1359 881 autem,
1410 826 1467 870 ut
1511 822 1594 883 qui
1639 822 1824 871 bellum

131 914 409 968 aversetur,
446 905 675 953 vestitum
709 903 860 951 habet
893 917 1022 961 enm,
1059 919 1156 966 quo
1192 902 1267 951 uti
1298 906 1497 966 poterat
1528 901 1660 950 inter
1694 902 1825 950 cives

136 985 341 1048 degens,
377 991 431 1036 et
464 990 719 1049 sceptrum
755 998 847 1048 pro
882 982 1046 1044 gladio
1081 987 1234 1032 tenet.
1302 981 1520 1046 Telephi
1539 981 1702 1030 vultus
1727 983 1825 1030 sci-

130 1067 331 1116 scitanti
363 1065 573 1124 similis,
608 1063 789 1128 reliqui
823 1063 1123 1112 anxietatem
1157 1064 1390 1129 produnt,
1425 1062 1476 1110 in
1509 1062 1712 1111 infantis
1733 1078 1824 1127 pe-

131 1146 342 1196 riculum
376 1162 465 1196 ora
499 1149 864 1194 convertentes,
936 1144 1145 1193 Achillis
1176 1160 1444 1208 personam
1479 1142 1668 1190 addens
1703 1143 1825 1191 arti-

128 1226 217 1276 fex
249 1226 547 1291 anticipasse
596 1241 724 1288 quae
774 1225 1084 1290 in⁴dramate
1137 1224 1302 1289 paullo
1337 1224 1498 1273 serius
1534 1223 1828 1272 eveniebant

127 1294 338 1356 videtur.
406 1306 633 1355 Eandem
670 1321 776 1354 rem
824 1310 1250 1370 repraesentatam
1290 1304 1456 1354 inveni
1493 1305 1543 1352 in
1585 1304 1826 1368 amphora

125 1386 341 1450 quadam
364 1386 675 1447 Hamiltonii,
703 1401 848 1450 quam
876 1385 939 1433 ad
963 1386 1280 1450 Astyanactis
1316 1389 1527 1434 mortem
1562 1400 1824 1451 perperam

125 1465 400 1532 Tischbein
431 1466 518 1528 (T.
550 1467 610 1515 Il.
641 1467 738 1517 tab.
767 1465 843 1530 6.)
879 1467 1067 1515 retulit.
1150 1467 1306 1516 Sedet
1338 1467 1390 1515 in
1424 1483 1506 1514 ara
1540 1465 1826 1531 triglyphis,

127 1547 284 1612 signis
315 1547 612 1611 duabusque
654 1546 964 1612 Sphingibus
991 1551 1161 1596 ornata
1182 1546 1458 1611 TelephuS,
1494 1548 1669 1595 dextro
1697 1545 1828 1611 pede

129 1627 297 1676 fasciis
332 1628 583 1685 obvoluto,
617 1627 872 1690 ictumque
905 1628 1122 1676 minatur
1154 1642 1310 1691 puero
1346 1626 1547 1686 Oresti,
1594 1626 1677 1690 qni
1710 1641 1828 1690 pas-

132 1707 203 1756 sis
238 1707 464 1757 manibus
499 1706 739 1756 auxilium
775 1707 1004 1771 implorat
1038 1708 1260 1767 nutricis,
1296 1722 1324 1755 a
1358 1711 1500 1771 parte
1533 1707 1729 1776 sinistra
1745 1721 1828 1754 ac-

127 1787 392 1836 currentis.
466 1788 543 1838 Ab
583 1787 740 1835 altera
787 1792 930 1851 parte
966 1787 1366 1851 Clytaemnestra
1400 1803 1456 1836 se
1490 1787 1660 1836 obiicit
1693 1787 1829 1849 Aga-

128 1855 380 1916 memnoni
413 1883 526 1916 cum
560 1867 703 1914 hasta
739 1872 792 1915 et
829 1867 994 1932 gladio
1030 1869 1079 1917 in
1114 1867 1398 1933 Telephum
1432 1868 1655 1917 irruenti.
1702 1864 1829 1916 Vul-

126 1951 206 1996 tus
240 1949 460 1997 omnium
492 1952 766 2010 gestusque
805 1948 1168 1996 evidentissimi
1202 1955 1334 1996 suut.

264 2028 376 2078 No‘n
410 2037 616 2092 possum
650 2027 801 2075 finem
836 2028 955 2076 huic
990 2029 1324 2077 dissertationi
1369 2030 1660 2094 imponere,
1713 2026 1830 2091 quin

130 2109 352 2158 veritatis
385 2107 640 2172 exemplar
675 2108 1031 2168 demonstrem,
1066 2109 1126 2156 ad
1164 2109 1303 2157 cuius
1331 2109 1699 2162 similitudinem
1728 2106 1829 2156 Te·-

129 2189 267 2255 lephi
300 2205 412 2238 sors
447 2187 759 2237 conformata
794 2194 886 2237 est.
957 2189 1312 2238 Themistoclis
1365 2190 1496 2238 enim
1546 2189 1732 2238 exsulis
1779 2193 1832 2237 et

122 2269 344 2318 hostium
396 2268 518 2316 fidei
567 2285 623 2317 se
676 2271 1008 2333 permittentis
1045 2285 1188 2318 casus
1223 2269 1337 2319 fere
1373 2271 1591 2336 singulos
1624 2271 1720 2319 hac
1754 2268 1831 2318 fa-

128 2349 246 2399 bula
277 2351 648 2414 repraesentari
681 2351 881 2414 planum
917 2357 994 2399 est
1022 2349 1091 2414 *).
1162 2350 1242 2399 Ad
1287 2350 1622 2401 Molossorum
1658 2365 1831 2415 regem

126 2431 425 2489 Admetum,
477 2430 571 2477 sibi
618 2430 887 2490 infestum,
925 2431 1146 2496 confugit
1181 2431 1580 2493 Themistocles,
1627 2437 1678 2480 et
1712 2447 1831 2480 sua-

126 2510 277 2558 dente
310 2515 461 2573 atqne
496 2509 731 2557 auxilium
769 2513 1093 2574 promittente
1129 2527 1283 2560 uxore
1318 2512 1426 2560 eius
1462 2512 1681 2570 Phthia,
1716 2526 1830 2577 par-

123 2589 291 2637 vulum
335 2590 469 2654 regis
506 2589 660 2639 filium
724 2592 941 2654 arripuit,
980 2597 1032 2638 et
1079 2608 1192 2640 cum
1235 2607 1295 2640 eo
1343 2607 1398 2640 se
1444 2593 1491 2640 in
1545 2592 1833 2652 sacrarium,

130 2669 263 2733 quod
298 2685 488 2717 summa
523 2669 777 2717 colebatur
812 2670 1095 2731 cerimonia,
1132 2671 1359 2720 coniecit.
1428 2671 1548 2720 Inde
1571 2687 1667 2719 non
1693 2671 1833 2736 prius

128 2765 362 2811 egressus
398 2754 491 2809 est,
526 2765 671 2812 quam
709 2766 799 2799 rex
834 2767 948 2798 eum
984 2750 1095 2798 data
1144 2750 1321 2799 dextra
1355 2751 1406 2798 in
1441 2751 1597 2799 fidem
1632 2752 1832 2815 recipe·

123 2835 222 2890 ret,
258 2845 403 2893 quam
439 2829 702 2894 praestitit.
773 2829 899 2878 Nam
935 2846 1087 2893 quum
1126 2831 1187 2878 ab
1223 2831 1610 2880 Atheniensibus
1648 2836 1699 2879 et
1732 2831 1831 2880 La-

126 2909 460 2959 cedaemoniis
510 2915 869 2973 exposceretur
916 2911 1139 2974 publice,
1189 2911 1468 2976 supplicem
1522 2926 1619 2958 non
1663 2909 1833 2976 prodi-

125 2989 202 3038 dit
227 2986 329 3054 **).
418 2989 600 3038 Postea
647 2990 781 3039 idem
828 2989 1197 3039 Themistocles
1250 2991 1312 3040 ad
1362 3007 1532 3056 regem
1566 2990 1832 3039 Persarum

127 3069 383 3135 confugit,
428 3071 480 3119 in
525 3072 663 3120 cuius
699 3072 899 3120 domum
936 3071 1148 3135 plurima
1182 3071 1308 3120 mala
1342 3072 1563 3122 omnium
1612 3071 1833 3120 Graeco-

132 3166 242 3199 rum
278 3150 578 3212 contulerat,
634 3168 783 3215 quum
833 3151 1050 3200 Xerxem
1084 3152 1270 3200 bellum
1303 3153 1563 3202 universae
1599 3152 1835 3214 Europae

130 3230 431 3280 inferentem
466 3248 579 3280 cum
605 3233 754 3280 tantis
785 3233 960 3296 copiis,
997 3238 1202 3295 quantas
1228 3248 1372 3282 nemo
1399 3236 1543 3282 antea
1569 3233 1830 3291 habuerat,

198 3340 248 3396 *)
277 3342 491 3386 Viderunt
530 3345 620 3386 hoe
664 3345 851 3388 Vaterus
890 3344 1062 3387 Vindic.
1091 3345 1233 3388 Rhes.
1264 3361 1308 3402 p.
1340 3346 1530 3390 chlv.
1593 3345 1708 3388 Geel
1740 3345 1771 3387 1.
1796 3340 1832 3387 l.

266 3416 312 3455 et
339 3413 613 3457 wolckerus
642 3431 687 3470 p.
717 3414 821 3458 481.

177 3482 252 3537 **)
281 3482 461 3528 Cornel-
492 3486 713 3530 Themist.
748 3501 786 3528 c.
815 3485 855 3528 8.
916 3485 1062 3529 Thuc.
1092 3485 1128 3542 l,
1160 3485 1258 3529 136.
