2144 3854
945 239 1027 294 37

143 390 466 453 virtutesque,
502 388 804 437 exercituum
839 383 1024 446 clades,
1061 385 1255 433 urbium
1289 386 1367 435 vel
1400 384 1717 435 defensiones
1750 386 1826 435 vel

142 470 427 519 eversiones
462 469 761 524 ostendunt3
808 464 933 512 aliae
978 464 1190 513 miseriis
1234 465 1341 514 aliis
1390 481 1543 531 super
1583 465 1702 515 alias
1749 466 1825 516 in-

141 550 298 614 gestis
320 549 602 614 deprimunt
625 546 812 595 animos
846 548 1199 608 spectatorum,
1234 544 1359 594 aliae
1387 546 1639 596 hilaritate
1659 561 1823 596 rerum

142 645 301 694 paene
333 631 485 679 risum
519 627 751 677 excitant.
821 623 920 673 Sed
966 640 1091 673 unus
1126 625 1383 674 character
1415 627 1465 675 in
1498 632 1634 681 tanta
1666 628 1825 677 varie-

141 714 244 760 tate
275 713 502 758 constans
536 710 774 767 servatur,
810 705 943 769 quod
975 705 1051 753 sui
1083 705 1268 754 saeculi
1300 720 1467 754 mores
1501 708 1829 772 institutaque

140 789 406 856 Euripides
452 788 514 837 ad
559 787 791 852 pristinos
837 784 1064 834 homines
1119 790 1392 851 gentesque
1437 788 1715 846 transtulit,
1777 793 1829 837 et

140 870 303 936 qualia
349 869 457 934 ipse
499 867 696 916 videbat
739 865 996 915 hominum
1055 865 1276 929 ingenia,
1332 882 1431 915 non
1477 866 1639 931 qualia
1684 872 1828 917 antea

142 948 298 999 fuisse
327 948 671 1009 tradebantur,
707 947 981 1010 expressit:
1023 946 1164 1009 isque
1197 948 1456 996 character
1482 948 1597 995 huic
1630 951 1827 1011 tragoe-

140 1030 253 1079 diae
282 1029 460 1078 infixus
496 1034 576 1077 est
609 1026 1055 1078 manifestissimus
1124 1026 1388 1088 Quomodo
1433 1027 1586 1091 igitur
1632 1027 1826 1094 Sopho-

139 1109 207 1159 cli
237 1109 384 1159 tribui
417 1112 613 1174 potest,
661 1107 746 1171 qui
791 1106 885 1156 hac
927 1106 1037 1172 ipsa
1084 1107 1274 1157 ratione
1326 1107 1582 1172 Euripidis
1616 1124 1767 1174 opera
1800 1125 1828 1157 a

138 1190 241 1240 suis
275 1189 400 1239 dixit
436 1186 683 1238 differre?
749 1187 974 1249 Alterum
1009 1187 1274 1237 discrimen
1308 1193 1415 1250 est,
1467 1188 1627 1252 quod,
1675 1204 1825 1252 quum

135 1272 187 1320 in
232 1267 536 1334 simplicibus
582 1266 862 1319 fabularum
905 1269 1208 1333 argumentis
1253 1269 1530 1335 Sophocles
1563 1270 1826 1335 acquieve-

136 1350 234 1413 rit,
277 1350 543 1415 Euripides
576 1350 747 1414 plures
782 1349 1289 1399 actiones·miscendo
1324 1354 1376 1398 et
1409 1349 1634 1415 pluribus
1667 1349 1825 1399 homi-

136 1447 254 1481 num
279 1430 496 1480 consiliis
522 1446 629 1479 rem
653 1430 925 1480 intricando
947 1429 1140 1479 fabulas
1169 1430 1509 1496 amplificavit,
1542 1431 1829 1495 primusque

137 1511 358 1562 omnium
390 1515 625 1575 angustos
659 1511 838 1577 prioris
872 1512 1157 1575 tragoediae
1189 1511 1315 1561 fines
1357 1511 1596 1577 migravit.
1666 1509 1827 1559 Huius

138 1606 335 1656 quoque
377 1591 531 1639 moris
580 1590 874 1655 exemplum
905 1591 1109 1640 minime
1156 1592 1423 1641 obscurum
1465 1591 1584 1640 huic
1619 1590 1828 1641 dramati

139 1672 309 1721 inesse
340 1671 503 1720 video.
571 1669 737 1719 Potuit
770 1671 899 1720 enim
933 1671 1134 1721 Dolonis
1171 1675 1408 1732 conatuS,
1456 1672 1500 1721 si
1544 1688 1644 1722 non
1682 1671 1829 1737 plane

140 1751 322 1813 omitti,
354 1756 493 1800 certe
526 1756 640 1800 ante
673 1751 918 1800 actionum
953 1752 1149 1801 initium
1181 1752 1298 1817 poni
1332 1757 1480 1816 atque
1513 1753 1675 1800 obiter
1705 1768 1827 1800 nar-

137 1832 254 1896 rari,
287 1831 383 1881 nisi
414 1847 594 1894 augere
627 1835 774 1894 atque
807 1831 995 1880 variare
1027 1831 1222 1880 fabulae
1256 1836 1622 1896 argumentum,
1659 1836 1829 1897 spreta

136 1911 451 1977 simplicitate
483 1911 734 1975 vitatoque
765 1911 1066 1961 assiduitatis
1098 1912 1281 1973 taedio,
1314 1913 1592 1962 studuisset
1624 1912 1827 1978 Euripi-

137 1994 244 2043 des.
309 1991 451 2041 Haec
483 1995 534 2040 et
566 1991 689 2053 alia,
740 1992 944 2056 quaein
977 1998 1179 2059 promtu
1224 1998 1364 2056 suut,
1419 1993 1464 2042 si
1510 1996 1828 2059 reputassent

137 2073 209 2124 illi
242 2072 429 2137 antiqui
462 2072 637 2134 critici,
672 2072 737 2122 de
769 2073 1052 2138 Sophocleo
1087 2074 1376 2124 charactere
1408 2089 1658 2139 nunquam
1692 2073 1826 2138 cogi-

136 2158 341 2204 tassent.
426 2152 662 2202 Ceterum
696 2169 858 2218 neque
902 2155 1084 2204 multos
1119 2171 1280 2220 neque
1315 2170 1402 2204 eos
1435 2155 1619 2204 iudicio
1653 2158 1827 2204 acutos

137 2239 224 2285 aut
258 2234 479 2283 doctrina
512 2233 634 2282 satis
669 2233 889 2282 eruditos
925 2233 1109 2298 fuisse,
1145 2236 1229 2300 qui
1262 2235 1492 2301 Euripidi
1526 2235 1624 2284 hoc
1657 2234 1828 2283 drama

137 2315 439 2375 adimerent,
474 2330 535 2362 ex
558 2313 780 2379 plurimis
803 2314 1200 2378 gravissimorum
1224 2317 1428 2366 testium
1446 2315 1644 2365 indiciis
1670 2331 1827 2381 appa-

137 2401 232 2454 ret,
265 2411 390 2459 quae
421 2394 531 2443 vide
565 2394 694 2458 apud
725 2392 961 2444 Vaterum
997 2413 1049 2461 p.
1083 2398 1148 2443 17
1188 2412 1326 2461 seqq.
1393 2396 1492 2459 Qui
1523 2411 1646 2444 vero
1665 2395 1827 2461 depri-

138 2479 300 2524 meret
330 2475 498 2538 operis
527 2474 767 2522 honorem
802 2479 854 2523 et
885 2475 1104 2525 deterius
1138 2478 1259 2528 illud
1282 2493 1397 2527 esse
1412 2476 1647 2537 duceret,
1681 2492 1828 2540 quam

139 2553 274 2618 quod
306 2553 368 2602 ab
402 2552 641 2617 Euripide
674 2554 754 2601 vel
786 2555 886 2602 ullo
919 2557 1049 2605 bono
1082 2563 1233 2621 poeta
1266 2558 1416 2606 scribi
1448 2557 1699 2621 potuerit,
1739 2573 1826 2606 an-

138 2635 386 2698 tiquorum
429 2632 711 2682 criticorum
758 2649 904 2683 nemo
954 2636 1215 2698 invenitur.
1282 2637 1337 2686 In
1369 2642 1540 2702 partes
1572 2637 1827 2702 Euripidis

136 2714 252 2764 nolo
295 2712 679 2778 Aristophanem
720 2717 919 2778 poetam
967 2731 1060 2779 pro
1107 2719 1238 2765 teste
1283 2715 1470 2778 citare,
1516 2732 1827 2780 quamquam,

136 2809 264 2859 quae
298 2795 378 2843 est
412 2793 520 2842 eius
553 2793 791 2844 abutendi
821 2794 1048 2844 versibus
1082 2796 1382 2861 tragicorum
1424 2796 1581 2859 ratio,
1628 2796 1825 2847 Achar-

135 2874 361 2925 nensium
395 2889 468 2924 vv.
503 2875 616 2923 281.
650 2875 781 2924 282:

467 2951 641 3020 βάλλε,
678 2953 852 3021 βάλλε,
887 2956 1062 3021 βάλλε,
1097 2957 1273 3025 βάλλε,

464 3036 588 3086 παῖε
618 3038 722 3095 πᾶς
753 3034 849 3088 τὸν
883 3038 1080 3104 μιαρόν

138 3130 199 3165 ex
244 3113 417 3165 Rheso
467 3115 536 3181 (v.
586 3119 686 3167 660
730 3117 896 3183 seqq.)
945 3120 1192 3187 depromti
1242 3136 1355 3172 esse
1401 3127 1627 3188 possunt.
1710 3121 1822 3171 Gri-

137 3195 224 3244 tici
265 3195 587 3246 Alexandrini
630 3199 797 3262 quanti
838 3199 938 3248 hoc
983 3202 1152 3251 drama
1191 3201 1434 3266 feceriut,
1490 3202 1607 3252 inde
1655 3206 1825 3267 potest

138 3276 404 3337 aestimari,
439 3278 571 3342 quod
604 3284 656 3327 et
686 3278 1003 3330 Aristarchus
1028 3284 1089 3335 ,et
1120 3281 1483 3342 Parmeniscus,
1515 3284 1648 3334 illius
1672 3282 1823 3332 disci-

138 3354 301 3420 pulus,
349 3358 716 3408 commentariis
762 3359 1131 3425 explicaverunt
1173 3362 1266 3428 (cf.
1311 3364 1470 3414 schol.
1513 3364 1579 3413 ad
1626 3378 1674 3412 v.
1708 3364 1820 3412 510.

139 3435 252 3483 515.
289 3434 428 3502 526.)
464 3441 517 3487 et
550 3437 920 3504 Dionysodorus
969 3441 1022 3491 in
1052 3442 1211 3502 libro,
1265 3460 1415 3509 quem
1459 3445 1524 3494 de
1569 3443 1822 3494 erroribus
