2144 3854
920 277 1040 336 1⁰5

137 421 199 478 ἐν
222 423 328 493 γὰρ
347 427 462 488 τοῖς
486 423 697 492 Κρησὶν
724 416 943 490 Ἴκαρον
970 424 1325 492 μονῳδοῦντα
1355 422 1580 493 ἐποίησε.
1608 451 1679 461 f—
1715 419 1827 476 Καὶ

136 506 194 560 οἱ
224 506 321 574 μὲν
354 507 427 568 εἰς
459 504 558 574 τὴν
593 502 803 572 Ἰκάρου
834 504 1110 572 μονῳδίαν
1154 503 1214 558 ἐν
1259 509 1372 568 τοῖς
1417 505 1615 575 Κρησί·
1661 508 1825 572 θρα-

137 588 439 656 σύτερον
485 587 615 657 γὰρ
663 587 860 639 δοκεῖ
908 581 1083 639 εἶναι
1123 586 1194 639 τὸ
1237 587 1623 653 πρόςωπον.
1690 589 1827 652 Quo-

135 672 286 722 modo
346 673 544 722 tandem
601 669 947 730 audacius,
1016 670 1114 719 nisi
1162 669 1271 728 iiie,
1327 674 1383 719 ut
1442 670 1607 720 Ovidii
1662 669 1828 719 verbis

138 757 263 813 utar,
303 753 507 820 magnis
549 749 746 800 excidit
780 751 957 799 ausis?
1023 751 1097 800 De
1141 750 1412 817 Pasiphaes
1458 757 1620 800 autem
1655 750 1831 816 prodi-

133 832 271 896 giosa
322 834 552 900 cupidine
611 831 826 895 apertius
883 831 1033 881 docet
1090 831 1324 881 Libanius
1380 828 1513 896 ὑπὲρ
1556 828 1830 896 ὀρχηστῶν

134 909 198 964 Τ.
233 913 318 962 ΠΙ.
348 930 396 980 p.
426 916 551 962 3⁷5:
597 907 733 976 λέγω
768 909 880 962 δεῖν
910 908 1001 963 καὶ
1032 940 1097 948 -—
1131 913 1435 963 κεκλεῖσθαι
1466 913 1580 972 τοῖς
1609 910 1830 976 ὐποκρι-

133 995 250 1054 ταῖς
283 993 344 1045 τὸ
391 990 653 1058 θέατρον,
707 990 797 1043 ἵνα
830 989 904 1060 μὴ
948 992 1223 1061 τραγῳδὸς
1254 991 1501 1054 εἰςελθὼν
1537 991 1833 1058 Πασιφάην

132 1074 412 1142 μιμήσεται
454 1073 575 1142 τὴν
617 1071 1064 1137 ἐξοκείλασαν
1107 1073 1205 1136 εἰς
1250 1074 1631 1127 ἀλλόκοτον
1681 1072 1832 1140 ἔρω-

133 1155 299 1221 τα*).
364 1157 484 1207 ltem
517 1158 566 1208 in
599 1157 727 1223 apol.
763 1157 954 1207 Socrat.
990 1174 1038 1223 p.
1073 1160 1186 1208 686.
1222 1157 1309 1222 (Τ.
1346 1157 1424 1207 111.
1460 1176 1512 1224 p.
1547 1147 1683 1221 64'.):
1735 1155 1834 1224 οὐχ

133 1235 291 1303 ὁρᾶτε
322 1236 417 1289 τὸν
451 1235 613 1289 Μίνω
648 1235 796 1290 δεινὰ
827 1237 1101 1306 πάσχοντα
1134 1234 1219 1289 ἐπὶ
1250 1241 1343 1307 τῆς
1375 1240 1575 1306 σκηνῆς
1607 1235 1697 1290 καὶ
1733 1236 1834 1306 τὴν

134 1317 312 1371 οἰκίαν
359 1317 529 1371 αὐτοῦ
573 1318 660 1371 διὰ
703 1323 805 1372 τοῦ
838 1323 933 1388 τῆς
967 1320 1255 1388 Πασιφάης
1287 1315 1484 1384 ἔρωτος
1517 1316 1575 1371 ἓν
1609 1319 1833 1388 αἰσχύνῃ

134 1398 523 1469 γεγενημένηνς
574 1405 745 1453 ταῦτα
778 1401 959 1468 μέντοι
990 1395 1222 1462 πολλοὺς
1255 1400 1324 1453 ἂν
1355 1400 1683 1466 ἀνθρώπους
1715 1398 1832 1454 ἔλα-

130 1485 249 1544 θεν,
274 1481 410 1551 εἰμὴ
426 1487 705 1550 πανταχοῦ
724 1483 820 1536 τὸν
840 1484 1005 1550 λόγον
1029 1483 1085 1535 αἱ
1099 1483 1389 1550 τραγῳδίαι
1414 1482 1715 1551 διέσπειραν
1727 1482 1832 1550 **).

266 1565 354 1615 Sic
400 1581 627 1615 caussam
672 1567 870 1629 quidem
914 1567 1083 1632 plures
1119 1568 1392 1631 scriptores
1426 1571 1835 1628 commemorant,

133 1650 366 1695 eventum
398 1653 564 1695 autem
586 1662 829 1709 casusque
845 1663 1166 1712 personarum
1197 1651 1396 1710 praeter
1426 1644 1660 1696 Malalam
1687 1662 1835 1696 nemo

135 1725 370 1776 ostendit.
441 1725 627 1775 Omnes
663 1727 812 1784 enim,
846 1726 1056 1776 aliorum
1090 1733 1348 1791 poetarum
1381 1727 1724 1776 auctoritatem
1754 1743 1835 1777 se·

135 1812 361 1872 quentes,
396 1805 669 1857 Daedalum
702 1808 750 1856 in
784 1807 974 1855 vincula
1008 1807 1283 1856 coniectum
1321 1823 1452 1869 esse,
1489 1807 1670 1856 deinde
1695 1806 1834 1875 Pasi-

132 1888 290 1954 phaes
341 1903 493 1952 opera
542 1887 807 1936 liberatum
854 1902 1041 1951 pennas
1089 1891 1139 1935 et
1185 1886 1279 1934 sibi
1329 1891 1382 1935 et
1414 1886 1519 1935 filio
1553 1903 1836 1938 accommo-

133 1969 310 2031 dasse,
357 1969 618 2033 ipsumque
653 1967 864 2016 salutem
898 1966 1135 2031 adeptum
1170 1982 1312 2028 esse,
1359 1966 1549 2016 Icarum
1583 1973 1749 2017 autem
1784 1969 1837 2020 in

133 2065 269 2099 mare
291 2049 549 2113 delapsum
574 2047 805 2096 interisse
835 2045 1079 2096 referunt.
1141 2045 1413 2112 Pasiphaes
1438 2052 1665 2113 stuprum
1691 2049 1837 2099 multi

132 2134 364 2180 auctores
415 2144 513 2179 non
549 2133 938 2178 commemorant
984 2132 1192 2188 tantum,
1230 2127 1319 2177 sed
1355 2128 1503 2177 etiam
1538 2129 1834 2194 explanant3

133 2211 226 2261 sed
259 2225 423 2271 nemo,
459 2208 593 2274 quod
628 2210 797 2269 sciam,
832 2209 1132 2258 mentionem
1165 2207 1288 2257 facit
1322 2208 1574 2273 supplicii.

270 2291 584 2342 Structuram
619 2289 902 2354 tragoediae
935 2290 984 2338 in
1028 2278 1164 2338 tanta
1210 2292 1263 2337 et
1312 2289 1641 2352 narrationis,
1685 2306 1834 2356 quam

133 2389 283 2439 supra
318 2373 600 2438 posuimuS,
648 2371 895 2420 brevitate
941 2375 992 2419 et
1035 2368 1422 2433 fragmentorum
1469 2372 1719 2434 paucitate
1753 2373 1838 2423 vix

135 2452 404 2520 suspicari,
450 2451 632 2501 nedum
685 2452 947 2516 explorare
987 2450 1123 2502 licet.
1191 2449 1266 2499 De
1312 2451 1538 2515 partibus
1574 2452 1681 2501 eius
1714 2453 1836 2517 quid

135 2532 461 2584 coniectando
486 2531 959 2597 interpretandoque
981 2523 1179 2595 assequi
1200 2531 1468 2595 possimus,
1504 2533 1835 2598 experiamur.

268 2613 382 2663 Non
414 2612 581 2678 potuit
613 2612 882 2676 Euripides
916 2615 1018 2660 tam
1052 2610 1205 2659 foedo
1243 2609 1463 2660 facinore
1489 2614 1728 2677 pollutam
1755 2614 1835 2664 fe-

133 2695 319 2746 minam
350 2694 399 2743 iu
435 2708 634 2742 scenam
667 2691 965 2757 producere5
1000 2690 1118 2754 quin
1152 2691 1522 2741 excusationem
1555 2693 1603 2741 ei
1635 2701 1838 2758 pararet

136 2793 276 2835 eam,
311 2790 406 2839 qua
429 2774 504 2822 uti
529 2773 692 2822 solent
726 2788 914 2832 omnes,
951 2772 1036 2835 qui
1070 2770 1217 2819 animi
1252 2773 1718 2835 perturbationibu8‚
1753 2792 1835 2825 ra-

135 2858 255 2908 tioni
288 2871 386 2906 non
410 2854 651 2914 obnoxiis,
685 2853 884 2918 impulsi
914 2851 1230 2901 committunt
1263 2867 1339 2909 ea,
1378 2867 1505 2916 quae
1526 2870 1643 2903 sana
1667 2859 1837 2907 mente

135 2938 380 2989 redeunte
411 2934 509 3000 ipsi
541 2933 979 2983 vehementissime
1007 2937 1308 2993 aversantur,
1345 2932 1551 2983 deorum
1574 2935 1752 2985 fraude
1779 2952 1836 2987 se

137 3019 377 3082 deceptos
427 3031 540 3065 esse
591 3016 829 3065 dicentes,
902 3014 1234 3076 Quamobrem
1267 3011 1518 3064 Venerem
1551 3016 1602 3065 in
1638 3032 1836 3068 scenam

136 3097 431 3166 productam
465 3112 579 3146 esse
612 3095 673 3145 ad
708 3094 1016 3162 prooemium
1050 3092 1313 3143 dicendum
1357 3095 1503 3160 plane
1549 3097 1673 3146 mihi
1722 3098 1837 3163 qui-

137 3180 255 3229 dem
287 3193 496 3228 necesse
530 3193 644 3226 esse
677 3177 901 3236 videtur,
951 3175 1158 3238 eiusque
1201 3177 1446 3240 prooemii
1488 3179 1744 3227 materiam
1787 3180 1836 3229 in

137 3259 220 3310 his
253 3258 437 3324 Hygini
469 3258 633 3308 verbis
669 3254 787 3324 (fab.
820 3254 926 3322 40.)
974 3256 1140 3306 inesse
1171 3261 1320 3320 puto:
1369 3256 1669 3324 ‚,Pasiphae‚
1704 3258 1835 3309 Solis

195 3412 248 3468 ¹⁸⁵)
276 3413 469 3457 Protulit
495 3413 617 3456 hunc
644 3416 795 3458 locum
824 3412 998 3458 Welck.
1029 3428 1075 3470 p.
1103 3412 1230 3458 1602.

168 3482 252 3540 *ἢ
280 3484 454 3529 Welck.
486 3499 530 3540 p.
556 3483 658 3529 803.
