2144 3854
162 431 356 492 Creon,
421 428 723 481 conscientia
768 427 959 487 fretus,
1009 442 1168 492 aequo
1215 427 1375 477 animo
1425 426 1599 477 tulisse
1645 426 1839 477 videtur

163 528 292 577 quae
324 511 376 562 in
407 510 597 560 recenti
628 510 775 558 animi
803 514 1000 558 tumore
1033 508 1209 557 mulier
1241 507 1619 558 criminabatur:

297 592 468 651 ἄλλως
499 606 554 641 τε
583 589 800 654 πάντων
832 586 1242 653 δυςμαχώτατον
1272 587 1431 654 γυνή.

274 663 409 722 Ἠοο
445 672 687 736 colloquio
721 669 877 727 finito,
914 669 1052 718 locus
1086 669 1239 717 fiebat
1272 670 1413 718 alteri
1447 668 1588 718 chori
1618 670 1838 721 carmini.

166 755 268 805 Aut
299 753 394 801 luis
429 753 636 819 gravitas
671 749 918 816 deplorari
954 753 1040 798 aut
1072 749 1258 797 Bacchi
1291 765 1372 798 res
1405 755 1574 815 gestae
1600 751 1844 810 celebrari

166 839 461 900 potuerunt:
505 847 711 897 quorum
758 837 1022 895 utrumque
1069 830 1130 877 fit
1161 830 1292 894 apud
1327 828 1584 879 Senecam.
1654 830 1846 881 Deinde

171 913 397 978 Oedipus
455 928 659 970 caecuS,
710 912 923 961 ducente
959 925 1054 959 uno
1106 910 1293 959 famulo
1329 909 1481 968 fideli,
1543 912 1591 959 in
1645 923 1845 963 scenam

168 994 405 1060 prodiens
429 1009 632 1044 uxorem
672 992 1006 1042 conveniebat.
1053 990 1172 1039 Post
1207 996 1377 1040 mutua
1403 990 1613 1040 lamenta
1656 990 1846 1042 Iocaste

166 1074 318 1123 fidem
354 1089 670 1137 amoremque
721 1073 866 1138 plane
914 1071 1211 1138 singularem
1264 1071 1572 1120 ostendendo
1616 1072 1847 1122 maritum

167 1154 449 1204 consolatur
483 1158 534 1203 et
566 1159 800 1217 quantum
854 1152 1054 1213 officio,
1101 1168 1250 1209 cura,
1302 1152 1540 1216 obsequio
1575 1158 1626 1202 et
1659 1153 1848 1218 pietate

167 1234 306 1286 effici
337 1235 512 1300 possit,
546 1250 745 1300 operam
781 1249 837 1283 se
869 1234 1096 1283 daturam
1129 1248 1244 1281 esse
1276 1232 1561 1298 pollicetur,
1607 1240 1662 1283 ut
1695 1233 1848 1283 detri-

167 1320 405 1376 mentum,
438 1314 568 1379 quod
603 1314 856 1364 oculorum
892 1314 1078 1363 lumine
1110 1313 1331 1379 privatus
1364 1313 1445 1375 sit,
1483 1319 1798 1380 compenset:

300 1387 408 1462 ἡδὺ
443 1393 509 1458 δ’,
542 1393 611 1462 ἢν
645 1393 814 1446 κακόν
844 1411 895 1446 τι
927 1391 1112 1460 πράξῃ,
1148 1392 1627 1457 συσκυθρωπάζειν
1658 1392 1806 1445 πόσει

301 1477 514 1542 ἄλοχον,
548 1472 606 1527 έν
638 1476 804 1547 κοινῷ
836 1492 891 1527 τε
923 1474 1092 1540 λύπης
1122 1472 1323 1542 ἡδονῆς
1353 1476 1398 1525 τ’
1433 1471 1568 1541 ἔχειν
1601 1471 1771 1541 μέρος.

301 1556 386 1609 σοὶ
421 1556 470 1609 δ’
506 1554 670 1623 ἔγωγε
702 1556 791 1609 καὶ
823 1560 1079 1609 νοσοῦντι
1111 1557 1434 1608 συννοσοῦσ’
1469 1554 1722 1622 ἀνέξομαι

302 1636 393 1689 καὶ
423 1638 606 1690 κακῶν
637 1638 747 1690 τῶν
780 1640 891 1690 σῶν
935 1635 1199 1701 συνοίσω,
1241 1636 1436 1690 κούδέν
1479 1635 1588 1690 ἐστί
1628 1655 1721 1704 μοι
1766 1653 1849 1690 πι-

1112 1719 1176 1770 ’ν.

308 1797 437 1864 μετὰ
471 1798 646 1865 φίλων
677 1797 780 1868 γὰρ
814 1737 1140 1868 εὐτυχεῖῖρῖε
1171 1799 1271 1868 χρὴ
1305 1799 1500 1868 φίλους
1529 1774 1620 1854 καὶ
1664 1800 1851 1864 δυςτυ-

306 1988 370 1998 -
504 1991 568 1998 --
699 1959 750 2013 τί
782 1959 885 2028 γὰρ
920 1961 987 2030 δὴ
1018 1898 1276 2029 ἔέωφίλον
1309 1963 1438 2014 ἄλλο
1471 1961 1611 2031 πλὴν
1641 1964 1759 2018 τόδε
1770 1985 1786 2027 3

305 2126 450 2173 πᾶσα
478 2120 584 2190 γὰρ
620 2121 784 2191 δούλῃ
817 2096 1056 2191 πέφυκεν
1088 2120 1287 2190 ἀνδρὸς
1319 2123 1356 2193 ἦ
1387 2124 1624 2193 σώφρων
1655 2127 1812 2195 γυνή,

305 2201 342 2270 ἦ
376 2201 434 2256 δὲ
467 2200 540 2271 μὴ
576 2204 811 2272 σώφρων
845 2204 1003 2275 άνοίᾳ
1033 2204 1129 2259 τὸν
1162 2206 1383 2270 ξυνόνθ’
1414 2206 1755 2275 ὑπερφρονεῖ.

311 2363 570 2429 οὐδεμίαν
601 2366 771 2434 ὤνησε
805 2367 998 2430 κάλλος
1029 2367 1102 2430 εἰς
1134 2369 1295 2422 πόσιν
1326 2368 1608 2436 ξυνάορον,

309 2442 467 2513 ἁρετὴ
503 2446 551 2498 δ’
587 2448 756 2514 ὤνησε
789 2449 1012 2511 πολλάς·
1046 2455 1189 2502 πᾶσα
1222 2449 1324 2519 γὰρ
1358 2451 1539 2519 ἀγαθὴ
1573 2454 1730 2523 γυνή,

306 2524 420 2594 ἥτις
453 2526 610 2594 άνδρὶ
644 2528 943 2595 συντέτηκε,
981 2536 1286 2597 σωφρονεῖν
1319 2530 1603 2585 ἐπίσταται.

309 2609 496 2674 πρῶτα
528 2608 626 2676 μὲν
657 2610 760 2678 γὰρ
793 2613 953 2663 ταῦθ’·
986 2610 1232 2681 ὑπάρχει·
1278 2613 1382 2667 κᾶν
1414 2616 1662 2681 ἄμορφος
1693 2606 1730 2684 ᾗ
1761 2618 1857 2670 πό-

1036 2705 1088 2746 σι

213 2822 218 2827 ,
309 2768 408 2837 χρὴ
443 2770 622 2824 δοκεῖν
655 2775 932 2841 εὔμορφον
963 2711 1199 2842 εἶναιῶτῇ
1233 2792 1292 2843 γε
1324 2778 1464 2828 νοῦν
1494 2776 1811 2845 κεκτημένῃ·

316 2851 384 2904 οὐ
416 2851 518 2921 γὰρ
551 2853 831 2922 ὀφθαλμὸς
864 2854 924 2908 τὸ
957 2856 1145 2922 κρῖνόν
1178 2853 1344 2921 ἐστιν,
1377 2857 1509 2910 ἀλλὰ
1540 2862 1673 2921 νοῦς
1707 2859 1830 2912 τόδε

312 3014 550 3083 εὐλογεῖν
582 3015 651 3079 δ’,
686 3015 815 3070 ὅταν
846 3035 898 3069 τι
929 3016 1065 3087 λέξῃ,
1098 3018 1196 3088 χρὴ
1230 3020 1426 3082 δοκεῖν,
1475 3019 1580 3073 κᾶν
1611 3022 1684 3090 μὴ
1716 3020 1860 3092 λέγῃ,

312 3095 601 3154 κάκπονεῖν
632 3099 701 3150 ἂν
731 3105 803 3166 τῷ
833 3099 1046 3163 ξυνόντι
1070 3101 1205 3167 πρὸς
1229 3103 1383 3170 χάριν
1413 3102 1572 3171 μέλλῃ
1607 3101 1778 3171 λέγειν
1791 3104 1860 3172 *).

183 3176 253 3226 Et
321 3180 639 3231 confirmatur
688 3183 850 3232 animo
911 3183 1213 3249 erigiturque
1273 3185 1499 3251 Oedipus
1558 3202 1861 3250 cognoscens

183 3272 400 3308 amorem
434 3260 647 3311 fidorum
680 3263 952 3314 amicorum
986 3265 1213 3316 omnibus
1247 3267 1425 3333 opibus
1452 3267 1860 3332 praestantiorem

185 3352 327 3387 esse:

240 3450 294 3505 *)
322 3451 506 3509 Fragm.
534 3455 619 3498 inc.
649 3455 746 3498 151.
779 3456 875 3501 152.
934 3459 1035 3502 Huc
1075 3459 1312 3506 referenda
1352 3474 1448 3505 esse
1491 3461 1695 3505 viderunt
1725 3461 1774 3504 C.
1805 3460 1857 3503 F.

323 3523 603 3569 nex-mannus
631 3531 675 3570 et
701 3528 980 3573 wolckerus.
