2144 3854
958 266 1080 324 235

175 434 270 470 nec
300 419 354 469 in
386 415 640 483 impeditis
675 431 734 466 ac
766 429 937 480 regum
969 413 1301 463 dominatione
1334 410 1575 462 devinctis
1597 411 1742 461 nasci
1766 427 1853 462 cu·

175 500 360 566 piditas
396 498 594 548 dicendi
627 497 783 546 solet:
817 495 952 560 pacis
987 499 1064 543 est
1098 508 1266 542 comes
1300 492 1489 556 otiique
1521 491 1658 541 socia
1679 497 1732 542 et
1757 493 1853 542 iam

177 580 306 630 bene
339 579 637 629 constitutae
667 575 874 625 civitatis
910 573 1050 638 quasi
1071 573 1264 621 alumna
1291 574 1530 637 quaedam
1558 573 1854 636 eloquentia.

178 658 349 725 ltaque
384 659 453 708 ait
482 656 806 715 Aristoteles,
852 670 963 703 cum
999 652 1204 701 sublatis
1234 653 1283 700 in
1317 650 1482 700 Sicilia
1515 653 1738 716 tyrannis
1771 668 1855 703 res

178 740 395 805 privatae
415 739 562 802 longo
584 735 838 785 intervallo
863 733 1060 782 iudiciis
1082 736 1446 796 repeterentur,
1482 737 1585 781 tum
1622 733 1855 797 primum,

177 818 310 883 quod
333 823 467 868 esset
490 821 634 866 acuta
655 816 738 864 illa
758 829 879 879 gens
897 820 948 862 et
962 812 1312 862 controversiis
1327 817 1454 872 nata,
1469 820 1626 862 artem
1641 818 1692 862 et
1703 831 1858 879 prae-

178 904 324 964 cepta
367 898 560 947 Siculos
610 895 847 945 Coracem
894 899 944 942 et
977 894 1165 943 Tisiam
1215 890 1626 956 conscripsisse.''
1692 892 1859 944 Verba

178 983 293 1028 sunt
333 977 588 1028 Ciceronis
631 977 684 1025 in
733 975 886 1023 Bruto
922 990 967 1023 c.
1005 975 1068 1021 11
1103 989 1225 1038 seq.‚
1261 973 1437 1036 quibus
1471 974 1624 1022 addas
1658 989 1764 1039 cap.
1796 977 1856 1024 8:

177 1058 344 1118 „Tum
389 1057 661 1107 Leontinus
721 1054 962 1120 Gorgia,
1023 1052 1428 1118 Thrasymachus
1479 1053 1860 1118 Chalcedonius,

177 1137 475 1200 Protagoras
509 1137 792 1194 Abderites,
829 1134 1069 1183 Prodicus
1098 1135 1246 1195 Ceus,
1280 1133 1490 1199 Hippias
1515 1133 1668 1183 Eleus
1692 1135 1741 1183 in
1765 1136 1859 1184 ho-

177 1233 300 1267 nore
349 1217 444 1266 fuit
477 1216 660 1280 aliique
694 1216 837 1265 multi
871 1215 1180 1280 temporibus
1214 1214 1404 1263 eisdem
1438 1215 1621 1264 docere
1654 1230 1711 1264 se
1742 1230 1861 1280 pro-

176 1297 460 1356 fitebantur,
493 1297 834 1360 arrogantibus
869 1311 987 1345 sane
1020 1296 1199 1355 verbis,
1237 1294 1654 1359 quemadmodum
1688 1311 1862 1345 caussa

177 1377 380 1428 inferior
411 1370 502 1443 (ita
536 1378 666 1426 enim
699 1378 1051 1442 loquebantur)
1098 1376 1307 1425 dicendo
1340 1376 1453 1425 fieri
1486 1375 1714 1442 superior
1746 1391 1862 1442 pos-

177 1463 256 1508 set
290 1453 410 1521 (τὸν
441 1455 579 1524 ἥττω
613 1456 779 1523 λόγον
811 1454 1025 1521 κρείττω
1069 1454 1323 1516 ποιεῖν).”

296 1540 506 1601 ¹Quanta
547 1539 803 1603 Euripidis
851 1543 1015 1587 aetate
1057 1538 1294 1587 mentium
1328 1551 1620 1599 morumque
1653 1537 1864 1588 mutatio

181 1618 442 1684 disciplina
469 1619 894 1683 philosophorum,
919 1619 1057 1668 cuius
1086 1617 1259 1682 optimi
1287 1617 1468 1682 quique
1494 1621 1545 1665 et
1568 1616 1865 1667 nobilissimi

181 1698 522 1748 adolescentes
556 1699 866 1763 cupidissimi
900 1704 1055 1761 erant,
1091 1698 1272 1747 effecta
1293 1696 1465 1756 fuerit,
1498 1699 1611 1746 cum
1640 1698 1864 1748 omnibus

181 1778 395 1836 fabulis,
431 1782 538 1827 tum
571 1778 814 1844 imprimis
847 1778 1070 1828 Nubibus
1105 1778 1464 1843 Aristophanes
1513 1777 1760 1836 ostendit,
1811 1779 1866 1828 in

183 1860 359 1924 quibus
392 1858 581 1908 induxit
613 1859 786 1908 rustici
820 1860 1076 1909 cuiusdam
1110 1859 1299 1918 filium,
1347 1857 1431 1921 qui
1476 1856 1710 1907 nobilium
1745 1860 1867 1909 ado-

181 1939 472 1988 lescentium
519 1954 686 1988 mores
746 1939 983 1988 imitando
1034 1954 1142 1988 rem
1192 1937 1488 1987 familiarem
1544 1937 1866 2003 perdidisset,

182 2035 385 2084 operam
421 2019 617 2068 dantem
653 2019 964 2085 philosophis
998 2019 1096 2068 hoc
1129 2019 1357 2083 consilio,
1391 2023 1462 2079 ut,
1509 2018 1741 2068 iniustam
1777 2020 1868 2070 do-

181 2104 292 2149 ctus
327 2100 627 2160 orationem,
662 2105 836 2163 posset
884 2100 963 2149 ius
1010 2104 1062 2148 et
1106 2099 1334 2149 iniuriam
1381 2098 1730 2148 confundendo
1762 2117 1870 2151 rem

178 2180 429 2246 perditam
460 2181 746 2230 restituere.
813 2180 914 2230 Hic
957 2180 1136 2244 igitur,
1188 2179 1251 2228 ad
1302 2179 1557 2229 Socratem
1607 2179 1870 2244 deductim,

179 2275 278 2310 nou
310 2261 470 2310 solum
504 2261 852 2310 astronomiam
888 2266 940 2310 et
974 2261 1315 2324 geometriam,
1350 2261 1440 2309 sed
1469 2260 1616 2309 etiam
1645 2260 1870 2312 dialecti-

182 2356 291 2390 cam
323 2347 473 2405 atque
505 2341 807 2390 rhetoricam
852 2342 956 2390 sive
991 2341 1268 2390 orationum
1303 2341 1613 2406 spinosarum
1650 2344 1871 2408 argutias

182 2419 384 2486 (λόγων
416 2419 655 2485 ἀκριβῶν
689 2419 1106 2487 σχινδαλάμους)
1153 2421 1379 2471 docetur.
1449 2421 1602 2471 Cuius
1646 2422 1870 2489 discipli-

183 2517 278 2551 nae
313 2500 504 2550 fructus
539 2517 729 2550 summa
765 2502 1043 2551 disserendi
1079 2501 1356 2565 agendique
1388 2501 1542 2551 libido
1577 2507 1673 2554 est.
1735 2503 1873 2553 Nihil

184 2582 317 2631 enim
351 2597 555 2642 eorum,
602 2584 727 2645 quae
776 2582 976 2646 publice
1012 2582 1197 2630 sancita
1231 2585 1376 2643 sunt,
1425 2598 1630 2644 verum,
1678 2589 1872 2634 certum

184 2663 484 2725 firmumque
519 2676 632 2709 esse
668 2661 879 2719 videtur,
915 2662 1006 2710 sed
1041 2677 1190 2724 quum
1227 2667 1278 2710 et
1311 2663 1450 2710 initio
1485 2662 1779 2712 disserendo
1799 2670 1874 2713 at-

185 2758 285 2808 que
330 2741 675 2807 persuadendo
731 2742 894 2790 omnia
940 2741 1165 2790 instituta
1208 2757 1321 2790 esse
1355 2742 1614 2792 videantur
1649 2748 1699 2791 et
1732 2749 1874 2808 post-

184 2822 387 2874 modum
434 2823 718 2887 opinionum
764 2822 1028 2872 tenacitate
1076 2827 1225 2886 atque
1274 2822 1635 2872 consuetudine
1689 2824 1877 2873 confir-

184 2909 333 2962 mata,
365 2918 518 2968 posse
552 2903 701 2952 etiam
737 2902 1032 2951 disserendo
1067 2901 1195 2959 tolli,
1230 2908 1465 2968 apparet3
1504 2903 1568 2953 cf.
1600 2919 1645 2953 v,
1681 2906 1844 2954 14212

319 2984 524 3034 οὔκουν
559 2980 695 3049 ἀνὴρ
731 2981 761 3034 ὁ
795 2981 890 3033 τὸν
914 2981 1085 3047 νόμον
1111 2979 1227 3043 θεὶς
1252 2986 1447 3034 τοῦτον
1469 2976 1539 3050 ἧν
1558 2983 1619 3034 τὸ
1644 2985 1874 3049 πρῶτον,

319 3059 488 3128 ὥςπερ
525 3056 592 3114 σὺ
626 3063 789 3128 κάγώ,
823 3060 912 3115 καὶ
946 3060 1116 3129 λέγων
1150 3061 1325 3115 ἔπειθε
1357 3058 1485 3125 τοὺς
1518 3065 1806 3127 παλαιούςς

321 3133 482 3210 ἧττον
514 3144 564 3195 τί
598 3144 711 3212 δῆτ’
749 3144 908 3208 ἔξεστι
941 3142 1101 3212 κάμοὶ
1134 3144 1323 3196 καινὸν
1359 3140 1427 3197 αὖ
1461 3142 1521 3198 τὸ
1556 3148 1746 3198 λοιπὸν

319 3227 498 3276 θεῖναι
530 3226 702 3291 νόμον
733 3230 846 3287 τοῖς
879 3225 1063 3288 υἱέσιν,
1097 3219 1223 3290 τοὺς
1255 3226 1485 3292 πατέρας
1512 3227 1846 3279 ἀντιτύπτειν
1853 3249 1875 3288 ,-

187 3303 306 3353 Inde
342 3322 453 3355 cum
488 3310 783 3358 auctoritate
821 3326 1013 3357 morum
1047 3325 1076 3357 a
1108 3285 1376 3358 ffiaifiribus
1412 3310 1707 3359 traditorum
1739 3327 1875 3358 cum-

191 3400 288 3447 que
322 3384 484 3449 legum
521 3390 782 3438 sanctitate
817 3390 962 3438 simul
998 3389 1203 3438 deorum
1251 3390 1508 3439 veneratio
1555 3389 1775 3450 tollitur,
1825 3396 1878 3439 et

190 3463 243 3513 in
277 3463 439 3516 locum
474 3469 754 3528 numinum,
802 3485 928 3533 quae
980 3469 1100 3519 colit
1133 3470 1329 3535 vulgus5
1361 3471 1458 3520 tria
1493 3470 1876 3532 substituuntur,
