2144 3854
931 251 1050 309 201

60 387 64 390 Δ
152 401 525 453 Mendicantem
559 399 775 466 produnt
805 399 1022 449 haecce:

282 483 407 548 νικᾷ
440 479 499 532 δὲ
530 478 677 548 χρεία
708 480 762 544 μ’
796 477 833 545 ἦ
864 477 1040 536 κακῶς
1072 476 1118 526 τ’
1153 473 1418 542 ὀλουμένη

282 561 500 630 γαστήρ,
537 560 632 626 ἀφ’
666 549 729 627 ἧς
764 557 831 625 δὴ
862 556 1038 609 πάντα
1070 555 1305 622 γίγνεται
1338 555 1475 608 κακά
1495 556 1565 623 *).

151 643 360 694 Perficit
392 644 611 704 tandem,
644 646 698 691 ut
730 641 896 704 regina
930 642 1181 689 evocetur.
1247 638 1394 699 Huic,
1430 637 1559 702 quod
1594 636 1700 686 eius
1724 636 1828 686 ani-

150 739 286 775 mum
321 729 525 790 propter
559 722 758 771 caedem
793 720 1078 786 Iphigeniae
1101 719 1363 768 alienatum
1380 718 1440 767 ab
1464 720 1828 781 Agamemnone

151 804 456 869 ducibusque
489 802 691 852 Achivis
726 817 840 850 esse
875 806 1262 850 consentaneum
1295 804 1402 860 est,
1436 799 1545 861 quis
1581 799 1672 857 sit,
1708 813 1827 862 ape-

150 884 252 932 rire
284 899 382 933 non
417 882 624 934 dubitat.
694 880 834 943 Quae
869 882 1032 930 statim
1070 881 1261 945 cognito
1282 879 1405 940 viro,
1428 879 1579 940 ‚cuius
1598 878 1828 926 virtutem

148 979 242 1029 per
275 979 444 1013 omnes
478 967 635 1012 terras
669 961 802 1010 fama
837 960 1191 1021 celebraverat,
1224 959 1563 1009 misericordia
1592 962 1829 1018 movetur,

151 1059 363 1108 eumque
397 1059 597 1093 servare
630 1047 778 1107 atque
811 1042 1042 1091 adiuvare
1076 1058 1167 1107 pro
1200 1040 1387 1090 viribus
1425 1039 1610 1090 statuit.
1678 1037 1829 1089 Tele-

149 1123 238 1188 phi
271 1125 419 1174 verba
452 1128 565 1172 sunt
599 1123 813 1172 haecce:

283 1201 328 1253 εἰ
362 1205 472 1263 τοῖς
497 1200 557 1253 έν
590 1201 720 1272 οἴκῳ
753 1201 1016 1270 χρήμασιν
1047 1200 1377 1268 λελείμμεθα,

280 1282 318 1351 ἦ
350 1282 398 1335 δ’
432 1282 667 1351 εὐγένεια
699 1282 789 1336 καὶ
820 1283 880 1335 τὸ
911 1286 1164 1351 γενναῖον
1196 1281 1338 1346 μένει
1360 1284 1458 1341 2‘2‘).

150 1365 339 1429 Quibus
374 1367 503 1416 addo
538 1382 663 1431 quae
698 1366 1056 1431 Aristophanes
1084 1364 1292 1414 Thesm.
1327 1364 1395 1428 (v.
1425 1362 1558 1431 179.)
1589 1361 1828 1413 inseruit:

280 1443 387 1511 ἐγὼ
421 1444 480 1497 δὲ
514 1445 720 1511 (καινῇ)
758 1444 1008 1514 ξυμφορᾷ
1039 1442 1400 1512 πεπληγμένος

285 1524 457 1594 ἱκέτης
489 1525 721 1594 ἀφῖγμαι
753 1526 886 1592 πρὸς
922 1525 1004 1578 σέ·

981 1609 1115 1670 „tofi
1146 1604 1327 1673 χρείαν
1360 1600 1555 1671 έ’χων;”

155 1687 581 1754 Clytaemnestrae
609 1692 725 1736 sunt
750 1688 961 1738 haecce:

286 1767 492 1832 „Nam
537 1769 594 1817 is
641 1767 895 1818 demum
938 1770 1139 1818 miser
1187 1774 1314 1827 est,
1373 1767 1563 1816 cuius
1597 1768 1829 1819 nobili-

987 1855 1091 1898 tas
1125 1848 1245 1897 mis
1258 1848 1438 1896 erius

290 1926 348 1976 N
360 1943 390 1976 ο
404 1927 434 1977 h
447 1928 470 1976 i
480 1929 500 1977 l
512 1929 533 1977 i
545 1934 568 1977 t
582 1945 614 1977 α
625 1928 681 1978 t''
707 1926 831 1991 ³²²²²²³¹‘).

152 2007 382 2073 Telepho
415 2014 620 2074 recepto
653 2012 801 2073 atque
836 2009 887 2057 in
920 2009 1070 2058 aedes
1096 2009 1265 2071 ducto,
1299 2009 1505 2058 chorum
1529 2009 1730 2073 prodire
1747 2027 1832 2060 ne-

152 2103 296 2138 cesse
328 2087 451 2148 fuit,
499 2090 580 2154 qui
624 2090 730 2139 sine
763 2089 914 2139 dubio
949 2091 1202 2139 constabat
1237 2105 1298 2138 ex
1334 2089 1518 2138 civibus
1553 2091 1746 2153 Argivis
1781 2098 1835 2141 et

153 2168 362 2218 canebat
396 2168 460 2218 de
493 2170 648 2234 priori
683 2170 994 2236 expeditione
1026 2170 1257 2234 turpique
1283 2170 1527 2220 exercitus
1556 2171 1735 2232 reditu,
1770 2171 1834 2222 de

153 2248 490 2300 immolatione
523 2249 824 2316 iphigeniae,
858 2250 992 2300 unde
1025 2256 1078 2299 et
1110 2266 1199 2299 rex
1229 2251 1277 2300 in
1312 2251 1477 2299 odium
1499 2252 1688 2300 venerit
1709 2268 1833 2301 uxo-

153 2329 222 2377 ris
258 2333 309 2378 et
342 2328 453 2378 odio
486 2330 673 2381 habere
718 2331 828 2396 ipse
875 2331 1156 2380 Menelaum
1206 2332 1451 2396 coeperit,
1505 2331 1568 2380 de
1612 2333 1833 2382 redinte-

156 2409 332 2475 grandi
363 2409 484 2459 belli
519 2411 815 2461 necessitate
848 2412 1010 2474 deque
1044 2412 1423 2475 Agamemnonis
1457 2413 1755 2477 poenitentia
1784 2420 1835 2464 et

156 2489 275 2538 belli
308 2487 474 2538 taedio
498 2489 660 2555 *⁴'‘'‘'‘).
728 2490 842 2539 Huc
877 2490 1097 2556 pertinet
1127 2492 1302 2557 fragm.
1339 2492 1460 2541 Attii
1493 2508 1540 2543 n.
1577 2495 1634 2541 1:

291 2615 392 2659 449.
423 2616 647 2660 invenitur
687 2613 860 2660 ἄπελθε
893 2615 1062 2659 λαΐνων
1098 2618 1335 2671 σταθμῶν,
1367 2620 1483 2673 quod
1511 2620 1733 2677 tragicum
1764 2621 1832 2663 di-

295 2691 418 2731 ctum
447 2691 491 2730 et
521 2688 700 2743 quidem
722 2686 947 2742 Euripidis
971 2701 1067 2729 esse
1096 2687 1206 2730 vidit
1226 2689 1384 2731 Bothe.
1441 2689 1602 2732 Nescio
1620 2704 1677 2732 an
1699 2690 1834 2733 etiam

295 2771 454 2801 versus
481 2757 579 2801 456.
607 2758 710 2801 inde
742 2759 904 2813 petitus
930 2757 1007 2799 sit:
1049 2757 1250 2815 λυπηρὸς
1285 2757 1381 2803 ἴσθ’
1413 2755 1476 2802 ὢν
1506 2757 1836 2819 κάποχώρησον

297 2827 471 2884 δόμων.
527 2827 597 2871 Cf.
620 2828 788 2885 fragm.
814 2827 856 2869 6.
876 2828 1040 2870 Matth.

227 2898 272 2954 *)
300 2899 487 2956 Fragm.
516 2899 603 2941 inc.
637 2899 791 2942 CLIX.
850 2897 918 2940 Cf.
948 2899 1120 2941 Welck.
1151 2914 1195 2954 p.
1223 2896 1322 2942 483.

215 2970 278 3025 ⁶¹¹)
307 2970 494 3026 Fragm.
524 2968 608 3011 inc.
637 2970 754 3012 LXI.
810 2970 879 3012 Ex
916 2970 1121 3024 Telepho
1160 2970 1346 3024 petitum
1375 2983 1475 3014 esse
1502 2971 1691 3016 ostendit
1718 2973 1837 3027 Attii,

301 3052 436 3095 qnam
464 3053 599 3095 supra
629 3039 870 3095 posuimus,
899 3038 1216 3094 interpretatio.

162 3110 272 3166 ***)
299 3110 410 3154 Attii
437 3109 604 3167 fragm.
635 3110 706 3152 12.

163 3181 278 3237 ****)
306 3180 357 3225 Si
386 3194 588 3236 usquam,
619 3182 706 3224 hoc
733 3183 833 3224 loco
864 3181 1235 3224 commemorandi
1263 3185 1390 3225 erant
1417 3183 1551 3226 duces
1575 3183 1753 3227 tesseris
1767 3186 1838 3227 lu·

298 3251 469 3294 dentes.
526 3252 704 3294 Atenim
732 3251 842 3294 nihil
871 3252 961 3294 tale
989 3250 1172 3294 infuisse
1206 3251 1254 3295 in
1271 3253 1476 3308 Telepho
1506 3253 1706 3297 scholion
1726 3254 1838 3297 illud

302 3321 449 3377 ipsum
472 3322 553 3376 (ad
578 3321 805 3377 Aristoph.
843 3323 959 3364 Ran.
985 3336 1029 3366 v.
1056 3319 1206 3378 14⁰⁰.)
1246 3323 1353 3366 satis
1389 3324 1626 3367 manifesto
1654 3325 1837 3367 demon-

302 3395 428 3504 ζει-οι.
484 3391 634 3438 Inanis
671 3392 791 3438 enim
828 3395 894 3436 est
921 3391 1002 3436 illa
1029 3392 1086 3437 de
1112 3390 1279 3451 duplici
1305 3394 1454 3451 operis
1481 3394 1739 3440 recensione
1766 3395 1840 3439 fa-

339 3462 428 3506 ula.
