2144 3854
1112 254 1235 312 28⁰

343 406 637 454 armaturam
668 399 945 449 accurrisse
975 400 1240 467 statimque
1273 401 1479 452 abiectis
1501 403 1719 456 vestibus
1747 409 2005 462 muliebri-

343 483 434 533 bus
468 496 604 531 arma
633 479 869 530 induisse.
937 479 1018 530 Sic
1050 482 1298 547 cognitum
1333 497 1445 532 esse
1479 483 1540 532 ab
1576 484 1791 550 Ulyssez

471 586 538 597 —
671 585 735 595 —-
865 586 931 596 —-
1059 559 1238 620 „Quid
1270 561 1495 611 haeres?

470 637 691 696 Scimus,
728 640 819 698 ait,
854 645 912 687 tu
943 641 1174 705 semiferi
1209 640 1438 691 Chironis
1474 643 1726 708 alumnus,

478 717 557 767 Tu
592 720 724 769 coeli
747 719 1027 786 pelagique
1060 728 1248 786 nepos”
1285 729 1377 770 etc.

341 795 454 846 Huc
486 798 630 848 traho
664 815 875 860 versum,
911 815 1058 863 quem
1088 800 1443 866 Aristophanes
1476 803 1526 852 in
1560 801 1712 854 Ranis
1734 803 1896 870 (840.)
1919 807 2005 860 de-

340 876 504 928 flexit:

471 954 680 1022 οἲληθές,
717 950 757 1009 ὦ
791 961 892 1010 παῖ
918 961 1010 1026 τῆς
1042 959 1332 1020 θαλασσίας
1364 963 1517 1012 θεοῦ.

343 1033 539 1087 Oblitus
572 1039 720 1102 igitur
752 1041 949 1100 amoris,
985 1039 1161 1088 oblitus
1189 1041 1527 1091 mandatorum
1551 1043 1738 1100 matris,
1775 1043 2007 1109 Ulyssem

342 1117 567 1180 sequitur
598 1118 659 1166 ad
694 1120 859 1168 socios
901 1121 1180 1168 ducentem.

472 1195 633 1247 Locus
669 1198 817 1247 fiebat
849 1199 1052 1247 carmini
1083 1197 1246 1247 tertio.
1312 1197 1511 1248 Interim
1545 1199 1798 1251 Deidamia
1829 1203 1879 1253 in
1898 1203 2008 1255 thn-

340 1274 471 1324 lamo
515 1292 570 1325 se
614 1278 867 1327 continens
913 1284 1096 1326 sortem
1143 1293 1278 1326 suam
1325 1277 1549 1343 deplorat
1590 1286 1688 1330 tam
1731 1283 2009 1335 vehementi

342 1352 531 1414 dolore,
567 1362 622 1405 ut
655 1357 894 1405 clamores
930 1374 958 1406 a
991 1344 1185 1405 theatro
1220 1357 1504 1408 audiantur:

471 1462 533 1472 -
602 1436 737 1496 „Ast
772 1437 880 1485 alia
910 1436 1194 1502 plangebat
1223 1442 1379 1502 parte
1410 1444 1630 1488 retectos

472 1513 756 1564 Deidamia
791 1515 983 1567 ‹1010ss

340 1592 511 1644 Prodit
545 1597 709 1645 nutrix
741 1597 881 1644 anxia
915 1599 1062 1660 atque
1096 1594 1336 1644 sollicita:
1381 1597 1442 1646 ad
1489 1613 1633 1661 quam
1681 1599 1847 1664 paullo
1893 1609 2011 1669 post

340 1689 428 1723 rex
460 1675 670 1734 accedit,
705 1691 1024 1740 caussamque
1057 1675 1371 1739 aegritudinis
1405 1676 1536 1726 filiae
1570 1679 1796 1742 quaerit:

1027 1754 1329 1806 ΤΡΟΦΟΣ.

469 1831 508 1900 ἦ
537 1835 663 1895 παῖς
690 1835 842 1886 νοσεῖ
869 1845 970 1886 σου
1002 1834 1393 1894 κᾶπικινδύνως
1425 1833 1539 1902 ἔχει.

928 1916 1421 1966 ΛΤΚΟΜΗΛΗΣ.

469 1992 603 2057 πρὸς
634 1996 762 2053 τοῦς
796 1991 873 2054 τίς
907 1993 1074 2061 αὐτὴν
1106 1993 1317 2061 πημονὴ
1353 1994 1666 2060 δαμάζεται,·

469 2072 586 2138 μῶν
618 2074 822 2139 κρυμὸς
856 2074 1019 2142 αὐτῆς
1050 2073 1252 2140 πλευρὰ
1283 2074 1535 2140 γυμνάζει
1567 2077 1750 2144 χολῆς;

472 2234 643 2298 ’ψῦχος
676 2232 733 2284 δὲ
762 2234 929 2302 λεπτῷ
962 2231 1122 2300 χρωτὶ
1153 2233 1556 2298 πολεμιώτατον.

342 2310 420 2361 Re
453 2313 650 2363 detecta
682 2330 769 2363 rex
815 2315 1013 2379 aliquod
1061 2314 1353 2380 supplicium
1398 2314 1647 2378 decernit,
1695 2315 2008 2370 dissuadente

340 2393 562 2442 nutrice:

473 2470 634 2537 σοφοὶ
668 2471 724 2524 δὲ
759 2471 1189 2539 συγκρύπτουσιν
1225 2471 1417 2532 οἰκείας
1449 2471 1679 2538 βλάβας·

342 2552 490 2602 Gravi
521 2570 748 2604 moerore
780 2554 1112 2619 Lycomedem
1146 2553 1378 2604 affectum
1413 2569 1526 2604 esse
1574 2555 1724 2604 verba
1774 2555 1899 2607 haec
1931 2562 2007 2608 te-

341 2638 556 2684 stantur:

471 2715 593 2776 φεῦ,
629 2712 735 2764 τῶν
769 2710 1025 2779 βροτείων
1058 2712 1129 2773 ὡς
1161 2712 1431 2777 ἀνώμαλοι
1462 2711 1643 2778 τύχαι·

471 2791 526 2844 οἱ
555 2791 651 2859 μὲν
683 2791 784 2860 γὰρ
819 2786 877 2844 εὖ
911 2794 1225 2858 πράσσουσι,
1258 2795 1369 2852 τοῖς
1403 2789 1461 2843 δὲ
1494 2789 1766 2858 συμφοραὶ

471 2873 693 2939 σκληραὶ
726 2873 968 2937 πάρεισιν
1001 2874 1312 2938 εὐσεβοῦσιν
1346 2872 1418 2932 εἰς
1450 2866 1615 2933 θεοὺς

469 2950 561 3003 καὶ
593 2953 744 3004 πάντ’
780 2954 1011 3020 ἀκριβῶς
1043 2952 1168 3007 κάπὶ
1203 2952 1507 3020 φροντίδων
1540 2951 1663 3018 βίον

470 3023 574 3082 σὺν
605 3034 678 3102 τῷ
714 3033 898 3101 δικαίῳ
935 3036 1092 3097 ζῶσιν
1125 3034 1375 3102 αἰσχύνης
1406 3035 1546 3097 ἄτερ.

467 3110 589 3161 Post
622 3121 844 3177 quartum
879 3117 1057 3165 deinde
1091 3132 1285 3165 carmen
1317 3114 1557 3164 Achillem
1578 3127 1691 3162 cum
1717 3110 1900 3177 Ulysse
1922 3129 2003 3164 re-

340 3204 538 3241 versum
572 3193 701 3256 regis
736 3194 855 3243 iram
892 3197 1093 3245 sedasse
1128 3196 1378 3261 suspicor=
1811 3196 1814 3197 ⁷

470 3269 603 3332 „Me
634 3271 747 3333 tibi,
784 3291 902 3323 care
931 3281 1086 3340 pater
1120 3274 1351 3339 (dubiam
1384 3272 1587 3322 dimitte
1618 3269 1893 3334 timorem),

473 3348 564 3399 Me
602 3349 775 3400 Thetis
810 3354 948 3403 alma
983 3353 1148 3404 dedit.
1219 3354 1291 3403 Te
1331 3351 1535 3420 pridem
1577 3355 1730 3401 tanta
1762 3351 2001 3403 manebat

474 3430 683 3493 Gloria3
715 3434 1005 3499 quaesitum
1037 3435 1239 3487 Danais
1271 3439 1331 3484 tu
1361 3433 1524 3484 mittis
1557 3431 1861 3486 Achillem-'⁹
1937 3444 1942 3448 “
