2176 3874
1142 287 1266 345 551(ss

358 443 437 488 est
468 442 767 503 pugnantem
811 435 1027 484 interfici
1046 473 1061 499 ‚
1104 436 1182 486 vel
1229 435 1295 485 de
1340 435 1499 486 salute
1542 436 1889 503 desperantem
1935 456 2055 506 per«-

359 518 640 567 turbatione
675 516 823 564 animi
852 516 914 564 ad
941 522 1152 566 mortem
1184 517 1277 566 sibi
1303 518 1707 566 consciscendam
1733 519 1888 586 adigi,
1922 521 2055 571 aliud

357 598 508 646 vitam
553 602 731 661 sponte
775 596 1011 658 abiicere,
1049 613 1161 646 cum
1201 598 1383 646 servari
1415 603 1466 645 te
1507 613 1658 662 posse
1684 613 1878 663 speres.
1927 599 2055 650 Nam

358 683 412 728 et
445 678 528 741 qui
559 677 609 724 in
646 676 849 740 proeliis
885 678 1181 726 occiduntur
1231 682 1282 726 et
1327 678 1411 742 qui
1458 677 1602 726 malis
1639 678 1962 730 circumventi
1995 696 2054 730 se

356 759 455 823 ipsi
489 757 808 818 interficiunt,
843 757 981 805 inviti
1017 759 1303 807 moriuntur.
1378 757 1470 806 Est
1505 763 1668 806 autem
1704 760 1884 810 horum
1920 760 2052 810 cala-

357 839 503 887 mitas
530 838 813 901 tragoediae
843 843 955 902 apta
988 843 1271 903 propterea,
1309 838 1440 902 quod
1470 840 1868 890 occumbentium
1897 841 2053 889 virtus

355 919 559 966 fortuna
593 919 824 982 superior
847 919 896 965 in
921 918 1210 967 reluctando
1239 919 1601 982 pugnandoque
1627 926 1853 984 apparet.
1921 919 2054 969 Con-

357 1004 435 1047 tra
469 999 553 1047 ubi
588 998 761 1061 aliquis
797 1014 888 1061 pro
924 999 1121 1046 victima
1158 999 1220 1046 ad
1254 1014 1388 1046 aram
1412 999 1731 1062 abstrahitur,
1765 999 1884 1049 huie
1903 1015 2052 1064 prae-

358 1084 437 1127 ter
463 1094 642 1143 preces
670 1083 721 1126 et
746 1079 975 1126 lacrimas
1000 1078 1139 1138 nihil,
1178 1094 1274 1142 quo
1299 1094 1472 1126 necem
1499 1085 1702 1141 avertat,
1726 1079 2050 1145 relinquitur3

359 1158 594 1207 virtutem
629 1159 723 1206 hac
761 1158 867 1205 sola
902 1157 1095 1205 ratione
1130 1163 1384 1223 praestare
1418 1163 1601 1223 potest,
1638 1161 1682 1207 si
1715 1165 1927 1210 mortem
1962 1159 2053 1209 de-

358 1239 576 1303 spiciens
613 1238 723 1302 ipse
760 1253 815 1285 se
834 1238 1074 1285 devoveat
1101 1238 1439 1301 immoletque,
1463 1244 1724 1303 antequam
1753 1241 2051 1293 immoletur.

356 1319 424 1367 Et
460 1318 610 1367 sentit
645 1318 792 1365 etiam
830 1317 1055 1376 Hecuba,
1093 1323 1274 1381 quanto
1297 1317 1430 1366 filiae
1455 1333 1566 1367 sors
1599 1335 1688 1368 sua
1719 1320 2053 1384 praestantior

355 1399 452 1461 sit,
488 1403 540 1446 et
577 1397 941 1462 quodammodo
977 1413 1160 1461 cogere
1195 1397 1462 1461 Ulyssem,
1510 1401 1569 1446 ut
1603 1414 1659 1448 se
1690 1415 1789 1449 una
1822 1399 1884 1448 ad
1918 1415 2051 1449 mor-

355 1485 458 1529 tem
494 1478 660 1539 ducat‚
698 1483 922 1526 conatur.
990 1477 1263 1541 Postquam
1297 1483 1463 1529 autem
1497 1478 1635 1542 virgo
1651 1479 2050 1542 generosissima,

353 1559 521 1608 valere
554 1558 689 1607 iussa
724 1562 883 1606 matre
918 1574 1031 1606 cum
1067 1574 1241 1606 sorore
1275 1563 1328 1607 et
1352 1557 1527 1619 fratre,
1563 1559 1647 1622 qui
1670 1559 1802 1623 apud
1826 1557 2051 1608 Thracas

355 1639 490 1688 solus
536 1644 792 1703 superstes
845 1654 958 1687 esse
1003 1638 1310 1703 putabatur,
1356 1653 1419 1687 ex
1460 1638 1699 1687 Hecubae
1744 1639 2051 1704 amplexibus

354 1719 505 1777 abiit,
550 1720 675 1767 haec
723 1718 989 1767 deficiente
1033 1719 1196 1767 animo
1243 1718 1382 1768 humi
1417 1719 1702 1784 procumbit
1733 1719 2053 1783 vestibusque

351 1800 571 1848 involuta
631 1800 784 1847 instar
846 1804 1073 1847 mortuae
1121 1814 1279 1863 usque
1324 1799 1388 1847 ad
1434 1800 1594 1848 nuntii
1640 1799 1858 1848 reditum
1901 1799 2049 1848 iacet.

355 1880 553 1928 Chorus
588 1895 749 1944 neque
785 1879 1016 1942 deplorat
1048 1880 1252 1945 virginis
1274 1884 1458 1927 sortem
1482 1895 1645 1943 neque
1672 1878 1872 1928 felicem
1904 1894 2052 1944 prae-

352 1961 515 2019 dicat,
562 1965 784 2008 ceterum
820 1959 1139 2007 calamitosae
1173 1959 1429 2007 servitutis
1471 1960 1766 2008 recordatus
1799 1975 1956 2025 seque
1987 1958 2052 2008 ad

354 2040 551 2089 servilia
585 2039 785 2103 negotia
820 2038 1048 2087 obeunda
1081 2039 1132 2086 in
1156 2039 1441 2102 peregrinas
1468 2038 1858 2102 longinquasque
1890 2045 2050 2089 terras

352 2119 574 2168 abstrahi
608 2132 936 2181 conquerenS‚
973 2117 1254 2166 communia
1289 2116 1416 2165 mala
1443 2117 1684 2166 Hecubae
1715 2118 1933 2182 propriis
1965 2134 2050 2167 ac-

353 2203 528 2248 censet
561 2195 632 2261 *).

486 2276 753 2341 Temporis
788 2276 1030 2341 spatium,
1079 2292 1175 2341 quo
1209 2276 1271 2326 ad
1306 2277 1668 2342 perficiendum
1700 2276 1750 2326 in
1782 2275 1937 2326 Troia
1968 2292 2050 2328 sa-

353 2358 595 2407 crificium
631 2372 755 2421 opus
793 2362 928 2417 erat,
977 2357 1156 2404 callide
1190 2373 1217 2404 a
1253 2362 1428 2420 poeta,
1472 2356 1660 2406 nullam
1691 2357 1884 2407 itineris
1915 2358 2052 2407 navi-

352 2437 668 2504 gationisque
713 2437 1016 2484 mentionem
1065 2436 1311 2498 faciente,
1361 2437 1549 2485 celatur
1593 2434 1694 2503 **).
1763 2437 2051 2488 Atridarum
2133 2447 2139 2453 ’

355 2521 523 2566 autem
557 2516 800 2566 beneficio
821 2514 1140 2579 Talthybius,
1174 2517 1258 2581 qui
1289 2521 1345 2565 ut
1380 2533 1562 2581 praeco
1593 2517 1893 2566 sacrificanti
1913 2516 2050 2567 Neo-

352 2597 575 2661 ptolemo
605 2595 815 2656 adstitit,
847 2597 910 2644 ad
928 2595 1191 2644 Hecubam
1220 2597 1571 2646 arcessendam
1594 2598 1821 2659 mittitur,
1837 2601 1894 2647 ut
1915 2596 2050 2646 filiae

352 2691 535 2741 corpus
570 2677 676 2741 ipsa
712 2676 938 2741 sepeliat.
1007 2677 1105 2738 Qui
1139 2676 1223 2726 ubi
1257 2677 1514 2741 conspexit
1546 2677 1804 2726 Hecubam
1838 2692 2049 2739 servam,
2123 2737 2125 2739 ι

352 2772 531 2818 anum,
577 2758 778 2816 orbam,
814 2756 952 2805 humi
982 2757 1227 2805 iacentem
1247 2794 1262 2818 ‚
1313 2757 1522 2821 pulvere
1554 2758 1888 2820 inquinatam,
1921 2772 2050 2820 quae

351 2836 503 2885 modo
536 2835 722 2884 Priami
769 2837 947 2885 coniux
983 2842 1135 2900 atque
1179 2836 1527 2901 opulentorum
1573 2835 1830 2903 Phrygum
1876 2837 2048 2902 regina

350 2916 465 2978 fuit,
499 2916 826 2965 vehementer
858 2921 1196 2966 commovetur
1226 2921 1414 2966 tantam
1447 2916 1681 2966 fortunae
1702 2917 2047 2967 commutatio-

407 3050 458 3104 ’ἢ
489 3049 645 3093 Schol.
679 3050 736 3091 ad
765 3064 810 3092 v.
841 3046 953 3091 441:
995 3049 1081 3092 τοῦ
1107 3044 1363 3100 Ὀδυσσέως
1400 3047 1621 3106 λαβόντος
1661 3048 1751 3106 τὴν
1780 3046 2046 3107 Πολυξένην

493 3118 574 3163 καὶ
604 3115 919 3177 ἀπερχομένου
956 3116 1253 3163 &vani-aista:
1283 3117 1430 3174 αὐτὴν
1461 3118 1486 3163 ὁ
1514 3116 1650 3176 χορὸς
1679 3119 1759 3164 διὰ
1787 3118 1839 3163 τό
1870 3116 2046 3177 ἄδηλον

493 3187 574 3233 καὶ
602 3187 656 3232 τὸ
687 3187 749 3246 μὴ
783 3187 979 3245 εἰδέναι,
1010 3191 1056 3233 τί
1083 3189 1234 3246 μέλλει
1263 3193 1440 3234 παθεῖν
1467 3185 1586 3246 αὕτη
1616 3190 1785 3246 (scribe
1815 3187 1938 3247 av’tn'
1967 3193 2044 3235 vel

494 3255 679 3314 αὐτός).

378 3331 458 3387 964)
485 3330 638 3386 Digna.
665 3333 767 3372 sunt
796 3328 981 3385 cognitu
1013 3343 1127 3383 quae
1159 3331 1215 3373 de
1243 3331 1334 3373 hac
1362 3344 1412 3373 re
1431 3329 1691 3373 Sommerus
1717 3329 1938 3388 disseruit,
1967 3331 2045 3387 qui

491 3399 672 3455 quidem
699 3403 821 3442 recte
849 3398 1109 3441 uuiversum
1137 3414 1282 3455 paene
1312 3401 1557 3446 exercitum
1585 3401 1644 3444 ad
1672 3414 1806 3446 sacra
1834 3402 2043 3448 facienda

487 3470 678 3514 Tmiam
705 3470 875 3514 redisse
902 3469 1132 3513 iudicavit.
