2144 3854
1146 277 1224 333 22

485 425 625 476 Haec
659 421 914 472 verissime
956 420 1222 487 Euripidea
1260 400 1400 489 esse,
1448 420 1753 473 Eteoclis-et
1785 422 2031 485 creontis,

357 504 489 571 quod
545 507 626 553 est
671 503 721 552 in
767 500 1082 563 Phoenissis,
1151 501 1449 565 colloquium
1501 517 1612 551 cum
1660 501 1720 551 iis
1769 502 2031 555 conferens
2127 527 2131 528 ⁷

357 598 641 650 cognosces,
706 580 895 630 Eadem
931 597 991 630 ex
1024 581 1173 631 animi
1208 581 1409 631 humani
1455 586 1631 632 natur'a
1677 583 1835 648 petita
1878 587 1928 633 et
1970 583 2032 633 ad

355 662 635 729 exemplum
667 661 888 711 veritatis
921 677 1156 726 expressa
1192 676 1305 710 esse
1336 661 1581 726 intelliges
1614 666 1851 727 reputans
1890 663 2032 725 illud,

355 741 487 807 quod
536 742 795 792 verissime
843 741 966 790 dixit
1011 741 1233 803 Aenea,
1286 757 1383 792 non
1430 742 1592 792 omnia
1640 758 1812 792 omnes
1861 757 2028 807 posse,

355 821 443 872 sed
476 821 626 872 alium
659 822 768 871 aliis
803 821 1064 872 virtutibus
1098 821 1311 886 pollere,
1364 827 1416 871 et
1448 823 1585 885 fere,
1636 823 1721 888 qui
1755 823 1915 872 fortes
1949 838 2031 872 es-

355 906 465 952 sent
513 903 761 963 manibrm,
824 904 983 952 minus
1031 902 1250 951 tribuere
1300 902 1523 955 consilio.
1601 902 1715 952 Hoc
1759 902 1890 952 euim
1939 902 2036 951 cri-

353 981 486 1032 mine
530 986 580 1032 et
629 982 848 1033 Achilles
896 986 949 1031 et
994 983 1116 1033 Aiax
1161 985 1214 1030 et
1258 981 1450 1031 Hector
1501 987 1552 1032 et
1599 982 1712 1032 fere
1758 983 2038 1047 quicunque

357 1061 578 1111 robustis
613 1068 728 1112 sunt
759 1064 945 1112 viribus
979 1066 1222 1123 tenentur,
1259 1067 1310 1111 et
1341 1062 1624 1112 necessario
1659 1063 1879 1126 quidem,
1913 1077 2037 1126 quo-

352 1141 483 1192 niam
518 1143 695 1206 quibus
731 1142 941 1207 quisque
977 1143 1113 1194 bonis
1149 1141 1415 1208 plurimum
1450 1141 1637 1207 pollet,
1679 1142 1757 1191 his
1803 1141 2034 1203 maxime,

352 1222 589 1288 neglectis
637 1223 919 1288 spretisque
965 1222 1200 1286 reliquis,
1253 1222 1474 1271 confidit.
1557 1222 1635 1272 Ne
1682 1225 1848 1272 tamen
1890 1221 2037 1286 plane

353 1303 706 1362 „temerarium
752 1307 805 1351 et
851 1303 1217 1369 magniloquum
1265 1299 1610 1352 Thrasonem”
1659 1302 1931 1353 Hectorem
1973 1299 2036 1352 ab

353 1380 595 1447 Euripide
630 1382 817 1431 factum
851 1397 965 1431 esse
998 1398 1207 1449 arguere
1241 1383 1434 1446 possiS,
1476 1387 1800 1448 prospectum
1835 1387 1916 1432 est
1949 1383 2038 1433 ob·
2073 1415 2077 1418 -

353 1461 553 1525 sequio,
599 1478 695 1526 quo
740 1462 1064 1528 prudentiore
1099 1463 1303 1512 consilia
1334 1461 1550 1511 admittit
1584 1467 1636 1511 et
1670 1461 1886 1512 salubria
1921 1477 2036 1513 sua-

353 1540 492 1590 denti
535 1543 694 1590 amico
737 1543 897 1604 cedit,
946 1542 1076 1592 unde
1120 1544 1258 1593 illum
1306 1543 1463 1607 magis
1499 1541 1770 1607 cupiditate
1803 1541 1953 1592 animi
1986 1546 2040 1590 et

352 1621 610 1685 repentino
659 1627 879 1683 tumore,
927 1638 1072 1686 quam
1108 1623 1340 1672 tarditate
1372 1622 1552 1685 ingenii
1585 1637 1780 1670 errasse
1814 1626 2037 1686 apparet.

353 1699 530 1764 Neque
562 1702 841 1766 vituperare
873 1702 1162 1768 Euripidem
1197 1703 1384 1767 poteris
1402 1738 1417 1764 ,
1455 1702 1572 1765 quin
1605 1700 1830 1750 eiusdem
1866 1699 2040 1765 culpae

356 1779 632 1830 Homerum
666 1797 898 1843 accuses,
935 1781 1075 1831 cuius
1109 1782 1192 1831 ille
1227 1799 1385 1848 paene
1418 1781 1607 1846 singula
1641 1780 1791 1830 verba
1820 1780 2039 1829 imitatus

355 1863 462 1920 est3
513 1860 580 1908 cf.
614 1859 668 1908 ll.
701 1862 758 1918 θ,
794 1863 1106 1923 497-541;
1143 1878 1197 1926 μ,
1231 1863 1533 1911 230—250.
1599 1861 1789 1910 Eadem
1833 1861 2040 1909 imitatio

355 1939 598 2004 colloquio
632 1941 776 2002 inest,
812 1957 908 2005 quo
944 1938 1102 1990 Dolon
1137 1957 1192 1990 se
1224 1941 1586 2006 speculatorem
1623 1941 1773 1989 offert
1807 1944 1860 1988 et
1892 1956 2038 2005 prae·

353 2019 504 2068 mium
537 2021 759 2085 suscepti
791 2021 1001 2086 periculi
1035 2022 1254 2086 postulat
1286 2022 1410 2082 tale,
1448 2019 1580 2085 quali
1614 2019 1882 2070 insolentia
1910 2017 2040 2068 Tro-

351 2099 573 2150 ianorum
606 2100 1008 2151 manifestissime
1042 2098 1353 2162 declaretur3
1390 2101 1455 2149 cf.
1484 2101 1536 2152 ll.
1565 2117 1615 2162 κ,
1647 2102 1951 2149 303-332.
1988 2103 2041 2148 et

353 2181 652 2229 390—405.
722 2181 834 2231 Non
879 2180 1015 2229 auxit
1059 2182 1326 2230 vanitatem
1362 2180 1565 2230 Dolonis
1600 2179 1897 2246 EuripideS‚
1947 2175 2039 2228 sed

353 2260 507 2323 magis
542 2260 854 2325 conspicuam
890 2260 1107 2310 reddidit
1142 2263 1471 2325 comparando
1500 2263 1596 2311 hoc
1625 2259 1895 2326 praemium
1925 2274 2038 2308 cum

354 2339 671 2403 amplitudine
707 2357 877 2389 eorum
912 2341 1267 2406 praemiorum,
1306 2357 1429 2405 quae
1462 2341 1531 2389 illi
1566 2339 1865 2405 postposuit.
1934 2336 2038 2389 Ne-

354 2435 451 2482 que
485 2418 617 2467 enim
652 2420 920 2479 honorem,
968 2435 1132 2482 neque
1167 2420 1391 2480 divitias,
1439 2436 1565 2483 quae
1608 2435 1690 2468 res
1727 2434 1915 2467 summa
1949 2433 2038 2466 cu-

351 2497 559 2562 piditate
603 2516 633 2546 a
676 2498 928 2563 plerisque
973 2498 1302 2558 affectantur,
1356 2514 1413 2546 ac
1459 2515 1522 2548 ne
1571 2513 1789 2546 summos
1839 2495 2038 2562 quidem

356 2575 661 2626 Graecorum
696 2578 849 2626 duces
882 2578 932 2626 in
966 2577 1257 2624 servitutem
1291 2577 1519 2641 accipere
1548 2578 1670 2626 tanti
1697 2576 1836 2638 facit,
1873 2575 2038 2639 quanti

352 2671 506 2719 equos
559 2656 764 2705 Achillis
810 2656 1116 2704 immortales
1169 2662 1316 2718 atque
1365 2673 1427 2704 ex
1474 2656 1832 2706 immortalibus
1876 2659 2038 2712 natos,

353 2751 475 2801 quos
519 2735 784 2801 Neptunus
829 2736 1072 2799 quondam
1107 2734 1260 2783 Peleo
1296 2735 1526 2797 donavit,
1578 2737 1629 2785 in
1661 2735 1861 2782 domum
1897 2748 2036 2782 suam

353 2815 614 2866 deducere.
681 2815 821 2864 Haec
856 2820 910 2864 ut
943 2814 1200 2863 ambitiose
1233 2815 1564 2880 postulantur,
1605 2815 1673 2863 ita
1708 2812 2035 2875 confidenter,

353 2896 492 2958 quasi
524 2896 621 2944 iam
657 2901 797 2960 capta
817 2931 830 2955 ,
866 2895 1251 2961 promittuntur3
1301 2910 1464 2958 neque
1497 2894 1658 2943 minus
1693 2898 2036 2943 asseveranter

354 2975 502 3023 etiam
537 2975 734 3028 felicem
771 2974 1125 3039 speculationis
1161 2978 1386 3023 eventum
1421 2974 1515 3022 sibi
1548 2974 1660 3040 ipse
1695 2973 1854 3024 Dolon
1887 2989 2032 3040 prae-

353 3054 487 3106 dicit.
555 3054 756 3103 Leniter
783 3059 1012 3118 tecteque
1039 3055 1291 3103 consilium
1319 3054 1533 3102 hominis
1559 3055 1803 3119 improbat
1826 3053 2032 3103 chorus:

354 3133 477 3183 satis
513 3134 727 3199 amplum
762 3134 1035 3198 praemium
1070 3135 1361 3183 affinitatem
1397 3150 1566 3198 regum
1611 3134 1832 3184 futuram
1859 3132 2034 3182 *fuisse

354 3218 540 3275 censet,
581 3230 741 3278 neque
774 3218 877 3262 rata
909 3214 1021 3262 fore
1052 3215 1312 3279 promissa,
1345 3214 1442 3262 nisi
1474 3214 1602 3263 Iovis
1630 3213 1822 3262 Iustitia
1856 3211 2032 3262 suffra-

352 3296 512 3357 getur.
583 3292 779 3358 Operae
829 3295 1042 3358 pretium
1090 3298 1168 3342 est
1219 3309 1518 3357 cognoscere
1562 3293 1812 3344 inventum
1851 3306 2029 3342 novum

352 3377 500 3438 atque
544 3372 842 3436 inauditum,
889 3389 986 3437 quo
1031 3373 1192 3422 fretus
1238 3372 1399 3423 Dolon
1447 3390 1501 3423 se
1546 3389 1643 3423 non
1676 3373 1836 3423 solum
1869 3372 2030 3436 ipsum

353 3453 537 3505 salvum
587 3453 860 3504 rediturum
907 3469 1045 3513 esse,
1093 3454 1182 3502 sed
1233 3452 1379 3503 etiam
1427 3452 1626 3512 Ulyssis
1657 3457 1743 3503 aut
1775 3450 2029 3503 Diomedis
