2144 3854
957 259 1080 316 3⁰9

170 414 278 470 rat,
330 411 383 457 et
414 405 676 470 magnifice
714 420 1034 470 quaecunque
1067 406 1129 454 ad
1162 404 1398 456 honorem
1433 407 1701 457 defunctae
1733 422 1848 472 per-

170 489 411 549 tinebant,
443 488 539 536 iam
569 493 828 551 antequam
851 486 1024 543 abiret,
1060 486 1355 550 praestituta
1389 493 1541 537 erant.
1609 487 1664 537 Id
1698 503 1849 538 unum

171 568 442 619 curandum
478 566 573 616 fuit
605 572 802 631 poetae,
835 581 899 613 ne
931 570 1071 614 tanta
1105 565 1251 613 animi
1270 567 1603 630 magnitudine
1628 572 1852 633 spectata

171 649 235 700 ad
269 649 456 698 minora
489 647 771 710 levioraque
804 644 1183 708 contemplanda
1217 646 1464 694 theatrum
1492 649 1855 711 traduceretur,

171 730 263 778 sed
297 733 707 792 proponerentur,
742 725 786 772 si
819 740 920 773 non
952 724 1152 785 maiora,
1189 732 1326 773 certe
1359 726 1520 789 paria:
1555 727 1707 791 idque
1738 729 1853 778 feli·

171 808 373 857 cissime
405 808 608 855 vitatum
662 821 774 855 esse
817 810 1035 869 apparet.
1106 804 1173 854 Et
1215 806 1427 869 primum
1473 807 1669 869 quidem
1704 809 1855 874 virgi-

171 889 248 937 nis
295 886 633 936 admirabilem
668 885 903 934 virtutem
939 885 1073 934 senis
1109 885 1335 949 sequitur
1368 901 1544 934 novum
1579 890 1856 950 consilium,

172 983 271 1032 quo
306 966 412 1015 solo
447 967 645 1015 videtur
692 971 742 1014 et
776 965 996 1014 dolorem
1030 966 1228 1015 vincere
1261 971 1315 1014 et
1347 960 1537 1029 pudore
1574 967 1771 1017 liberari
1803 974 1858 1018 et

173 1048 362 1098 crimen
395 1047 662 1112 impietatis
696 1046 849 1093 vitare
883 1062 1047 1111 posse.
1115 1045 1249 1095 Mori
1293 1045 1428 1108 cupit
1475 1061 1635 1108 neque
1683 1065 1739 1097 se
1774 1064 1857 1097 su-

170 1128 432 1194 perstitem
479 1143 592 1175 esse
637 1126 825 1191 patitur
870 1127 958 1187 iis,
1005 1142 1214 1190 quorum
1266 1126 1412 1175 saluti
1445 1126 1588 1175 unice
1620 1126 1769 1176 vitam
1806 1133 1860 1177 et

172 1208 392 1258 studium
438 1207 755 1256 consecravit.
832 1206 1004 1270 Itaque
1049 1207 1234 1270 virgine
1290 1221 1384 1271 pro
1437 1206 1600 1254 hostia
1647 1207 1862 1259 abducta

170 1288 386 1338 animum
421 1287 717 1352 despondit3
764 1286 897 1335 idem
946 1287 1172 1336 veniente
1220 1287 1358 1351 Hylli
1395 1285 1577 1333 famulo
1611 1292 1664 1335 et
1697 1289 1860 1336 nunti-

173 1374 291 1418 ante
335 1383 564 1432 magnum
616 1367 675 1414 ab
714 1383 774 1415 eo
809 1368 1078 1416 exercitum
1114 1368 1379 1417 adductum
1417 1372 1568 1431 atque
1599 1367 1650 1413 in
1684 1366 1861 1416 dextro

174 1448 301 1498 aciei
335 1464 490 1498 cornu
523 1449 816 1497 instructum
854 1464 996 1507 esse,
1046 1449 1468 1514 opportunitatem
1516 1447 1610 1495 sibi
1645 1447 1750 1495 dari
1786 1448 1861 1496 in-

174 1529 355 1593 telligit
387 1545 483 1578 non
517 1528 690 1593 ignava
724 1534 899 1587 morte,
952 1528 1039 1577 sed
1077 1529 1285 1577 honesta
1319 1535 1372 1577 et
1405 1528 1619 1593 gloriosa
1653 1529 1862 1577 animam

175 1625 268 1675 pro
304 1608 538 1657 Herculis
562 1608 734 1656 liberis
759 1608 1106 1674 profundendi.
1176 1608 1276 1658 Sed
1302 1608 1434 1657 enim
1462 1609 1546 1665 dii,
1581 1608 1725 1657 unius
1750 1608 1860 1658 Ma-

178 1689 342 1738 cariae
387 1694 550 1738 morte
584 1689 821 1749 contenti,
868 1705 964 1737 non
1000 1689 1253 1738 interitum
1297 1690 1429 1749 huic,
1465 1688 1554 1737 sed
1587 1688 1863 1753 praemium

175 1768 378 1835 pietatis
411 1784 588 1817 novum
625 1777 773 1833 atque
809 1770 1097 1818 admirabile
1130 1771 1510 1818 destinaverunt.
1593 1769 1763 1833 ltaque
1811 1768 1862 1817 in

176 1849 422 1914 proelium
458 1850 716 1914 profectus
752 1866 905 1898 senex
939 1851 1258 1916 decrepitus,
1311 1851 1392 1914 qui
1425 1851 1504 1898 vix
1538 1866 1593 1898 se
1627 1864 1862 1912 armaque

176 1929 424 1978 sustinere
470 1936 663 1994 potest,
719 1931 940 1993 corporis
986 1931 1323 1980 infirmitatem
1373 1931 1520 1978 animi
1566 1928 1864 1979 fortitudine

175 2009 328 2058 vincit
361 2014 414 2057 et
445 2009 496 2057 in
530 2009 670 2073 Hyni
704 2025 899 2058 currum
934 2011 1175 2068 sublatus,
1214 2011 1431 2075 receptis
1467 2011 1651 2059 viribus
1673 2009 1862 2058 iuveni-

173 2089 331 2150 libus,
366 2089 700 2154 Eurystheum
736 2090 1010 2154 fugientem
1049 2092 1368 2155 consequitur
1414 2096 1466 2140 et
1500 2091 1603 2140 suis
1639 2089 1863 2139 manibus

172 2170 306 2235 capit
338 2170 601 2233 vincitque.
667 2171 722 2220 In
756 2171 852 2219 hoc
885 2171 1118 2235 fingendo
1154 2178 1204 2220 et
1240 2171 1403 2220 famae
1436 2171 1649 2234 vulgaris
1675 2174 1725 2219 et
1745 2168 1864 2218 Pin-

171 2250 281 2299 dari
312 2251 656 2299 auctoritatem
690 2258 890 2299 secutus
927 2257 1005 2300 est
1038 2259 1209 2300 noster
1239 2251 1309 2317 ²⁸¹),
1359 2258 1412 2300 et
1445 2250 1743 2316 temperavit
1775 2249 1865 2309 sic,

172 2336 242 2392 nt,
279 2345 428 2392 quum
463 2330 526 2378 sit
561 2336 731 2378 contra
764 2337 1018 2392 naturam,
1075 2340 1238 2381 tamen
1271 2338 1478 2381 naturae
1509 2333 1698 2397 optime
1747 2345 1864 2378 con-

174 2415 460 2458 sentaneum
509 2425 623 2457 esse
669 2409 892 2459 videatur
917 2408 1016 2474 **).
1096 2411 1285 2462 Verum
1332 2413 1457 2461 haec
1502 2412 1551 2472 in
1597 2407 1866 2475 posteriori

175 2495 289 2538 actu
323 2494 634 2552 exponuntur
682 2488 864 2553 (neque
909 2492 1038 2539 enim
1087 2493 1218 2540 redit
1263 2492 1313 2540 in
1349 2507 1545 2540 scenam
1580 2490 1742 2537 Iolaus
1776 2504 1865 2536 ne-

177 2585 275 2632 que
323 2569 372 2616 in
419 2568 721 2616 iuventutem
775 2570 1032 2618 restitutus
1083 2579 1416 2635 spectatorum
1453 2570 1609 2619 oculis
1645 2569 1867 2617 ostendi-

175 2646 312 2712 tur):
348 2648 443 2696 hoc
478 2655 590 2696 actu
615 2648 954 2712 significantur
979 2656 1163 2698 tantum
1191 2667 1315 2714 quae
1341 2650 1511 2699 futura
1540 2654 1671 2699 sunt.
1707 2647 1869 2696 Tanta

176 2730 308 2778 enim
344 2728 684 2787 animositate,
720 2733 858 2775 tanto
894 2730 1038 2777 animi
1070 2729 1241 2795 vigore
1272 2735 1482 2794 repente
1515 2729 1753 2794 impletur
1786 2727 1867 2776 Io-

175 2809 284 2857 laus
337 2807 516 2856 dcmtis
563 2824 623 2856 ex
668 2809 860 2872 pariete
903 2810 1077 2874 templi
1118 2810 1298 2870 armiS,
1344 2826 1470 2874 quae
1504 2816 1638 2857 stans
1672 2809 1724 2858 in
1758 2807 1869 2856 acie

175 2889 441 2938 induturus
478 2892 585 2945 est,
636 2895 695 2937 ut
745 2889 882 2937 illum
935 2898 1104 2939 natura
1157 2907 1246 2939 sua
1281 2892 1588 2955 superiorem
1625 2889 1736 2937 fore
1767 2888 1868 2937 iam

177 2986 307 3019 nunc
342 2970 642 3028 divinemus;
692 2976 823 3018 tanta
870 2970 1124 3018 alacritate
1160 2971 1401 3018 excitatur
1445 2970 1772 3018 reminiscens
1797 2969 1866 3016 vi·

179 3051 367 3100 ctoriae
401 3051 646 3113 quondam
683 3067 793 3098 cum
832 3050 1052 3099 Hercule
1088 3051 1149 3099 (le
1198 3049 1457 3116 Spartanis
1486 3051 1868 3114 Eurystlieoque

178 3137 479 3194 reportatae,
515 3135 572 3178 ut
606 3136 908 3194 potestatem
944 3131 1076 3180 hunc
1109 3131 1308 3181 infestis
1346 3131 1497 3181 armis
1538 3131 1741 3194 petendi
1774 3131 1867 3178 ite-

178 3226 290 3260 rum
325 3211 371 3258 ei
405 3210 511 3258 dari
546 3219 789 3273 optemuS.

238 3323 454 3379 *)2Pyth.
484 3324 563 3376 lx,
593 3324 663 3366 81.
723 3324 791 3366 Cf.
822 3323 1000 3379 Pflugk.
1043 3325 1234 3379 praefat.
1278 3327 1463 3370 Heracl.
1509 3339 1552 3381 p.
1594 3322 1637 3367 7.
1670 3324 1729 3367 ad
1759 3324 1869 3367 Plu-

325 3394 470 3436 tarch.
496 3395 595 3438 adv.
629 3394 803 3438 Stoicos
832 3410 875 3449 p.
904 3393 1032 3436 1057.
1062 3397 1114 3439 Ε.

214 3462 298 3518 *ἢ
331 3463 401 3508 cf.
430 3464 604 3511 Welck.
634 3481 679 3521 p.
708 3465 807 3510 711.
838 3469 884 3508 et
910 3463 1037 3508 1597.
