2176 3874
1141 283 1263 341 502

339 484 344 494 ,
363 437 506 493 vent,
556 445 700 497 quam
735 430 974 479 imitando
1018 429 1397 494 repraesentati.
1463 429 1641 496 Neque
1673 431 1800 480 baec
1831 431 2043 483 imitatio

362 511 621 576 quominus
667 510 866 558 veritati
911 509 1237 574 respondeat,
1284 510 1327 558 si
1361 509 1510 558 modo
1557 511 1632 574 is,
1676 511 1761 576 qui
1806 511 2044 572 imitatur,

364 606 572 657 corpore
603 590 898 654 ingenioque
923 588 984 636 ad
1007 589 1295 639 imitandum
1333 590 1510 638 idoneo
1542 591 1624 651 sit,
1659 590 1920 656 quicquam
1955 593 2044 643 ob-

364 676 475 720 stat.
546 669 951 718 Perturbationes
985 670 1146 727 enim,
1191 671 1400 719 affectus
1437 677 1489 719 et
1522 670 1721 720 dolores
1754 672 2044 736 corporibus

361 749 634 814 animisque
668 765 858 805 eorum,
894 748 978 811 qui
1010 751 1260 814 patiuntur
1287 751 1364 799 vel
1390 751 1488 814 pati
1515 750 1757 812 videntur,
1791 752 2045 801 contineu-

361 835 471 887 tur,
517 845 679 893 neque
714 844 775 876 ex
807 827 1027 876 locorum
1063 830 1233 894 spatiis
1276 830 1356 878 vel
1387 836 1667 896 temporum
1702 830 2045 897 opportunita-

361 909 497 959 tibus
530 910 608 958 vel
643 907 896 956 hominum
931 910 1391 974 congregationibus
1414 911 1491 959 vel
1524 927 1693 960 rerum
1725 911 2045 961 facultatibus

360 989 476 1054 ipsi,
512 989 602 1038 sed
637 991 826 1038 tantum
863 1002 1067 1036 caussae
1101 1004 1271 1039 eorum
1305 991 1538 1054 pendent,
1576 1006 1702 1055 quae
1735 991 1934 1055 quidem
1970 990 2046 1040 fa-

364 1068 460 1118 cile
495 1067 853 1130 commodeque
886 1074 1095 1132 possunt
1141 1069 1394 1134 colloquiis
1441 1070 1843 1135 orationibusque
1886 1070 2047 1136 expli-

362 1148 479 1198 cari.
549 1148 617 1198 Et
652 1146 887 1212 quicquid
909 1148 1040 1196 inter
1058 1149 1362 1213 tragoediam
1388 1154 1540 1214 atque
1575 1151 1866 1215 epopoeiam
1890 1151 2046 1200 inter-

362 1228 497 1278 cedit
544 1226 871 1287 discriminiS‚
918 1242 979 1274 ex
1028 1227 1235 1277 actionis
1282 1234 1335 1278 et
1381 1231 1668 1279 narrationis
1713 1230 1909 1280 diversa
1955 1246 2046 1279 ua·

359 1313 473 1356 tura
505 1307 718 1371 pendet3
755 1305 1015 1356 consilium
1047 1313 1212 1356 autem
1242 1314 1292 1357 et
1323 1308 1437 1358 finis
1479 1311 1678 1374 utrique
1706 1310 1879 1375 generi
1911 1309 2047 1358 idem

360 1387 643 1451 propositus
686 1391 790 1436 est:
840 1392 1103 1450 utrumque
1148 1388 1275 1437 enim
1327 1388 1579 1438 hominum
1622 1389 1803 1438 viribus
1836 1388 2048 1438 virtute-

360 1481 458 1529 que
490 1467 849 1531 praestantium
898 1483 1009 1516 cum
1068 1466 1297 1516 fortunae
1353 1468 1609 1532 iniquitate
1657 1467 2046 1517 conflictantium

359 1545 495 1595 facta
529 1546 633 1609 vult
667 1562 911 1611 casusque
944 1547 1224 1610 exprimere
1259 1549 1338 1596 vel
1370 1564 1535 1597 rerum
1572 1548 1896 1596 humanarum
1928 1561 2049 1595 cou-

360 1624 597 1675 ditionem
632 1626 904 1675 illustribus
950 1627 1191 1689 exemplis
1240 1627 1303 1676 ob
1349 1629 1522 1676 oculos
1556 1627 1734 1692 positis
1768 1625 2049 1674 ostendere.

358 1704 547 1755 Rerum
596 1707 746 1771 igitur
792 1707 1162 1770 amplitudinem
1210 1713 1260 1755 et
1306 1723 1630 1772 personarum
1675 1706 1962 1772 dignitatem
1997 1709 2052 1753 et

361 1786 679 1834 consiliorum
714 1786 968 1834 audaciam
1015 1793 1065 1832 et
1110 1785 1356 1836 factorum
1390 1787 1772 1851 magnitudinem
1822 1791 1877 1836 et
1926 1783 2050 1834 affe-

361 1869 530 1913 ctuum
566 1865 665 1914 vim
701 1871 751 1915 et
783 1865 1015 1914 fortunae
1048 1865 1357 1916 insolentiam
1382 1867 1590 1915 eandem
1619 1863 1873 1930 tragoedia
1903 1869 2053 1927 atque

362 1944 607 2008 epopoeia
623 1946 867 2009 sequitur,
894 1945 1165 1994 mediocria
1181 1951 1369 2004 autem,
1396 1946 1635 2011 vulgaria,
1668 1944 1891 2005 humilia,
1923 1943 2052 1993 levia

361 2030 667 2089 aspernatur.
739 2024 840 2073 Sed
874 2025 925 2072 in
958 2024 1151 2072 ratione
1185 2026 1427 2074 tractandi
1453 2026 1662 2074 multum
1692 2026 1822 2073 inter
1855 2039 1912 2073 se
1945 2023 2052 2072 dis·
2141 2074 2146 2078 ,

362 2110 584 2168 crepant.
654 2103 780 2152 Nam
813 2102 1030 2167 primum
1065 2118 1214 2165 quum
1240 2120 1365 2167 quae
1391 2110 1648 2153 narrantur
1663 2102 1893 2153 absoluta
1915 2117 2050 2159 esse,

362 2199 489 2246 quae
533 2187 743 2247 aguntur
792 2181 905 2230 fieri
951 2182 1279 2231 cummaxime
1326 2184 1607 2250 fingantur,
1670 2198 1921 2248 quumque
1965 2182 2049 2230 illa

362 2261 559 2326 pridem
595 2262 658 2310 ad
692 2261 843 2310 finem
868 2261 1186 2324 quietemque
1211 2265 1515 2326 pervenisse,
1549 2263 1675 2312 haec
1709 2262 1913 2320 moveri,
1945 2261 2049 2311 fer·-

361 2355 481 2390 vere
516 2348 567 2390 et
601 2342 740 2406 quasi
775 2342 985 2404 quodam
1021 2341 1224 2389 flumine
1258 2342 1453 2391 devolvi
1487 2343 1776 2391 videantur:
1810 2342 2053 2391 narratori

362 2423 465 2471 sive
513 2421 763 2486 rhapsodo
814 2420 972 2469 libero
1020 2420 1182 2468 animo
1216 2436 1298 2470 res
1332 2422 1614 2487 propositas
1650 2422 1900 2487 explicare
1933 2420 2054 2472 licet

363 2505 414 2549 et
447 2507 679 2564 tanquam
725 2500 1041 2564 quiescentes
1077 2518 1106 2549 a
1140 2516 1433 2566 quacunque
1483 2501 1620 2550 lubet
1653 2506 1797 2567 parte
1830 2501 1969 2550 adire
2001 2506 2053 2550 et

361 2581 510 2629 modo
555 2581 764 2630 incitare
807 2596 1012 2646 gressus
1058 2581 1206 2629 modo
1250 2581 1535 2641 retardare,
1583 2586 1636 2630 et
1680 2597 1943 2631 recurrere
1986 2581 2051 2630 ad

361 2661 526 2724 priora
574 2666 624 2710 et
670 2660 903 2727 supplere
949 2661 1128 2709 omissa
1175 2666 1227 2709 et
1271 2662 1481 2726 pleniori
1528 2677 1694 2710 rerum
1740 2660 2051 2726 explicationi
2110 2673 2114 2689 ⁴

361 2740 615 2789 immorari
663 2739 732 2804 *).
813 2741 1005 2790 Deinde
1054 2737 1232 2789 ἀοιδοὶ
1276 2741 1348 2788 illi
1405 2741 1716 2805 epulantibus
1775 2742 2051 2800 narrabant,

362 2821 448 2884 qui
480 2837 578 2870 non
612 2822 673 2870 ad
708 2821 805 2869 hoc
852 2821 1015 2886 ipsum
1051 2821 1422 2880 convenissent,
1473 2825 1528 2869 ut
1562 2821 1774 2869 carmina
1805 2820 2049 2879 audirent,

364 2904 417 2949 et
450 2917 628 2966 parvos
665 2900 878 2950 circulos
912 2900 1166 2950 hominum
1201 2901 1473 2950 otiosorum
1507 2900 1557 2949 in
1582 2916 1753 2964 regum
1779 2899 1903 2949 aulis
1931 2914 2049 2948 con-

362 2986 595 3045 gregatos
629 2982 784 3045 magis
812 2980 1066 3030 delectare
1098 2997 1245 3044 quam
1272 2995 1582 3029 commovere
1604 2981 1884 3030 studebant.
1918 2977 2050 3026 Con-

362 3066 441 3109 tra
475 3066 672 3110 actores
707 3060 786 3108 vel
821 3060 959 3108 mimi
1005 3076 1154 3123 quum
1203 3077 1284 3109 res
1319 3065 1549 3125 tanquam
1584 3064 1872 3124 praesentes
1903 3061 2051 3121 agant

365 3144 417 3188 et
450 3156 574 3204 quae
608 3142 860 3188 imitantur
891 3140 992 3204 ipsi
1027 3140 1131 3204 pati
1159 3140 1436 3198 videantur,
1471 3155 1568 3189 non
1591 3143 1800 3203 possunt
1819 3143 2048 3205 tanquam

364 3220 511 3269 otiosi
543 3222 708 3286 vagari
738 3235 900 3283 neque
934 3220 1240 3284 exponendis
1273 3222 1424 3270 rebus
1456 3219 1520 3268 ad
1550 3219 1822 3268 animorum
1846 3231 2048 3266 suorum

366 3315 512 3350 sensa
547 3300 668 3348 nihil
701 3300 1061 3365 pertinentibus
1098 3315 1303 3364 operam
1338 3301 1471 3349 dare.
1536 3298 1760 3362 Denique
1805 3295 2049 3348 narrando

423 3466 476 3520 *)
510 3466 580 3509 Cf.
612 3466 829 3510 Schilleri
857 3470 902 3510 et
930 3466 1113 3510 Goethii
1142 3465 1270 3522 epist.
1300 3479 1342 3508 n.
1372 3462 1470 3506 395.
1503 3467 1548 3506 et
1574 3461 1673 3506 396.
