2176 3874
838 265 964 325 545

182 416 509 470 oraculorum
546 415 842 465 auctoritate
885 412 1038 463 fidem
1086 412 1334 464 firmatam
1381 429 1497 465 esse
1541 421 1602 466 ex
1642 416 1746 468 fra-

46 504 249 568 gmento
286 514 376 555 eo,
425 496 557 561 quod
593 495 904 546 Schneidew.
942 494 1084 543 Coni.
1122 496 1251 545 critt.
1285 513 1338 562 p.
1374 497 1488 546 108.
1525 499 1747 564 protulit,

46 579 214 643 colligi
245 582 448 643 potest:

184 655 319 709 εἰσὶν
353 655 486 723 γάρ,
521 653 619 706 εἶσὶ
655 652 914 722 διφθέραι
946 653 1339 719 μελαγγραφεῖς

178 740 394 790 πολλῶν
425 735 687 804 γέμουσαι
723 734 922 798 Λοξίου
958 735 1360 801 μαντευμάτων.

48 819 264 871 Videtur
295 821 447 886 igitur
482 820 652 883 specie
683 814 1056 885 χρησμολόγον
1093 832 1150 864 se
1185 815 1439 881 Thyestes
1470 819 1626 869 Atreo
1657 822 1746 870 ob-

46 901 242 951 tuiisse.
310 901 436 950 Eius
467 901 617 949 verba
653 904 912 948 servantur
946 898 1158 945 haecce:

179 980 389 1045 „Nam
421 998 562 1030 eum
595 979 701 1029 uti
742 977 1012 1028 credam
1050 992 1129 1025 ea·
1161 982 1275 1025 tuo
1313 993 1459 1027 esse
1495 996 1746 1031 conce-

975 1064 1160 1124 ptum
1194 1063 1378 1115 satu,

180 1141 307 1193 Sat
344 1144 760 1207 argumenta
794 1138 1124 1205 redigunt
1163 1139 1452 1189 animum
1489 1146 1551 1189 et
1589 1157 1748 1191 com-

985 1216 1300 1268 movent.''

44 1303 119 1354 Ea
153 1306 445 1369 argumenta
478 1301 530 1350 in
565 1300 783 1349 vestibus
818 1298 1088 1348 Plisthenis
1121 1304 1321 1364 reperta
1349 1317 1464 1350 esse
1491 1301 1747 1352 videntur:

177 1382 384 1446 „Eius
429 1381 791 1448 serpentis,
822 1396 1140 1448 squamae
1195 1381 1521 1448 squalido
1583 1400 1749 1433 auro

983 1467 1226 1510 textae
1272 1467 1336 1510 et
1379 1465 1748 1530 purpurat?

43 1545 231 1596 Atreus
263 1546 429 1591 autem
465 1542 633 1606 agnito
666 1545 972 1605 receptoque
1009 1541 1141 1603 filio,
1188 1546 1246 1592 ut
1288 1543 1626 1607 grandaevae,
1670 1562 1748 1596 re—

41 1641 191 1691 gnum
224 1623 381 1673 tradit
414 1639 526 1670 cum
560 1621 703 1670 hisce
737 1622 1050 1686 praeceptis:

178 1701 333 1770 δήμῳ
368 1699 427 1754 δὲ
462 1700 591 1768 μήτε
625 1705 734 1752 πάν
767 1699 1071 1768 άναρτήσῃς
1103 1700 1299 1766 κράτος

177 1775 292 1851 μήτ’
331 1776 402 1834 αὖ
436 1782 714 1849 κακώσῃς,
750 1783 988 1832 πλοῦτον
1021 1778 1238 1848 ἔντιμον
1269 1781 1454 1847 τιθείς,

177 1857 305 1934 μηδ’
337 1863 515 1930 ἄνδρα
550 1863 701 1930 δήμῳ
734 1863 923 1914 πιστὸν
956 1859 1183 1932 ἐκβάλῃς
1215 1861 1360 1926 ποτέ,

175 1942 302 2013 μηδ’
341 1939 466 2008 αὗξε
499 1948 699 2010 καιροῦ
732 1945 939 2010 μεῖζον·
978 1944 1046 1995 οὐ
1079 1944 1183 2010 γὰρ
1220 1943 1472 2010 άσφαλές,

175 2027 251 2094 μή
285 2037 373 2078 σοι
405 2026 674 2090 τύραννος
707 2025 947 2090 λαμπρὸς
983 2023 1036 2088 ἐξ
1071 2025 1244 2077 αὐτοῦ
1280 2031 1453 2093 φανῇ·

174 2106 350 2158 κώλυε
384 2102 435 2158 δ’
471 2106 646 2171 ἄνδρα
679 2105 828 2170 παρὰ
865 2106 1020 2171 δίκην
1054 2106 1384 2170 τιμώμενον·

176 2187 326 2239 πόλει
358 2187 463 2254 γὰρ
498 2187 847 2254 εὐτυχοῦντες
882 2186 938 2238 οἱ
967 2184 1127 2237 κακοὶ
1158 2186 1337 2247 νόσος.

173 2267 478 2328 Festorum,
514 2269 876 2317 sacrificiorum
912 2270 1272 2333 epularumque
1307 2278 1599 2334 apparatuS,
1636 2269 1747 2332 qui-

44 2347 141 2397 bus
189 2348 373 2397 Atreus
427 2348 563 2397 diem
612 2348 943 2397 laetissimum
990 2348 1343 2397 celebrandum
1379 2351 1599 2412 curavit,
1652 2349 1750 2398 hoc

45 2434 127 2478 est
157 2427 427 2478 indicium:

178 2509 568 2574 μηλοσφαγεῖτε
602 2504 878 2571 δαιμόνων
913 2497 987 2557 ἐπ’
1029 2504 1289 2574 ἐσχάραις.

43 2589 270 2640 Eandem
306 2590 542 2639 laetitiam
581 2589 763 2637 chorus
798 2587 1040 2638 describit
1073 2589 1216 2640 hisce
1250 2588 1445 2639 verbis:

175 2662 349 2730 πολὺς
382 2667 440 2721 δὲ
472 2667 759 2733 κοσσάβων
793 2660 1050 2734 α’ραγμός,

181 2750 463 2816 Κύπριδος
496 2747 780 2816 προςῳδὸν

178 2830 298 2898 ἀχεῖ
328 2830 486 2897 μέλος
519 2828 577 2882 ἐν
614 2830 878 2895 δόμοισιν.

178 2911 233 2962 ln
265 2913 360 2962 huc
394 2914 505 2979 ipsa
540 2914 787 2963 festorum
837 2910 1026 2960 laetitia
1066 2912 1309 2976 impetum
1345 2926 1374 2959 a
1409 2908 1662 2958 Plisthene
1698 2908 1746 2957 in

43 2992 254 3042 Atreum
289 2992 482 3042 factum
519 3010 632 3043 esse
666 2991 936 3058 putandum
973 2997 1068 3043 est.
1137 2991 1216 3039 Ex
1258 2989 1572 3040 consessione
1611 2988 1747 3038 iilius

21 3073 340 3138 'decerptum
378 3090 491 3122 esse
524 3078 692 3136 potest
724 3072 1056 3138 fragmentum
1094 3072 1218 3121 satis
1253 3073 1522 3122 obscurum

178 3151 603 3214 „Stimulove
639 3169 748 3203 cor
783 3150 1034 3202 meum-’³

47 3229 214 3293 Quum
259 3233 443 3284 Atreus
490 3233 770 3299 Thyestem
816 3247 914 3281 non
959 3232 1154 3296 ipsum,
1209 3232 1298 3282 sed
1335 3237 1525 3282 tentum
1564 3230 1746 3279 liberos

46 3310 159 3360 eius
190 3311 547 3376 interfecisset,
581 3315 766 3364 iniuste
801 3312 895 3363 sibi
929 3318 1142 3362 mortem
1178 3313 1239 3362 ab
1273 3314 1409 3363 illius
1445 3311 1551 3360 filio
1586 3313 1746 3361 inten-

44 3395 202 3440 tatam
237 3407 352 3441 esse
385 3394 741 3443 arbitrabatur:

185 3469 253 3523 οὐ
285 3467 383 3523 τὸν
415 3471 513 3523 σὸν
546 3471 704 3526 ἔκταν
739 3471 942 3538 πατέρα
957 3511 972 3537 ‚
1006 3469 1264 3539 πολέμιόν
1296 3488 1356 3539 γε
1391 3470 1513 3538 μήν.

1349 3557 1413 3603 35
