<?xml version="1.0" encoding="UTF-8"?>
<!DOCTYPE html PUBLIC "-//W3C//DTD XHTML 1.0 Transitional//EN"
    "http://www.w3.org/TR/xhtml1/DTD/xhtml1-transitional.dtd">
<html xmlns="http://www.w3.org/1999/xhtml" xml:lang="en" lang="en">
 <head>
  <title>
</title>
<meta http-equiv="Content-Type" content="text/html;charset=utf-8" />
  <meta name='ocr-system' content='tesseract 3.04.00' />
  <meta name='ocr-capabilities' content='ocr_page ocr_carea ocr_par ocr_line ocrx_word'/>
</head>
<body>
  <div class='ocr_page' id='page_1' title='image "./euripidesrestitu01hartuoft_0254.png"; bbox 0 0 2144 3854; ppageno 0'>
   <div class='ocr_carea' id='block_1_1' title="bbox 1101 288 1222 344">
    <p class='ocr_par' dir='ltr' id='par_1_1' title="bbox 1101 288 1222 344">
     <span class='ocr_line' id='line_1_1' title="bbox 1101 288 1222 344; baseline 0 0"><span class='ocrx_word' id='word_1_1' title='bbox 1101 288 1222 344; x_wconf 80' lang='lat'><strong>236</strong></span> 
     </span>
    </p>
   </div>
   <div class='ocr_carea' id='block_1_2' title="bbox 303 435 1983 3544">
    <p class='ocr_par' dir='ltr' id='par_1_2' title="bbox 303 435 1983 3544">
     <span class='ocr_line' id='line_1_2' title="bbox 319 435 1979 498; baseline -0.001 -7"><span class='ocrx_word' id='word_1_2' title='bbox 319 439 551 491; x_wconf 79' lang='lat' dir='ltr'><strong>aether</strong></span> <span class='ocrx_word' id='word_1_3' title='bbox 592 435 697 484; x_wconf 84' lang='lat' dir='ltr'><strong>sive</strong></span> <span class='ocrx_word' id='word_1_4' title='bbox 744 448 829 482; x_wconf 88' lang='lat' dir='ltr'><strong>aer</strong></span> <span class='ocrx_word' id='word_1_5' title='bbox 876 449 986 483; x_wconf 90' lang='lat' dir='ltr'><strong>cum</strong></span> <span class='ocrx_word' id='word_1_6' title='bbox 1031 436 1269 496; x_wconf 81' lang='lat' dir='ltr'><strong>nubibus,</strong></span> <span class='ocrx_word' id='word_1_7' title='bbox 1317 435 1399 498; x_wconf 88' lang='lat' dir='ltr'><strong>qui</strong></span> <span class='ocrx_word' id='word_1_8' title='bbox 1447 436 1734 486; x_wconf 83' lang='lat' dir='ltr'><strong>coelestiam</strong></span> <span class='ocrx_word' id='word_1_9' title='bbox 1777 437 1979 491; x_wconf 81' lang='lat' dir='ltr'><strong>deorum</strong></span> 
     </span>
     <span class='ocr_line' id='line_1_3' title="bbox 318 514 1981 581; baseline 0 -12"><span class='ocrx_word' id='word_1_10' title='bbox 318 534 520 570; x_wconf 85' lang='lat' dir='ltr'><strong>munera</strong></span> <span class='ocrx_word' id='word_1_11' title='bbox 553 515 933 578; x_wconf 77' lang='lat' dir='ltr'><strong>dignitatemque</strong></span> <span class='ocrx_word' id='word_1_12' title='bbox 969 514 1064 563; x_wconf 89' lang='lat' dir='ltr'><strong>sibi</strong></span> <span class='ocrx_word' id='word_1_13' title='bbox 1095 515 1326 577; x_wconf 78' lang='lat' dir='ltr'><strong>vindicet,</strong></span> <span class='ocrx_word' id='word_1_14' title='bbox 1360 516 1598 581; x_wconf 86' lang='lat' dir='ltr'><strong>lingua,</strong></span> <span class='ocrx_word' id='word_1_15' title='bbox 1632 533 1860 580; x_wconf 85' lang='lat' dir='ltr'><strong>quaeres</strong></span> <span class='ocrx_word' id='word_1_16' title='bbox 1879 520 1981 569; x_wconf 85' lang='lat' dir='ltr'><strong>hu-</strong></span> 
     </span>
     <span class='ocr_line' id='line_1_4' title="bbox 316 595 1983 658; baseline 0.001 -11"><span class='ocrx_word' id='word_1_17' title='bbox 316 613 482 647; x_wconf 87' lang='lat' dir='ltr'><strong>manas</strong></span> <span class='ocrx_word' id='word_1_18' title='bbox 528 595 863 655; x_wconf 79' lang='lat' dir='ltr'><strong>administret,</strong></span> <span class='ocrx_word' id='word_1_19' title='bbox 912 598 961 643; x_wconf 90' lang='lat' dir='ltr'><strong>et</strong></span> <span class='ocrx_word' id='word_1_20' title='bbox 1009 595 1228 656; x_wconf 86' lang='lat' dir='ltr'><strong>chaos,</strong></span> <span class='ocrx_word' id='word_1_21' title='bbox 1278 612 1337 644; x_wconf 82' lang='lat' dir='ltr'><strong>ex</strong></span> <span class='ocrx_word' id='word_1_22' title='bbox 1382 611 1479 658; x_wconf 92' lang='lat' dir='ltr'><strong>quo</strong></span> <span class='ocrx_word' id='word_1_23' title='bbox 1513 596 1674 646; x_wconf 85' lang='lat' dir='ltr'><strong>omnia</strong></span> <span class='ocrx_word' id='word_1_24' title='bbox 1705 597 1983 648; x_wconf 78' lang='lat' dir='ltr'><strong>formentur</strong></span> 
     </span>
     <span class='ocr_line' id='line_1_5' title="bbox 315 671 1980 743; baseline 0.002 -17"><span class='ocrx_word' id='word_1_25' title='bbox 315 683 386 736; x_wconf 83' lang='lat' dir='ltr'><strong>(v,</strong></span> <span class='ocrx_word' id='word_1_26' title='bbox 406 678 529 724; x_wconf 84' lang='lat'>424:</span> <span class='ocrx_word' id='word_1_27' title='bbox 563 671 623 723; x_wconf 90' lang='grc' dir='ltr'><strong>τὸ</strong></span> <span class='ocrx_word' id='word_1_28' title='bbox 659 672 804 733; x_wconf 81' lang='grc' dir='ltr'><strong><em>Χάος</em></strong></span> <span class='ocrx_word' id='word_1_29' title='bbox 833 671 983 724; x_wconf 85' lang='grc' dir='ltr'><strong><em>τουτὶ</em></strong></span> <span class='ocrx_word' id='word_1_30' title='bbox 1015 671 1105 724; x_wconf 90' lang='grc' dir='ltr'><strong><em>καὶ</em></strong></span> <span class='ocrx_word' id='word_1_31' title='bbox 1138 672 1230 734; x_wconf 82' lang='grc' dir='ltr'><strong>τὰς</strong></span> <span class='ocrx_word' id='word_1_32' title='bbox 1263 671 1511 740; x_wconf 80' lang='grc' dir='ltr'><strong><em>Νεφέλας</em></strong></span> <span class='ocrx_word' id='word_1_33' title='bbox 1553 673 1644 727; x_wconf 85' lang='grc' dir='ltr'><strong><em>καὶ</em></strong></span> <span class='ocrx_word' id='word_1_34' title='bbox 1674 673 1773 743; x_wconf 82' lang='grc' dir='ltr'><strong><em>τὴν</em></strong></span> <span class='ocrx_word' id='word_1_35' title='bbox 1806 678 1980 728; x_wconf 64' lang='lat' dir='ltr'><strong>swn-</strong></span> 
     </span>
     <span class='ocr_line' id='line_1_6' title="bbox 314 753 1982 822; baseline 0.001 -16"><span class='ocrx_word' id='word_1_36' title='bbox 314 772 428 816; x_wconf 89' lang='grc' dir='ltr'><strong><em>ταν,</em></strong></span> <span class='ocrx_word' id='word_1_37' title='bbox 461 753 580 820; x_wconf 88' lang='grc' dir='ltr'><strong><em>τρία</em></strong></span> <span class='ocrx_word' id='word_1_38' title='bbox 610 756 819 814; x_wconf 84' lang='grc' dir='ltr'><strong><em>ταῦτα).</em></strong></span> <span class='ocrx_word' id='word_1_39' title='bbox 886 755 1077 804; x_wconf 92' lang='lat' dir='ltr'><strong>Horum</strong></span> <span class='ocrx_word' id='word_1_40' title='bbox 1127 760 1290 805; x_wconf 88' lang='lat' dir='ltr'><strong>autem</strong></span> <span class='ocrx_word' id='word_1_41' title='bbox 1323 757 1655 822; x_wconf 81' lang='lat' dir='ltr'><strong>principatum</strong></span> <span class='ocrx_word' id='word_1_42' title='bbox 1689 763 1860 808; x_wconf 86' lang='lat' dir='ltr'><strong>teuent</strong></span> <span class='ocrx_word' id='word_1_43' title='bbox 1890 775 1982 808; x_wconf 87' lang='lat' dir='ltr'><strong>nu-</strong></span> 
     </span>
     <span class='ocr_line' id='line_1_7' title="bbox 315 834 1983 900; baseline 0.002 -15"><span class='ocrx_word' id='word_1_44' title='bbox 315 837 403 885; x_wconf 90' lang='lat' dir='ltr'><strong>bes</strong></span> <span class='ocrx_word' id='word_1_45' title='bbox 451 836 595 895; x_wconf 86' lang='lat' dir='ltr'><strong>ideo,</strong></span> <span class='ocrx_word' id='word_1_46' title='bbox 638 835 766 900; x_wconf 89' lang='lat' dir='ltr'><strong>quod</strong></span> <span class='ocrx_word' id='word_1_47' title='bbox 810 835 863 883; x_wconf 87' lang='lat' dir='ltr'><strong>in</strong></span> <span class='ocrx_word' id='word_1_48' title='bbox 909 835 1178 900; x_wconf 81' lang='lat' dir='ltr'><strong>quamlibet</strong></span> <span class='ocrx_word' id='word_1_49' title='bbox 1223 834 1430 884; x_wconf 87' lang='lat' dir='ltr'><strong>formam</strong></span> <span class='ocrx_word' id='word_1_50' title='bbox 1463 836 1701 886; x_wconf 80' lang='lat' dir='ltr'><strong>facillime</strong></span> <span class='ocrx_word' id='word_1_51' title='bbox 1733 843 1983 888; x_wconf 84' lang='lat' dir='ltr'><strong>mutantur</strong></span> 
     </span>
     <span class='ocr_line' id='line_1_8' title="bbox 313 915 1981 981; baseline 0.001 -15"><span class='ocrx_word' id='word_1_52' title='bbox 313 932 474 980; x_wconf 85' lang='lat' dir='ltr'><strong>neque</strong></span> <span class='ocrx_word' id='word_1_53' title='bbox 503 916 764 980; x_wconf 83' lang='lat' dir='ltr'><strong>quidquam</strong></span> <span class='ocrx_word' id='word_1_54' title='bbox 799 915 981 963; x_wconf 78' lang='lat' dir='ltr'><strong>liabent</strong></span> <span class='ocrx_word' id='word_1_55' title='bbox 1015 915 1188 976; x_wconf 90' lang='lat' dir='ltr'><strong>solidi,</strong></span> <span class='ocrx_word' id='word_1_56' title='bbox 1235 915 1365 963; x_wconf 80' lang='lat' dir='ltr'><strong>firmi</strong></span> <span class='ocrx_word' id='word_1_57' title='bbox 1399 917 1644 979; x_wconf 79' lang='lat' dir='ltr'><strong>certique,</strong></span> <span class='ocrx_word' id='word_1_58' title='bbox 1690 922 1838 981; x_wconf 80' lang='lat' dir='ltr'><strong>atque</strong></span> <span class='ocrx_word' id='word_1_59' title='bbox 1862 934 1981 968; x_wconf 76' lang='lat' dir='ltr'><strong>eam</strong></span> 
     </span>
     <span class='ocr_line' id='line_1_9' title="bbox 313 994 1980 1063; baseline 0.001 -17"><span class='ocrx_word' id='word_1_60' title='bbox 313 998 376 1046; x_wconf 90' lang='lat' dir='ltr'><strong>ob</strong></span> <span class='ocrx_word' id='word_1_61' title='bbox 399 1012 623 1046; x_wconf 83' lang='lat' dir='ltr'><strong>caussam</strong></span> <span class='ocrx_word' id='word_1_62' title='bbox 649 996 849 1044; x_wconf 86' lang='lat' dir='ltr'><strong>eaedem</strong></span> <span class='ocrx_word' id='word_1_63' title='bbox 886 994 1174 1044; x_wconf 84' lang='lat' dir='ltr'><strong>dialecticae</strong></span> <span class='ocrx_word' id='word_1_64' title='bbox 1200 999 1316 1044; x_wconf 87' lang='lat' dir='ltr'><strong>sunt</strong></span> <span class='ocrx_word' id='word_1_65' title='bbox 1340 997 1593 1060; x_wconf 84' lang='lat' dir='ltr'><strong>praesides</strong></span> <span class='ocrx_word' id='word_1_66' title='bbox 1619 997 1980 1063; x_wconf 80' lang='lat' dir='ltr'><strong>auctricesque,</strong></span> 
     </span>
     <span class='ocr_line' id='line_1_10' title="bbox 310 1074 1980 1142; baseline 0.001 -18"><span class='ocrx_word' id='word_1_67' title='bbox 310 1075 583 1124; x_wconf 87' lang='lat' dir='ltr'><strong>tribuentes</strong></span> <span class='ocrx_word' id='word_1_68' title='bbox 615 1075 896 1124; x_wconf 90' lang='lat' dir='ltr'><strong>hominibus</strong></span> <span class='ocrx_word' id='word_1_69' title='bbox 929 1074 1268 1138; x_wconf 88' lang='lat' dir='ltr'><strong>prudentiam,</strong></span> <span class='ocrx_word' id='word_1_70' title='bbox 1313 1074 1587 1124; x_wconf 84' lang='lat' dir='ltr'><strong>disserendi</strong></span> <span class='ocrx_word' id='word_1_71' title='bbox 1619 1076 1718 1125; x_wconf 81' lang='lat' dir='ltr'><strong>vim</strong></span> <span class='ocrx_word' id='word_1_72' title='bbox 1751 1081 1805 1126; x_wconf 90' lang='lat' dir='ltr'><strong>et</strong></span> <span class='ocrx_word' id='word_1_73' title='bbox 1836 1092 1980 1142; x_wconf 72' lang='lat' dir='ltr'><strong>prae-</strong></span> 
     </span>
     <span class='ocr_line' id='line_1_11' title="bbox 311 1154 1980 1221; baseline 0.002 -17"><span class='ocrx_word' id='word_1_74' title='bbox 311 1155 482 1219; x_wconf 79' lang='lat' dir='ltr'><strong>stigias</strong></span> <span class='ocrx_word' id='word_1_75' title='bbox 516 1171 626 1204; x_wconf 91' lang='lat' dir='ltr'><strong>cum</strong></span> <span class='ocrx_word' id='word_1_76' title='bbox 662 1154 1005 1213; x_wconf 86' lang='lat' dir='ltr'><strong>calumniandi,</strong></span> <span class='ocrx_word' id='word_1_77' title='bbox 1057 1155 1397 1204; x_wconf 88' lang='lat' dir='ltr'><strong>commovendi</strong></span> <span class='ocrx_word' id='word_1_78' title='bbox 1446 1155 1856 1221; x_wconf 84' lang='lat' dir='ltr'><strong>opprimendique</strong></span> <span class='ocrx_word' id='word_1_79' title='bbox 1902 1157 1980 1208; x_wconf 80' lang='lat' dir='ltr'><strong>fa-</strong></span> 
     </span>
     <span class='ocr_line' id='line_1_12' title="bbox 313 1234 790 1295; baseline 0.002 -12"><span class='ocrx_word' id='word_1_80' title='bbox 313 1234 496 1284; x_wconf 87' lang='lat' dir='ltr'><strong>cultate</strong></span> <span class='ocrx_word' id='word_1_81' title='bbox 529 1241 600 1295; x_wconf 73' lang='lat' dir='ltr'><strong>(v.</strong></span> <span class='ocrx_word' id='word_1_82' title='bbox 636 1237 790 1294; x_wconf 72' lang='lat'>31⁸0:</span> 
     </span>
     <span class='ocr_line' id='line_1_13' title="bbox 443 1311 1981 1382; baseline 0.003 -18"><span class='ocrx_word' id='word_1_83' title='bbox 443 1312 595 1379; x_wconf 83' lang='grc' dir='ltr'><strong><em>αἴπερ</em></strong></span> <span class='ocrx_word' id='word_1_84' title='bbox 627 1313 846 1380; x_wconf 78' lang='grc' dir='ltr'><em>γνώμην</em></span> <span class='ocrx_word' id='word_1_85' title='bbox 874 1311 964 1366; x_wconf 86' lang='grc' dir='ltr'><strong><em>καὶ</em></strong></span> <span class='ocrx_word' id='word_1_86' title='bbox 998 1312 1224 1376; x_wconf 79' lang='grc' dir='ltr'><em>διάλεξιν</em></span> <span class='ocrx_word' id='word_1_87' title='bbox 1251 1311 1340 1366; x_wconf 85' lang='grc' dir='ltr'><strong><em>καὶ</em></strong></span> <span class='ocrx_word' id='word_1_88' title='bbox 1360 1317 1499 1366; x_wconf 79' lang='grc' dir='ltr'><strong><em>νοῦν</em></strong></span> <span class='ocrx_word' id='word_1_89' title='bbox 1531 1312 1661 1382; x_wconf 75' lang='grc' dir='ltr'><strong><em>ἡμῖν</em></strong></span> <span class='ocrx_word' id='word_1_90' title='bbox 1691 1313 1981 1382; x_wconf 76' lang='grc' dir='ltr'><strong><em>παρέχουσι</em></strong></span> 
     </span>
     <span class='ocr_line' id='line_1_14' title="bbox 440 1392 1980 1461; baseline 0.002 -15"><span class='ocrx_word' id='word_1_91' title='bbox 440 1393 530 1447; x_wconf 87' lang='grc' dir='ltr'><strong><em>καὶ</em></strong></span> <span class='ocrx_word' id='word_1_92' title='bbox 570 1393 840 1461; x_wconf 80' lang='grc' dir='ltr'><strong><em>τερατείαν</em></strong></span> <span class='ocrx_word' id='word_1_93' title='bbox 880 1393 971 1446; x_wconf 87' lang='grc' dir='ltr'><strong><em>καὶ</em></strong></span> <span class='ocrx_word' id='word_1_94' title='bbox 1012 1394 1270 1460; x_wconf 82' lang='grc' dir='ltr'><strong><em>περίλεξιν</em></strong></span> <span class='ocrx_word' id='word_1_95' title='bbox 1312 1392 1402 1447; x_wconf 86' lang='grc' dir='ltr'><strong><em>καὶ</em></strong></span> <span class='ocrx_word' id='word_1_96' title='bbox 1445 1399 1672 1460; x_wconf 83' lang='grc' dir='ltr'><strong><em>κροῦσιν</em></strong></span> <span class='ocrx_word' id='word_1_97' title='bbox 1702 1393 1795 1448; x_wconf 84' lang='grc' dir='ltr'><strong><em>καὶ</em></strong></span> <span class='ocrx_word' id='word_1_98' title='bbox 1823 1396 1980 1449; x_wconf 83' lang='grc' dir='ltr'><strong><em>κατά-</em></strong></span> 
     </span>
     <span class='ocr_line' id='line_1_15' title="bbox 1130 1476 1496 1541; baseline -0.003 -14"><span class='ocrx_word' id='word_1_99' title='bbox 1130 1478 1305 1541; x_wconf 83' lang='grc' dir='ltr'><strong><em>ληψιν.</em></strong></span> <span class='ocrx_word' id='word_1_100' title='bbox 1493 1476 1496 1478; x_wconf 69' lang='grc'><strong>’</strong></span> 
     </span>
     <span class='ocr_line' id='line_1_16' title="bbox 310 1554 1980 1622; baseline 0.001 -15"><span class='ocrx_word' id='word_1_101' title='bbox 310 1557 456 1608; x_wconf 86' lang='lat' dir='ltr'><strong>Unde</strong></span> <span class='ocrx_word' id='word_1_102' title='bbox 487 1558 564 1619; x_wconf 77' lang='lat' dir='ltr'><strong>fit,</strong></span> <span class='ocrx_word' id='word_1_103' title='bbox 599 1562 656 1607; x_wconf 91' lang='lat' dir='ltr'><strong>ut</strong></span> <span class='ocrx_word' id='word_1_104' title='bbox 688 1556 947 1606; x_wconf 88' lang='lat' dir='ltr'><strong>dialectica</strong></span> <span class='ocrx_word' id='word_1_105' title='bbox 980 1559 1083 1606; x_wconf 84' lang='lat' dir='ltr'><strong>sive</strong></span> <span class='ocrx_word' id='word_1_106' title='bbox 1116 1555 1297 1617; x_wconf 83' lang='grc' dir='ltr'><strong><em>ἄδικος</em></strong></span> <span class='ocrx_word' id='word_1_107' title='bbox 1326 1554 1499 1622; x_wconf 80' lang='grc' dir='ltr'><em>λόγος,</em></span> <span class='ocrx_word' id='word_1_108' title='bbox 1535 1573 1629 1622; x_wconf 85' lang='lat' dir='ltr'><strong>qua</strong></span> <span class='ocrx_word' id='word_1_109' title='bbox 1653 1557 1806 1608; x_wconf 83' lang='lat' dir='ltr'><strong>unice</strong></span> <span class='ocrx_word' id='word_1_110' title='bbox 1819 1557 1980 1608; x_wconf 84' lang='lat' dir='ltr'><strong>bomi-</strong></span> 
     </span>
     <span class='ocr_line' id='line_1_17' title="bbox 308 1637 1981 1704; baseline -0.001 -16"><span class='ocrx_word' id='word_1_111' title='bbox 308 1654 398 1688; x_wconf 86' lang='lat' dir='ltr'><strong>nes</strong></span> <span class='ocrx_word' id='word_1_112' title='bbox 430 1653 559 1687; x_wconf 90' lang='lat' dir='ltr'><strong>nunc</strong></span> <span class='ocrx_word' id='word_1_113' title='bbox 593 1638 861 1692; x_wconf 84' lang='lat' dir='ltr'><strong>confidunt,</strong></span> <span class='ocrx_word' id='word_1_114' title='bbox 896 1638 1138 1686; x_wconf 85' lang='lat' dir='ltr'><strong>contraria</strong></span> <span class='ocrx_word' id='word_1_115' title='bbox 1174 1639 1240 1688; x_wconf 88' lang='lat' dir='ltr'><strong>sit</strong></span> <span class='ocrx_word' id='word_1_116' title='bbox 1270 1637 1536 1704; x_wconf 87' lang='lat' dir='ltr'><strong>probitati,</strong></span> <span class='ocrx_word' id='word_1_117' title='bbox 1581 1638 1847 1697; x_wconf 76' lang='lat' dir='ltr'><strong>sanctitati,</strong></span> <span class='ocrx_word' id='word_1_118' title='bbox 1876 1638 1981 1687; x_wconf 83' lang='lat' dir='ltr'><strong>for-</strong></span> 
     </span>
     <span class='ocr_line' id='line_1_18' title="bbox 307 1717 1982 1784; baseline 0 -17"><span class='ocrx_word' id='word_1_119' title='bbox 307 1718 504 1767; x_wconf 83' lang='lat' dir='ltr'><strong>titudini</strong></span> <span class='ocrx_word' id='word_1_120' title='bbox 529 1722 579 1767; x_wconf 91' lang='lat' dir='ltr'><strong>et</strong></span> <span class='ocrx_word' id='word_1_121' title='bbox 601 1717 883 1782; x_wconf 82' lang='lat' dir='ltr'><strong>frugalitati,</strong></span> <span class='ocrx_word' id='word_1_122' title='bbox 912 1734 1031 1781; x_wconf 86' lang='lat' dir='ltr'><strong>quas</strong></span> <span class='ocrx_word' id='word_1_123' title='bbox 1057 1718 1284 1769; x_wconf 89' lang='lat' dir='ltr'><strong>colebant</strong></span> <span class='ocrx_word' id='word_1_124' title='bbox 1306 1722 1491 1784; x_wconf 88' lang='lat' dir='ltr'><strong>patres.</strong></span> <span class='ocrx_word' id='word_1_125' title='bbox 1559 1717 1982 1779; x_wconf 78' lang='lat' dir='ltr'><strong>Quemadmodum</strong></span> 
     </span>
     <span class='ocr_line' id='line_1_19' title="bbox 306 1797 1980 1863; baseline 0.001 -16"><span class='ocrx_word' id='word_1_126' title='bbox 306 1803 468 1847; x_wconf 88' lang='lat' dir='ltr'><strong>autem</strong></span> <span class='ocrx_word' id='word_1_127' title='bbox 516 1798 577 1846; x_wconf 91' lang='lat' dir='ltr'><strong>ad</strong></span> <span class='ocrx_word' id='word_1_128' title='bbox 624 1798 893 1848; x_wconf 85' lang='lat' dir='ltr'><strong>Herculem</strong></span> <span class='ocrx_word' id='word_1_129' title='bbox 927 1797 1223 1847; x_wconf 90' lang='lat' dir='ltr'><strong>Prodiceum</strong></span> <span class='ocrx_word' id='word_1_130' title='bbox 1256 1797 1427 1848; x_wconf 85' lang='lat' dir='ltr'><strong>Virtus</strong></span> <span class='ocrx_word' id='word_1_131' title='bbox 1459 1797 1801 1863; x_wconf 81' lang='lat' dir='ltr'><strong>Voluptasque</strong></span> <span class='ocrx_word' id='word_1_132' title='bbox 1830 1798 1980 1848; x_wconf 76' lang='lat' dir='ltr'><strong>vene-</strong></span> 
     </span>
     <span class='ocr_line' id='line_1_20' title="bbox 306 1877 1982 1946; baseline 0.002 -20"><span class='ocrx_word' id='word_1_133' title='bbox 306 1883 437 1946; x_wconf 85' lang='lat' dir='ltr'><strong>runt,</strong></span> <span class='ocrx_word' id='word_1_134' title='bbox 473 1894 598 1942; x_wconf 86' lang='lat' dir='ltr'><strong>quae</strong></span> <span class='ocrx_word' id='word_1_135' title='bbox 633 1879 734 1926; x_wconf 90' lang='lat' dir='ltr'><strong>suis</strong></span> <span class='ocrx_word' id='word_1_136' title='bbox 769 1894 992 1943; x_wconf 88' lang='lat' dir='ltr'><strong>quaeque</strong></span> <span class='ocrx_word' id='word_1_137' title='bbox 1026 1879 1167 1927; x_wconf 89' lang='lat' dir='ltr'><strong>bonis</strong></span> <span class='ocrx_word' id='word_1_138' title='bbox 1201 1878 1469 1944; x_wconf 86' lang='lat' dir='ltr'><strong>propositis</strong></span> <span class='ocrx_word' id='word_1_139' title='bbox 1504 1877 1566 1926; x_wconf 88' lang='lat' dir='ltr'><strong>ad</strong></span> <span class='ocrx_word' id='word_1_140' title='bbox 1593 1893 1650 1926; x_wconf 84' lang='lat' dir='ltr'><strong>se</strong></span> <span class='ocrx_word' id='word_1_141' title='bbox 1674 1877 1982 1941; x_wconf 86' lang='lat' dir='ltr'><strong>sequendum</strong></span> 
     </span>
     <span class='ocr_line' id='line_1_21' title="bbox 306 1956 1982 2021; baseline 0.001 -15"><span class='ocrx_word' id='word_1_142' title='bbox 306 1959 533 2007; x_wconf 89' lang='lat' dir='ltr'><strong>certatim</strong></span> <span class='ocrx_word' id='word_1_143' title='bbox 567 1975 679 2008; x_wconf 90' lang='lat' dir='ltr'><strong>eum</strong></span> <span class='ocrx_word' id='word_1_144' title='bbox 714 1959 1006 2019; x_wconf 88' lang='lat' dir='ltr'><strong>invitarent,</strong></span> <span class='ocrx_word' id='word_1_145' title='bbox 1051 1960 1121 2007; x_wconf 85' lang='lat' dir='ltr'><strong>ita</strong></span> <span class='ocrx_word' id='word_1_146' title='bbox 1171 1973 1336 2006; x_wconf 88' lang='lat' dir='ltr'><strong>coram</strong></span> <span class='ocrx_word' id='word_1_147' title='bbox 1378 1956 1679 2021; x_wconf 87' lang='lat' dir='ltr'><strong>Phidippide</strong></span> <span class='ocrx_word' id='word_1_148' title='bbox 1710 1956 1982 2007; x_wconf 86' lang='lat' dir='ltr'><strong>Dialectica</strong></span> 
     </span>
     <span class='ocr_line' id='line_1_22' title="bbox 307 2034 1983 2102; baseline 0 -15"><span class='ocrx_word' id='word_1_149' title='bbox 307 2042 358 2087; x_wconf 85' lang='lat' dir='ltr'><strong>et</strong></span> <span class='ocrx_word' id='word_1_150' title='bbox 388 2038 616 2088; x_wconf 79' lang='lat' dir='ltr'><strong>Probitas</strong></span> <span class='ocrx_word' id='word_1_151' title='bbox 653 2034 881 2100; x_wconf 81' lang='grc' dir='ltr'><strong><em>(δίκαιος</em></strong></span> <span class='ocrx_word' id='word_1_152' title='bbox 913 2036 1096 2102; x_wconf 82' lang='grc' dir='ltr'>λόγος)</span> <span class='ocrx_word' id='word_1_153' title='bbox 1142 2038 1415 2086; x_wconf 88' lang='lat' dir='ltr'><strong>certamine</strong></span> <span class='ocrx_word' id='word_1_154' title='bbox 1448 2037 1572 2085; x_wconf 88' lang='lat' dir='ltr'><strong>inito</strong></span> <span class='ocrx_word' id='word_1_155' title='bbox 1606 2035 1671 2086; x_wconf 93' lang='lat' dir='ltr'><strong>de</strong></span> <span class='ocrx_word' id='word_1_156' title='bbox 1704 2036 1983 2102; x_wconf 85' lang='lat' dir='ltr'><strong>principatu</strong></span> 
     </span>
     <span class='ocr_line' id='line_1_23' title="bbox 306 2116 1982 2183; baseline -0.001 -17"><span class='ocrx_word' id='word_1_157' title='bbox 306 2118 625 2178; x_wconf 89' lang='lat' dir='ltr'><strong>contendunt,</strong></span> <span class='ocrx_word' id='word_1_158' title='bbox 661 2123 713 2167; x_wconf 89' lang='lat' dir='ltr'><strong>et</strong></span> <span class='ocrx_word' id='word_1_159' title='bbox 746 2120 972 2183; x_wconf 89' lang='lat' dir='ltr'><strong>superior</strong></span> <span class='ocrx_word' id='word_1_160' title='bbox 1005 2117 1214 2166; x_wconf 87' lang='lat' dir='ltr'><strong>discedit</strong></span> <span class='ocrx_word' id='word_1_161' title='bbox 1247 2116 1504 2164; x_wconf 87' lang='lat' dir='ltr'><strong>dialectica</strong></span> <span class='ocrx_word' id='word_1_162' title='bbox 1523 2154 1537 2178; x_wconf 90' lang='lat'>‚</span> <span class='ocrx_word' id='word_1_163' title='bbox 1583 2116 1777 2179; x_wconf 87' lang='lat' dir='ltr'><strong>quidvis</strong></span> <span class='ocrx_word' id='word_1_164' title='bbox 1811 2116 1982 2180; x_wconf 84' lang='lat' dir='ltr'><strong>flagitii</strong></span> 
     </span>
     <span class='ocr_line' id='line_1_24' title="bbox 306 2195 1982 2262; baseline 0 -17"><span class='ocrx_word' id='word_1_165' title='bbox 306 2212 362 2245; x_wconf 84' lang='lat' dir='ltr'><strong>se</strong></span> <span class='ocrx_word' id='word_1_166' title='bbox 395 2196 522 2246; x_wconf 91' lang='lat' dir='ltr'><strong>duce</strong></span> <span class='ocrx_word' id='word_1_167' title='bbox 554 2198 753 2262; x_wconf 89' lang='lat' dir='ltr'><strong>impune</strong></span> <span class='ocrx_word' id='word_1_168' title='bbox 790 2199 1028 2247; x_wconf 91' lang='lat' dir='ltr'><strong>committi</strong></span> <span class='ocrx_word' id='word_1_169' title='bbox 1060 2213 1211 2262; x_wconf 87' lang='lat' dir='ltr'><strong>posse</strong></span> <span class='ocrx_word' id='word_1_170' title='bbox 1246 2195 1568 2245; x_wconf 87' lang='lat' dir='ltr'><strong>ostendendo.</strong></span> <span class='ocrx_word' id='word_1_171' title='bbox 1646 2195 1787 2245; x_wconf 88' lang='lat' dir='ltr'><strong>Hanc</strong></span> <span class='ocrx_word' id='word_1_172' title='bbox 1830 2197 1982 2259; x_wconf 80' lang='lat' dir='ltr'><strong>igitur</strong></span> 
     </span>
     <span class='ocr_line' id='line_1_25' title="bbox 303 2275 1980 2342; baseline 0 -18"><span class='ocrx_word' id='word_1_173' title='bbox 303 2277 558 2340; x_wconf 81' lang='lat' dir='ltr'><strong>amplexus</strong></span> <span class='ocrx_word' id='word_1_174' title='bbox 590 2278 675 2325; x_wconf 92' lang='lat' dir='ltr'><strong>ille</strong></span> <span class='ocrx_word' id='word_1_175' title='bbox 707 2284 901 2342; x_wconf 89' lang='lat' dir='ltr'><strong>patrem</strong></span> <span class='ocrx_word' id='word_1_176' title='bbox 951 2277 1237 2326; x_wconf 83' lang='lat' dir='ltr'><strong>verberibus</strong></span> <span class='ocrx_word' id='word_1_177' title='bbox 1279 2275 1460 2336; x_wconf 86' lang='lat' dir='ltr'><strong>afficit,</strong></span> <span class='ocrx_word' id='word_1_178' title='bbox 1507 2281 1559 2324; x_wconf 88' lang='lat' dir='ltr'><strong>et</strong></span> <span class='ocrx_word' id='word_1_179' title='bbox 1603 2280 1743 2324; x_wconf 87' lang='lat' dir='ltr'><strong>recte</strong></span> <span class='ocrx_word' id='word_1_180' title='bbox 1790 2275 1980 2324; x_wconf 86' lang='lat' dir='ltr'><strong>factum</strong></span> 
     </span>
     <span class='ocr_line' id='line_1_26' title="bbox 306 2354 1979 2422; baseline 0.001 -18"><span class='ocrx_word' id='word_1_181' title='bbox 306 2372 419 2404; x_wconf 78' lang='lat' dir='ltr'><strong>esse</strong></span> <span class='ocrx_word' id='word_1_182' title='bbox 450 2361 550 2404; x_wconf 85' lang='lat' dir='ltr'><strong>tam</strong></span> <span class='ocrx_word' id='word_1_183' title='bbox 586 2359 823 2422; x_wconf 85' lang='lat' dir='ltr'><strong>speciosis</strong></span> <span class='ocrx_word' id='word_1_184' title='bbox 859 2357 1157 2420; x_wconf 80' lang='lat' dir='ltr'><strong>argumentis</strong></span> <span class='ocrx_word' id='word_1_185' title='bbox 1192 2355 1479 2415; x_wconf 89' lang='lat' dir='ltr'><strong>confirmat,</strong></span> <span class='ocrx_word' id='word_1_186' title='bbox 1517 2361 1570 2403; x_wconf 92' lang='lat' dir='ltr'><strong>ut</strong></span> <span class='ocrx_word' id='word_1_187' title='bbox 1603 2355 1650 2404; x_wconf 92' lang='lat' dir='ltr'><strong>ei</strong></span> <span class='ocrx_word' id='word_1_188' title='bbox 1684 2354 1799 2420; x_wconf 89' lang='lat' dir='ltr'><strong>ipsi,</strong></span> <span class='ocrx_word' id='word_1_189' title='bbox 1833 2371 1979 2420; x_wconf 86' lang='lat' dir='ltr'><strong>quem</strong></span> 
     </span>
     <span class='ocr_line' id='line_1_27' title="bbox 305 2435 1980 2501; baseline 0.001 -17"><span class='ocrx_word' id='word_1_190' title='bbox 305 2437 583 2499; x_wconf 85' lang='lat' dir='ltr'><strong>percussit,</strong></span> <span class='ocrx_word' id='word_1_191' title='bbox 635 2437 943 2501; x_wconf 85' lang='lat' dir='ltr'><strong>persuadeat.</strong></span> <span class='ocrx_word' id='word_1_192' title='bbox 1032 2435 1231 2484; x_wconf 88' lang='lat' dir='ltr'><strong>Morum</strong></span> <span class='ocrx_word' id='word_1_193' title='bbox 1284 2435 1655 2484; x_wconf 80' lang='lat' dir='ltr'><strong>conversionem</strong></span> <span class='ocrx_word' id='word_1_194' title='bbox 1704 2435 1781 2485; x_wconf 85' lang='lat' dir='ltr'><strong>his</strong></span> <span class='ocrx_word' id='word_1_195' title='bbox 1815 2436 1980 2494; x_wconf 79' lang='lat' dir='ltr'><strong>verbis</strong></span> 
     </span>
     <span class='ocr_line' id='line_1_28' title="bbox 304 2515 1832 2578; baseline 0 -15"><span class='ocrx_word' id='word_1_196' title='bbox 304 2515 560 2578; x_wconf 76' lang='lat' dir='ltr'><strong>praedIcat</strong></span> <span class='ocrx_word' id='word_1_197' title='bbox 594 2519 663 2574; x_wconf 88' lang='lat' dir='ltr'><strong>(v.</strong></span> <span class='ocrx_word' id='word_1_198' title='bbox 703 2519 887 2576; x_wconf 82' lang='lat'>1399):</span> <span class='ocrx_word' id='word_1_199' title='bbox 1780 2534 1783 2536; x_wconf 94' lang='lat'>·</span> <span class='ocrx_word' id='word_1_200' title='bbox 1830 2515 1832 2518; x_wconf 76' lang='grc'><strong>’</strong></span> 
     </span>
     <span class='ocr_line' id='line_1_29' title="bbox 434 2587 1818 2661; baseline 0 -17"><span class='ocrx_word' id='word_1_201' title='bbox 434 2593 506 2654; x_wconf 78' lang='grc' dir='ltr'><strong>ὥς</strong></span> <span class='ocrx_word' id='word_1_202' title='bbox 537 2587 643 2661; x_wconf 75' lang='grc' dir='ltr'><strong>ἡδὺ</strong></span> <span class='ocrx_word' id='word_1_203' title='bbox 677 2599 880 2655; x_wconf 83' lang='grc' dir='ltr'><strong><em>καινοῖς</em></strong></span> <span class='ocrx_word' id='word_1_204' title='bbox 915 2595 1223 2660; x_wconf 78' lang='grc' dir='ltr'><strong><em>πράγμασιν</em></strong></span> <span class='ocrx_word' id='word_1_205' title='bbox 1257 2591 1347 2645; x_wconf 86' lang='grc' dir='ltr'><strong><em>καὶ</em></strong></span> <span class='ocrx_word' id='word_1_206' title='bbox 1380 2591 1568 2654; x_wconf 82' lang='grc' dir='ltr'><strong><em>δεξιοῖς</em></strong></span> <span class='ocrx_word' id='word_1_207' title='bbox 1601 2591 1818 2659; x_wconf 82' lang='grc' dir='ltr'><strong><em>ὁμιλεῖν,</em></strong></span> 
     </span>
     <span class='ocr_line' id='line_1_30' title="bbox 432 2671 1981 2740; baseline -0.001 -13"><span class='ocrx_word' id='word_1_208' title='bbox 432 2674 520 2727; x_wconf 86' lang='grc' dir='ltr'><strong><em>καὶ</em></strong></span> <span class='ocrx_word' id='word_1_209' title='bbox 553 2676 685 2727; x_wconf 82' lang='grc' dir='ltr'><strong><em>τῶν</em></strong></span> <span class='ocrx_word' id='word_1_210' title='bbox 730 2676 1187 2728; x_wconf 79' lang='grc' dir='ltr'><strong><em>καθεστώτων</em></strong></span> <span class='ocrx_word' id='word_1_211' title='bbox 1235 2674 1466 2739; x_wconf 83' lang='grc' dir='ltr'><strong><em>νόμων</em></strong></span> <span class='ocrx_word' id='word_1_212' title='bbox 1507 2671 1981 2740; x_wconf 80' lang='grc' dir='ltr'><strong><em>ὑπερφρονεῖν</em></strong></span> 
     </span>
     <span class='ocr_line' id='line_1_31' title="bbox 1086 2755 1499 2807; baseline -0.012 1"><span class='ocrx_word' id='word_1_213' title='bbox 1086 2755 1499 2807; x_wconf 52' lang='grc' dir='ltr'><strong><em>’δύνασθαι</em></strong></span> 
     </span>
     <span class='ocr_line' id='line_1_32' title="bbox 432 2832 1978 2904; baseline 0 -18"><span class='ocrx_word' id='word_1_214' title='bbox 432 2833 536 2902; x_wconf 79' lang='grc' dir='ltr'><strong>ἐγὼ</strong></span> <span class='ocrx_word' id='word_1_215' title='bbox 567 2835 690 2902; x_wconf 78' lang='grc' dir='ltr'><strong><em>γάρ,</em></strong></span> <span class='ocrx_word' id='word_1_216' title='bbox 725 2834 810 2887; x_wconf 85' lang='grc' dir='ltr'><strong><em>ὅτε</em></strong></span> <span class='ocrx_word' id='word_1_217' title='bbox 843 2834 940 2902; x_wconf 79' lang='grc' dir='ltr'><strong>μὲν</strong></span> <span class='ocrx_word' id='word_1_218' title='bbox 974 2836 1163 2904; x_wconf 77' lang='grc' dir='ltr'><strong><em>ἱππικῇ</em></strong></span> <span class='ocrx_word' id='word_1_219' title='bbox 1196 2836 1293 2887; x_wconf 88' lang='grc' dir='ltr'><strong><em>τὸν</em></strong></span> <span class='ocrx_word' id='word_1_220' title='bbox 1324 2838 1463 2885; x_wconf 85' lang='grc' dir='ltr'><strong><em>νοῦν</em></strong></span> <span class='ocrx_word' id='word_1_221' title='bbox 1489 2832 1659 2897; x_wconf 88' lang='grc' dir='ltr'><strong><em>μόνον</em></strong></span> <span class='ocrx_word' id='word_1_222' title='bbox 1683 2835 1978 2900; x_wconf 83' lang='grc' dir='ltr'><strong><em>προςεῖχον,</em></strong></span> 
     </span>
     <span class='ocr_line' id='line_1_33' title="bbox 433 2907 1980 2984; baseline 0.001 -17"><span class='ocrx_word' id='word_1_223' title='bbox 433 2915 569 2967; x_wconf 83' lang='grc' dir='ltr'><strong><em>οὐδ’</em></strong></span> <span class='ocrx_word' id='word_1_224' title='bbox 619 2914 700 2968; x_wconf 80' lang='grc' dir='ltr'><strong><em>ἂν</em></strong></span> <span class='ocrx_word' id='word_1_225' title='bbox 744 2917 866 2983; x_wconf 82' lang='grc' dir='ltr'><strong><em>τρί’</em></strong></span> <span class='ocrx_word' id='word_1_226' title='bbox 901 2916 1121 2970; x_wconf 86' lang='grc' dir='ltr'><strong><em>εἰπεῖν</em></strong></span> <span class='ocrx_word' id='word_1_227' title='bbox 1168 2915 1411 2984; x_wconf 77' lang='grc' dir='ltr'><strong><em>ῥήμαθ’</em></strong></span> <span class='ocrx_word' id='word_1_228' title='bbox 1449 2907 1683 2973; x_wconf 84' lang='grc' dir='ltr'><strong><em>οἷός-τ’</em></strong></span> <span class='ocrx_word' id='word_1_229' title='bbox 1721 2907 1769 2979; x_wconf 84' lang='grc' dir='ltr'><strong>ἧ,</strong></span> <span class='ocrx_word' id='word_1_230' title='bbox 1817 2914 1980 2980; x_wconf 85' lang='grc' dir='ltr'><strong><em>πρὶν</em></strong></span> 
     </span>
     <span class='ocr_line' id='line_1_34' title="bbox 1135 2993 1584 3062; baseline -0.009 -15"><span class='ocrx_word' id='word_1_231' title='bbox 1135 2993 1247 3060; x_wconf 80' lang='grc' dir='ltr'><strong><em>ἐξα</em></strong></span> <span class='ocrx_word' id='word_1_232' title='bbox 1260 3013 1297 3062; x_wconf 88' lang='grc' dir='ltr'><strong><em>μ</em></strong></span> <span class='ocrx_word' id='word_1_233' title='bbox 1310 3013 1344 3047; x_wconf 88' lang='grc' dir='ltr'><strong><em>α</em></strong></span> <span class='ocrx_word' id='word_1_234' title='bbox 1358 3013 1388 3060; x_wconf 90' lang='grc' dir='ltr'><strong><em>ρ</em></strong></span> <span class='ocrx_word' id='word_1_235' title='bbox 1405 3011 1434 3045; x_wconf 88' lang='grc' dir='ltr'><strong><em>τ</em></strong></span> <span class='ocrx_word' id='word_1_236' title='bbox 1449 3010 1472 3044; x_wconf 90' lang='grc' dir='ltr'><strong><em>ε</em></strong></span> <span class='ocrx_word' id='word_1_237' title='bbox 1490 2997 1512 3044; x_wconf 87' lang='grc' dir='ltr'><strong><em>ῖ</em></strong></span> <span class='ocrx_word' id='word_1_238' title='bbox 1521 3010 1555 3044; x_wconf 90' lang='grc' dir='ltr'><strong><em>ν</em></strong></span> <span class='ocrx_word' id='word_1_239' title='bbox 1573 3007 1584 3019; x_wconf 89' lang='grc'><em>·</em></span> 
     </span>
     <span class='ocr_line' id='line_1_35' title="bbox 432 3071 1886 3145; baseline 0.001 -20"><span class='ocrx_word' id='word_1_240' title='bbox 432 3073 558 3125; x_wconf 87' lang='grc' dir='ltr'><strong><em>νυνὶ</em></strong></span> <span class='ocrx_word' id='word_1_241' title='bbox 592 3075 660 3137; x_wconf 79' lang='grc' dir='ltr'><strong>δ’,</strong></span> <span class='ocrx_word' id='word_1_242' title='bbox 695 3074 871 3145; x_wconf 79' lang='grc' dir='ltr'><strong><em>ἐπειδή</em></strong></span> <span class='ocrx_word' id='word_1_243' title='bbox 906 3080 959 3143; x_wconf 88' lang='grc' dir='ltr'><strong><em>μ’</em></strong></span> <span class='ocrx_word' id='word_1_244' title='bbox 996 3077 1178 3130; x_wconf 78' lang='grc' dir='ltr'><strong><em>οὑτοσὶ</em></strong></span> <span class='ocrx_word' id='word_1_245' title='bbox 1209 3076 1414 3128; x_wconf 85' lang='grc' dir='ltr'><strong><em>τούτων</em></strong></span> <span class='ocrx_word' id='word_1_246' title='bbox 1448 3071 1677 3125; x_wconf 77' lang='grc' dir='ltr'><strong><em>ἔπαυσεν</em></strong></span> <span class='ocrx_word' id='word_1_247' title='bbox 1711 3074 1886 3138; x_wconf 81' lang='grc' dir='ltr'><strong><em>αὐτός,</em></strong></span> 
     </span>
     <span class='ocr_line' id='line_1_36' title="bbox 434 3154 1980 3222; baseline 0.002 -17"><span class='ocrx_word' id='word_1_248' title='bbox 434 3155 743 3221; x_wconf 79' lang='grc' dir='ltr'><strong><em>γνώμαις</em></strong></span> <span class='ocrx_word' id='word_1_249' title='bbox 792 3157 860 3210; x_wconf 82' lang='grc' dir='ltr'><strong>δὲ</strong></span> <span class='ocrx_word' id='word_1_250' title='bbox 903 3161 1184 3219; x_wconf 81' lang='grc' dir='ltr'><strong><em>λεπταῖς</em></strong></span> <span class='ocrx_word' id='word_1_251' title='bbox 1239 3155 1650 3221; x_wconf 55' lang='lat' dir='ltr'><strong>wal-Adpone</strong></span> <span class='ocrx_word' id='word_1_252' title='bbox 1708 3154 1980 3222; x_wconf 83' lang='grc' dir='ltr'><strong><em>ξύνειμι</em></strong></span> 
     </span>
     <span class='ocr_line' id='line_1_37' title="bbox 1157 3235 1674 3303; baseline -0.01 -13"><span class='ocrx_word' id='word_1_253' title='bbox 1157 3236 1266 3290; x_wconf 87' lang='grc' dir='ltr'><strong><em>καὶ</em></strong></span> <span class='ocrx_word' id='word_1_254' title='bbox 1296 3235 1674 3303; x_wconf 83' lang='grc' dir='ltr'><strong><em>μερίμναις,</em></strong></span> 
     </span>
     <span class='ocr_line' id='line_1_38' title="bbox 422 3309 1859 3382; baseline 0 -16"><span class='ocrx_word' id='word_1_255' title='bbox 422 3309 589 3380; x_wconf 76' lang='grc' dir='ltr'><strong><em>ὀἶμαι</em></strong></span> <span class='ocrx_word' id='word_1_256' title='bbox 622 3315 866 3382; x_wconf 76' lang='grc' dir='ltr'><strong><em>διδάξειν,</em></strong></span> <span class='ocrx_word' id='word_1_257' title='bbox 903 3318 975 3379; x_wconf 80' lang='grc' dir='ltr'><strong>ὡς</strong></span> <span class='ocrx_word' id='word_1_258' title='bbox 1007 3318 1213 3372; x_wconf 88' lang='grc' dir='ltr'><strong><em>δίκαιον</em></strong></span> <span class='ocrx_word' id='word_1_259' title='bbox 1243 3317 1339 3369; x_wconf 90' lang='grc' dir='ltr'><strong><em>τὸν</em></strong></span> <span class='ocrx_word' id='word_1_260' title='bbox 1370 3314 1572 3380; x_wconf 82' lang='grc' dir='ltr'><strong><em>πατέρα</em></strong></span> <span class='ocrx_word' id='word_1_261' title='bbox 1604 3313 1859 3378; x_wconf 78' lang='grc' dir='ltr'><strong><em>κολάζειν.</em></strong></span> 
     </span>
     <span class='ocr_line' id='line_1_39' title="bbox 434 3396 1978 3467; baseline -0.001 -21"><span class='ocrx_word' id='word_1_262' title='bbox 434 3396 562 3446; x_wconf 82' lang='lat' dir='ltr'><strong>Eam</strong></span> <span class='ocrx_word' id='word_1_263' title='bbox 609 3404 774 3448; x_wconf 88' lang='lat' dir='ltr'><strong>autem</strong></span> <span class='ocrx_word' id='word_1_264' title='bbox 822 3417 1015 3450; x_wconf 87' lang='lat' dir='ltr'><strong>morum</strong></span> <span class='ocrx_word' id='word_1_265' title='bbox 1060 3400 1475 3467; x_wconf 89' lang='lat' dir='ltr'><strong>permutationem</strong></span> <span class='ocrx_word' id='word_1_266' title='bbox 1509 3413 1606 3446; x_wconf 88' lang='lat' dir='ltr'><strong>non</strong></span> <span class='ocrx_word' id='word_1_267' title='bbox 1640 3397 1798 3446; x_wconf 89' lang='lat' dir='ltr'><strong>minus</strong></span> <span class='ocrx_word' id='word_1_268' title='bbox 1832 3396 1978 3446; x_wconf 80' lang='lat' dir='ltr'><strong>Euri-</strong></span> 
     </span>
     <span class='ocr_line' id='line_1_40' title="bbox 305 3476 1979 3544; baseline -0.001 -18"><span class='ocrx_word' id='word_1_269' title='bbox 305 3476 434 3542; x_wconf 86' lang='lat' dir='ltr'><strong>pidis</strong></span> <span class='ocrx_word' id='word_1_270' title='bbox 470 3478 780 3542; x_wconf 78' lang='lat' dir='ltr'><strong>carminibuS,</strong></span> <span class='ocrx_word' id='word_1_271' title='bbox 818 3495 960 3542; x_wconf 87' lang='lat' dir='ltr'><strong>quam</strong></span> <span class='ocrx_word' id='word_1_272' title='bbox 998 3480 1213 3531; x_wconf 85' lang='lat' dir='ltr'><strong>Socratis</strong></span> <span class='ocrx_word' id='word_1_273' title='bbox 1247 3477 1559 3544; x_wconf 87' lang='lat' dir='ltr'><strong>philosophia</strong></span> <span class='ocrx_word' id='word_1_274' title='bbox 1594 3477 1825 3528; x_wconf 82' lang='lat' dir='ltr'><strong>effectam</strong></span> <span class='ocrx_word' id='word_1_275' title='bbox 1867 3491 1979 3526; x_wconf 90' lang='lat' dir='ltr'><strong>esse</strong></span> 
     </span>
    </p>
   </div>
  </div>
 </body>
</html>
