2144 3854
899 247 977 304 25

105 399 217 452 fleri
249 399 331 449 vix
362 401 580 465 poterat,
611 396 707 447 nisi
731 393 964 444 Hectori·
996 393 1327 444 interficiendi
1361 409 1535 445 caussa
1567 395 1678 444 illos
1711 395 1775 446 ad

107 481 271 531 cubile
301 481 447 530 huius
479 475 738 545 pervenire
770 475 993 540 fingeret.
1060 473 1326 524 Praeterea
1366 474 1516 525 decet
1545 493 1776 541 magnum

106 560 303 627 aliquod
337 560 599 610 discrImen
631 555 710 605 vel
742 570 939 621 gravem
973 552 1249 602 molestiam
1282 554 1361 602 vel
1387 554 1576 620 insigne
1595 555 1778 605 malum

107 642 546 702 vehementemque
577 636 798 685 dolorem
832 634 995 683 statim
1041 633 1092 683 in
1124 631 1383 699 principiis
1418 637 1780 701 tragoediarum

107 719 483 786 repraesentari,
519 717 688 782 quibus
715 715 948 772 studium,
983 716 1162 770 metuS,
1197 712 1466 776 miseratio,
1502 717 1780 766 sollicitudo

108 805 441 866 spectatorum
487 797 760 847 excitetur:
808 810 1015 860 quorum
1058 793 1184 844 nihil
1226 794 1354 844 inest
1396 794 1447 844 in
1491 794 1650 845 Rhesi
1693 798 1780 847 ad-

109 887 274 931 ventu.

237 959 346 1011 Nou
378 958 488 1024 ipse
519 958 671 1023 igitur
705 957 870 1007 statim
905 957 1103 1006 Rhesus
1137 956 1189 1004 in
1222 971 1420 1005 scenam
1452 955 1652 1021 prodit,
1693 957 1784 1006 sed

107 1041 360 1107 praecedit
384 1040 598 1101 nuntius,
634 1039 719 1103 qui
747 1039 810 1087 de
833 1038 973 1086 ducis
997 1036 1170 1086 habitu
1197 1042 1344 1101 atque
1375 1035 1684 1096 fortitudine,
1720 1038 1785 1087 de

107 1121 357 1187 copiarum
383 1121 541 1170 omnis
561 1119 755 1183 generis
777 1118 1100 1178 multitudine,
1125 1118 1189 1166 de
1211 1132 1452 1181 equorum
1467 1117 1786 1181 praestantia,

106 1202 172 1251 de
189 1216 436 1250 armorum
460 1200 743 1266 splendore,
772 1215 921 1263 quum
946 1200 1105 1247 minus
1131 1197 1392 1247 commode
1411 1197 1574 1263 possit
1597 1199 1656 1247 ab
1677 1198 1786 1263 ipso

106 1280 278 1330 Rheso
313 1279 453 1344 fieri,
487 1285 714 1347 exponat.
783 1279 892 1328 Non
926 1279 1108 1343 gaudet
1140 1279 1332 1328 Hector
1362 1278 1462 1327 hoc
1494 1279 1690 1341 nuntio,
1735 1283 1788 1328 et

104 1377 278 1427 parum
313 1362 485 1425 abest,
518 1362 636 1426 quin
670 1360 827 1410 Rhesi
859 1359 1092 1410 auxilium
1124 1358 1378 1425 repudiet,
1413 1358 1564 1423 idque
1597 1359 1786 1409 duabus

104 1441 170 1491 de
202 1442 420 1502 caussiS,
466 1458 671 1507 quarum
707 1442 911 1490 alteram
944 1442 1053 1506 ipse
1087 1440 1337 1503 declarat,
1384 1440 1590 1489 alteram
1626 1441 1788 1506 suspi-

106 1539 290 1574 camur.
347 1523 445 1572 lam
481 1539 537 1572 se
569 1523 745 1572 vicisse
781 1522 1008 1586 opinatur
1041 1537 1200 1585 neque
1230 1521 1328 1568 iam
1354 1536 1479 1585 opus
1505 1536 1618 1569 esse
1641 1521 1789 1570 sociis

106 1603 200 1666 iis,
246 1602 361 1668 qui,
404 1619 501 1667 quo
535 1608 761 1667 tempore
793 1601 997 1650 Troiani
1029 1601 1255 1649 hostibus
1289 1599 1552 1650 inferiores
1585 1601 1789 1660 fuerint,

109 1698 402 1732 succurrere
443 1683 773 1732 laborantibus
821 1680 1096 1740 noluerint,
1154 1680 1285 1740 iam,
1341 1680 1574 1730 secundis
1617 1697 1791 1732 eorum

110 1763 259 1812 rebus
302 1764 467 1824 ducti,
513 1764 667 1828 magis
701 1762 763 1811 ad
798 1761 1012 1826 praedae
1045 1776 1190 1826 quam
1224 1761 1285 1810 ad
1320 1761 1543 1810 laborum
1577 1761 1791 1812 societa-

109 1848 210 1892 tem
243 1844 411 1892 venire
445 1842 719 1892 videantur.
785 1842 927 1891 Haec
973 1842 1124 1904 igitur
1166 1857 1340 1890 caussa
1383 1841 1432 1890 in
1475 1840 1707 1907 superbia
1741 1845 1793 1891 et

108 1922 256 1972 nimia
291 1923 472 1972 fiducia
504 1922 715 1971 hominis
751 1924 899 1971 rebus
936 1921 1169 1970 secundis
1203 1920 1321 1971 elati
1354 1925 1430 1971 est
1461 1922 1641 1985 posita,
1675 1937 1792 1988 pro-

106 2010 220 2068 pter
277 2019 422 2067 quam
479 2003 721 2052 ferociam
781 2003 862 2051 vix
919 2018 1102 2066 operae
1152 2002 1366 2066 pretium
1421 2017 1536 2051 esse
1583 2002 1795 2053 duxerat

106 2083 277 2132 audire
325 2099 450 2147 quae
491 2089 662 2149 pastor
705 2084 929 2134 afferret.
995 2082 1168 2132 Altera
1214 2099 1419 2147 caussa,
1465 2099 1612 2148 quam
1646 2083 1794 2144 celat,

107 2164 367 2214 aemulatio
413 2170 515 2214 est:
566 2169 769 2213 veretur
813 2163 976 2222 enim,
1022 2178 1089 2213 ne
1121 2163 1276 2211 Rhesi
1309 2164 1489 2212 virtute
1523 2179 1612 2213 sua
1638 2163 1794 2229 gloria

110 2244 404 2295 obscuretur.
437 2261 560 2294 neve
596 2260 657 2293 eo
691 2250 923 2309 recepto,
972 2243 1070 2292 hoc
1104 2244 1372 2309 praecipue
1404 2249 1661 2310 tempore,
1693 2261 1792 2309 quo

109 2326 205 2374 iam
241 2326 382 2389 quasi
411 2326 460 2374 in
490 2341 634 2373 manu
662 2325 916 2373 victoriam
945 2324 1039 2373 sibi
1061 2328 1232 2373 tenere
1255 2324 1466 2385 videtur,
1499 2325 1614 2390 plus
1637 2341 1793 2390 aequa

109 2411 250 2471 parte
282 2404 441 2453 laudis
475 2405 593 2454 huie
619 2404 893 2453 cedendum
920 2405 999 2453 sit.
1052 2403 1221 2468 Longe
1246 2405 1376 2453 enim
1406 2405 1628 2455 Hectore
1652 2406 1792 2457 Rhe-

109 2499 195 2533 sus
238 2485 421 2534 viribus
469 2486 693 2551 eorporis
742 2491 794 2534 et
839 2486 1025 2534 virtute
1070 2485 1401 2549 praestantior
1433 2502 1547 2535 esse
1579 2486 1794 2551 fingitur,

110 2568 164 2613 et
206 2564 340 2612 solus
384 2565 461 2624 is,
509 2565 593 2629 qui
639 2565 845 2613 Achillis
892 2567 1133 2629 impetum
1179 2581 1275 2614 non
1310 2567 1556 2616 sustinere
1588 2572 1795 2628 tantum,

111 2643 200 2693 sed
222 2644 368 2694 etiam
393 2644 625 2710 frangere
648 2645 826 2709 possit,
854 2646 1035 2708 quippe
1066 2645 1246 2693 divinis
1272 2648 1555 2710 parentibus
1581 2664 1794 2712 progna-

112 2730 192 2775 tus
229 2730 342 2774 eta
376 2725 552 2774 divinis
588 2725 853 2789 virginibus
896 2724 1124 2772 nutritus.
1193 2724 1370 2790 Neque
1415 2728 1510 2775 tiro
1555 2733 1641 2776 aut
1683 2729 1796 2793 ipse

111 2811 198 2855 aut
232 2805 482 2855 exercitus
519 2805 653 2867 eiuS,
698 2812 750 2854 et
785 2820 989 2854 numero
1025 2810 1075 2852 et
1108 2805 1289 2854 robore
1321 2806 1555 2872 insigniS‚
1605 2808 1795 2873 proelia.

111 2887 460 2936 commissurus
509 2891 618 2948 est,
669 2885 756 2934 sed
793 2885 978 2949 magnis
1013 2884 1160 2934 rebus
1196 2886 1351 2951 gestis
1384 2887 1625 2951 victisque
1657 2887 1793 2938 fero-

111 2966 326 3016 cissimis
359 2966 606 3033 gentibus,
643 2982 769 3030 quae
802 2966 864 3014 ad
897 2970 1106 3030 pontum
1132 2967 1376 3016 Euxinum
1404 2968 1641 3027 habitant,
1678 2985 1795 3019 con-

109 3047 352 3097 firmatus.
396 3046 583 3095 Merito
607 3048 753 3109 igitur
783 3047 981 3107 choruS,
1016 3051 1279 3112 postquam
1304 3053 1446 3098 caute
1469 3049 1796 3115 modesteque

109 3127 482 3188 intercedendo,
516 3144 580 3177 ne
604 3129 787 3192 hospes
813 3128 872 3177 ab
896 3127 1120 3177 Hectore
1152 3129 1521 3194 repudiaretur,
1555 3130 1794 3195 impetra-

110 3207 212 3269 vit,
261 3207 488 3257 omnibus
534 3209 629 3257 iam
674 3207 907 3273 periculis
942 3208 1267 3273 omnibusque
1300 3210 1549 3260 laboribus
1583 3212 1794 3277 patriam

110 3287 254 3336 huius
290 3287 415 3336 socii
446 3287 660 3338 adventu
692 3288 950 3338 liberatam
986 3303 1098 3339 esse
1132 3294 1297 3354 putat,
1343 3291 1545 3356 egregio
1578 3291 1797 3342 carmine

109 3366 203 3415 viri
235 3367 407 3417 laudes
441 3369 748 3438 praedicans,
811 3366 1043 3435 Singulae
1074 3369 1219 3419 huius
1254 3374 1393 3419 actus
1425 3376 1597 3436 partes
1630 3376 1794 3437 aptae,

113 3447 377 3498 concinnae
421 3452 472 3498 et
515 3449 662 3499 rebus
707 3453 762 3499 et
805 3449 969 3499 verbis
1013 3454 1323 3512 praestantes
1375 3456 1517 3511 sunt,
1564 3467 1657 3502 nee
1702 3451 1796 3503 nisi
