2144 3854
1105 285 1228 344 126

339 434 590 487 miscendo
623 435 958 499 argumentum
993 432 1226 482 dramatis
1257 432 1450 482 restitui
1473 448 1623 499 posse
1645 433 1856 486 videtur.
1876 436 2012 489 'Post

337 517 575 579 insignem
611 514 761 577 igitur
792 512 926 562 illam
960 513 1298 574 calamitatem,
1333 528 1425 577 qua
1461 512 1631 563 Cadmi
1665 513 1840 564 domus
1871 515 2009 568 The-

336 596 413 646 bis
464 609 634 643 eversa
682 598 792 654 est,
838 592 1044 642 diversis
1079 594 1170 642 viis
1204 599 1426 641 errantes
1462 609 1523 642 ex
1569 593 1772 643 Boeotia
1804 595 2010 662 aufuge-

335 678 455 723 runt
488 679 540 722 et
574 672 786 722 Cadmus
821 689 930 721 cum
966 688 1120 721 uxore
1154 678 1207 721 et
1239 673 1426 738 Agave:
1475 688 1679 736 quorum
1725 675 1913 724 itinera<
1933 677 2010 725 di-

335 754 604 816 rigentibus
638 753 759 814 diis,
796 752 1002 809 accidit,
1040 759 1094 801 ut
1125 754 1289 817 Agave
1323 753 1382 800 ad
1419 753 1640 816 lllyrios‚
1688 755 1904 804 Cadmus
1937 759 2011 804 at-

334 848 430 896 que
474 833 737 881 Harmonia
776 833 838 880 ad
881 832 1246 881 Encheleenses
1296 832 1622 882 deferrentur.
1701 834 1770 884 Et
1811 836 2009 900 Agaven

331 912 529 977 quidem
581 912 916 976 Lycotlierses
962 928 1051 961 rex
1097 913 1190 960 sibi
1223 913 1530 961 matrimonio
1564 913 1742 976 iunxit,
1793 915 2008 964 Cadmus

330 999 492 1041 autem
521 992 931 1042 Encheleensium
967 1007 1055 1040 rex
1079 992 1159 1040 dei
1183 992 1316 1040 iussu
1345 998 1537 1040 creatus
1572 999 1664 1045 est.
1735 994 1888 1044 Cuius
1917 996 2008 1045 sub

329 1073 556 1136 auspiciis
603 1088 750 1136 quum
794 1071 1126 1135 Lycotherses
1171 1073 1231 1121 ab
1279 1071 1700 1123 Encheleensibus
1733 1075 1892 1125 victus
1926 1090 2007 1124 es-

329 1156 435 1210 set,
472 1153 664 1215 Agave,
699 1153 864 1217 agnito
898 1154 1064 1216 patre,
1105 1157 1397 1215 tyrannum,
1433 1153 1570 1203 cuius
1605 1155 1899 1204 connubium
1929 1155 2006 1205 in-

326 1232 426 1280 vita
458 1232 766 1290 toleraverat,
801 1231 1015 1289 occidit,
1052 1247 1149 1295 quo
1181 1231 1316 1280 facto
1351 1231 1590 1294 CadmuS,
1625 1235 1882 1298 utriusque
1914 1250 2004 1301 po·-

325 1311 426 1376 puli
458 1327 661 1375 regnum
713 1311 948 1376 adeptus,
991 1310 1229 1359 felicitate
1262 1327 1380 1361 usus
1415 1319 1492 1361 est
1523 1329 1636 1363 cum
1668 1315 1796 1374 suis,
1844 1315 2006 1364 donec

325 1406 533 1455 corpora
559 1391 610 1439 in
635 1391 897 1439 draconum
924 1390 1108 1439 formas
1131 1395 1334 1451 mutata,
1368 1393 1558 1442 animae
1583 1394 1807 1443 autemiu
1833 1393 2003 1444 beato-

323 1486 434 1519 rum
471 1470 675 1519 insulam
711 1471 837 1518 Iovis
871 1471 1008 1519 iussu
1045 1469 1237 1519 delatae
1283 1476 1413 1522 sunt.
1494 1471 1707 1523 Videtur
1739 1473 1862 1522 deus
1911 1473 2003 1522 ali-

323 1550 451 1614 quis,
485 1565 513 1596 a
547 1564 739 1598 summo
774 1549 889 1598 Iove
922 1550 984 1597 ad
1019 1549 1255 1597 Cadmum
1281 1556 1430 1615 atque
1458 1552 1770 1601 Harmoniam
1790 1554 1840 1602 in
1868 1569 2001 1602 cam-

319 1645 437 1695 pum
474 1628 699 1692 Elysium
749 1628 1091 1692 perducendos
1138 1629 1348 1687 missus,
1395 1630 1460 1678 de
1503 1633 1801 1694 animarum,
1851 1644 2000 1696 quum

320 1723 581 1773 corporum
615 1707 819 1756 vinculis
854 1708 1090 1757 liberatae
1123 1717 1319 1771 essent,
1353 1709 1449 1758 vita
1477 1710 1733 1774 docuisse,
1768 1711 1892 1762 haec
1925 1712 1999 1762 in·

317 1795 397 1838 ter
424 1788 515 1836 alia
549 1787 719 1835 diceus
736 1784 811 1852 *):

446 1893 511 1902 —
575 1893 644 1902 -—
710 1865 941 1929 οὐρανός
973 1868 1030 1918 θ’
1062 1866 1200 1934 ἡμᾶς
1230 1865 1365 1934 ὕπερ

448 1945 645 1997 δίναισι
677 1947 880 2008 φοιτῶν
913 1944 1022 1998 ἐστι
1054 1947 1327 2013 δαιμόνων
1359 1945 1503 2009 ἕδος·

445 2026 506 2079 τὸ
541 2026 589 2078 δ’
625 2021 684 2076 έν
715 2024 855 2094 μέσῳ
888 2032 987 2078 τοῦ
1020 2029 1064 2078 τ’
1100 2028 1338 2094 ούρανοῦ
1371 2046 1426 2080 τε
1459 2027 1550 2082 καὶ
1579 2028 1779 2096 χθονὸς

446 2106 499 2158 οἱ
530 2105 628 2172 μὲν
666 2106 803 2167 Χάος
835 2110 1090 2160 καλοῦσιν
1122 2137 1185 2146 -
1251 2138 1316 2146 -
1383 2138 1447 2146 -
1513 2140 1592 2159 -.

312 2190 706 2246 Potuittamen,
749 2189 800 2238 id
846 2191 976 2253 quod
1027 2190 1105 2238 his
1137 2191 1300 2239 verbis
1333 2192 1508 2240 melius
1542 2191 1793 2252 convenit,
1842 2191 1990 2241 etiam

311 2271 492 2336 Agave,
526 2269 796 2335 inspirante
827 2269 1054 2327 Baccho,
1088 2276 1353 2335 praecepta
1387 2271 1623 2334 quaedam
1659 2271 1879 2320 barbaris
1912 2286 1991 2320 ar·

310 2366 431 2398 cana
464 2348 674 2398 tradere.
741 2348 965 2397 Necesse
997 2349 1127 2398 enim
1163 2356 1241 2398 est
1275 2352 1400 2398 hanc
1449 2351 1683 2416 singulari
1709 2352 1872 2416 aliqua
1891 2352 1990 2400 vir-

307 2434 417 2478 tute
450 2434 533 2477 aut
564 2427 803 2476 facultate
835 2428 1200 2478 admirationem
1231 2430 1482 2480 hominum
1508 2431 1727 2479 ferorum
1761 2431 1988 2490 movisse,

307 2523 470 2571 neque
514 2507 673 2572 potuit
720 2507 906 2556 femina
951 2509 1223 2558 errabunda
1258 2511 1364 2574 ipsa
1397 2527 1490 2576 per
1522 2527 1577 2559 se
1611 2512 1674 2560 ad
1705 2511 1831 2574 regii
1865 2526 1990 2559 con-

306 2588 442 2639 nubii
473 2587 711 2636 honorem
747 2589 878 2637 eniti.
945 2588 1123 2637 Eidem
1157 2589 1309 2655 igitur
1342 2591 1506 2640 tribuo
1541 2590 1720 2658 fragm,
1751 2591 1856 2640 inc.
1888 2594 1987 2640 9¹1:

961 2666 1033 2734 μή
1067 2685 1159 2732 μοι

435 2746 638 2797 λεπτῶν
669 2745 891 2812 θίγγανε
925 2746 1133 2811 μύθων,
1166 2747 1325 2815 ψυχή.

433 2826 484 2877 τί
515 2826 736 2893 περισσὰ
769 2830 1018 2892 φρονεῖς,
1055 2824 1227 2894 εἰμὴ
1261 2827 1526 2893 μέλλεις

432 2907 903 2972 σεμνύνεσθαι
937 2910 1080 2974 παρ’
1115 2906 1416 2973 ὁμοίοιςς

300 2986 432 3036 lnter
476 2989 625 3037 rudes
663 2989 893 3038 barbaros
928 2990 1090 3039 locum
1119 3007 1215 3040 non
1252 3006 1364 3039 esse
1395 2988 1678 3038 reconditae
1710 2987 1981 3055 sapientiae

299 3069 576 3132 praeceptis
623 3068 929 3134 intelligens,
978 3086 1034 3119 se
1083 3088 1111 3120 a
1161 3072 1481 3136 cogitatorum
1527 3068 1830 3120 sublimitate
1869 3070 1979 3136 ipsa

362 3261 407 3316 *)
439 3261 509 3304 Cf.
537 3262 700 3307 Helen.
728 3280 772 3307 v.
801 3264 938 3309 1⁰15:

1335 3351 1359 3379 ο
1390 3350 1500 3386 vove

540 3402 635 3446 ταῖν
661 3403 993 3450 κατθανόντων
1021 3405 1075 3464 ζῇ
1099 3403 1182 3462 μὲν
1211 3402 1282 3457 οὔ,
1311 3401 1494 3461 γνώμην
1523 3403 1566 3448 δ’
1593 3403 1679 3461 ἔχει

541 3468 797 3529 ἀθάνατον,
827 3477 892 3528 εἰς
919 3474 1163 3522 &vivat-ov
1189 3472 1341 3533 αἰθέρ’
1370 3474 1587 3532 ἐμπεσών.
