2144 3854
939 269 1058 326 129

162 418 367 470 miratus
423 416 667 475 Pericles,
733 415 1045 477 imbutusque
1095 413 1155 462 ab
1215 431 1277 464 eo
1335 430 1501 466 rerum
1554 415 1836 467 sublimium

160 497 544 562 coelestiumque
587 495 887 561 cognitione,
940 507 1039 542 non
1094 492 1255 542 animo
1299 493 1449 544 modo
1494 495 1696 546 excelso
1739 496 1839 547 fuit

160 577 457 642 sublimique
499 592 619 626 usus
663 578 741 625 est
783 571 981 622 dicendi
1024 587 1208 636 genere
1223 607 1238 630 ‚
1284 588 1408 637 puro
1457 590 1486 623 a
1544 574 1739 639 plebeia
1788 578 1840 627 ct.

159 661 356 710 versuta
408 655 722 714 scurrilitate,
788 667 955 700 verum
1018 650 1168 700 etiam
1225 650 1277 701 in
1328 652 1464 702 vultu
1519 655 1735 719 gravitas
1791 656 1840 706 ei

159 737 333 788 aderat
371 735 435 786 ad
479 735 632 784 risum
675 732 907 792 immota,
951 735 1005 780 et
1047 730 1101 778 in
1145 729 1341 779 incessu
1387 731 1597 794 lenitas,
1659 736 1707 787 in
1753 751 1837 786 ve-

159 816 281 866 stitu
319 813 591 874 modestia,
647 827 771 875 quae
814 809 946 860 nulla
989 824 1203 874 unquam
1245 810 1392 859 animi
1426 814 1755 865 commotione
1788 817 1840 867 in

157 895 370 946 dicendo
402 893 706 952 turbaretur,
750 895 858 940 tum
891 889 1163 939 modulatio
1194 888 1330 938 vocis
1365 890 1534 939 sedata
1568 897 1618 940 et
1649 894 1839 959 reliqua

159 974 266 1025 eius
298 972 492 1040 generis
526 970 798 1030 eiusmodi,
842 975 899 1019 ut
931 970 1179 1033 ingentem
1213 968 1432 1019 omnium
1466 970 1839 1024 admirationem

160 1049 480 1104 excitarent?
545 1051 733 1100 Eadem
782 1049 894 1100 fere
926 1045 1090 1099 omnia
1122 1048 1187 1098 de
1219 1047 1474 1113 Euripidis
1508 1051 1728 1102 moribus
1761 1055 1838 1103 in·

158 1131 402 1199 genioque
433 1130 705 1182 traduntur.
774 1129 988 1180 Severus
1023 1128 1155 1178 enim
1189 1126 1345 1178 fuisse
1377 1129 1541 1180 fertur
1572 1137 1722 1198 atque
1752 1150 1837 1184 au-

158 1218 324 1262 sterus
357 1215 410 1260 et
441 1227 470 1260 a
503 1210 607 1259 risu
639 1226 736 1259 non
771 1210 950 1269 minus,
986 1224 1130 1273 quam
1157 1207 1466 1273 Anaxagoras
1488 1210 1617 1276 ipse,
1651 1213 1838 1264 alienus

157 1288 505 1358 (σκυθρωπὸς
544 1287 634 1341 καὶ
679 1289 913 1350 σύννους
944 1285 1034 1339 καὶ
1066 1285 1328 1353 αὐστηρὸς
1360 1285 1603 1353 ἐφαίνετο
1637 1290 1727 1343 καὶ
1758 1311 1836 1360 μι-

156 1369 419 1440 corebus).
485 1371 655 1435 ltaque
688 1371 967 1422 Alexander
989 1369 1195 1419 Aetolus
1231 1368 1381 1433 (teste
1399 1370 1565 1422 Gellio
1595 1371 1707 1431 XV,
1729 1373 1837 1440 20.)

158 1453 254 1504 hos
285 1452 354 1503 de
385 1468 447 1502 eo
478 1467 651 1502 versus
685 1449 987 1515 composuit:

292 1530 324 1583 ὅ
371 1529 420 1582 δ’
482 1523 840 1596 Ἀναξαγόρου
896 1526 1154 1593 τρόφιμος
1202 1531 1360 1593 χαιοῦ
1419 1527 1689 1596 στρυφνὸς
1742 1529 1840 1596 μὲν

995 1606 1169 1673 ἔμοιγε
1200 1611 1498 1673 προςειπεῖν

292 1689 382 1742 καὶ
413 1687 699 1756 μισογέλως
730 1686 822 1741 καὶ
862 1686 1120 1750 τωθάζειν
1169 1685 1295 1739 οὐδὲ
1326 1689 1450 1754 παρ’
1484 1683 1637 1742 οἶνον
1669 1708 1837 1757 μεμα-

997 1766 1204 1834 θηκώς·

292 1846 456 1900 ἀλλ”*
424 1867 455 1900 ο
478 1866 530 1902 τι
553 1848 772 1916 γράψαι,
805 1849 952 1899 τοῦτ’
985 1846 1053 1899 ἂν
1085 1845 1290 1914 μέλιτος
1320 1846 1411 1901 καὶ
1440 1848 1702 1916 οειρήνων
1736 1847 1837 1903 ἐτε-

993 1927 1172 1995 τεύχει.

162 2009 368 2061 Periclis
399 2009 449 2060 in
481 2025 546 2059 eo
577 2025 772 2074 quoque
803 2008 976 2059 similis
1010 2008 1122 2071 fuit,
1156 2008 1289 2073 quod
1323 2008 1728 2061 consuetudinem
1746 2012 1838 2062 ho-

160 2091 346 2141 minum
379 2094 431 2140 et
461 2089 821 2139 familiaritates
866 2090 1034 2139 vitavit
1082 2087 1323 2155 (φεύγων
1366 2086 1459 2150 τὰς
1501 2088 1840 2156 συνουσίας);

163 2170 284 2235 quin
315 2168 466 2220 etiam
496 2169 548 2219 in
583 2169 867 2236 speluncam
901 2169 1143 2234 quandam
1174 2175 1356 2220 tetram
1389 2175 1443 2220 et
1473 2170 1722 2221 horridam
1739 2210 1755 2235 .,
1789 2173 1841 2222 in

160 2250 317 2302 insula
341 2248 588 2300 Salamine
610 2249 774 2310 sitam,
801 2265 949 2314 saepe
979 2250 1353 2318 scribendorum
1374 2251 1644 2303 carminum
1668 2267 1842 2303 caussa

160 2346 294 2401 eum·
322 2329 590 2379 recessisse
651 2329 825 2379 retulit
869 2328 1196 2380 Philochorus
1245 2330 1375 2396 apud
1411 2329 1539 2382 Gell.
1572 2331 1606 2382 l.
1638 2331 1675 2385 l.
1709 2337 1758 2382 et
1790 2334 1841 2382 in

161 2409 263 2460 vita
294 2408 403 2458 cod.
431 2406 643 2458 Vindob.
698 2407 832 2458 ⁴Non
877 2409 1144 2460 defuerunt
1188 2410 1412 2460 homines
1455 2413 1702 2476 protervi,
1757 2411 1842 2477 qui

159 2493 327 2540 tantae
357 2488 575 2537 virorum
607 2488 1061 2537 honestissimorum
1095 2489 1341 2539 maiestati
1371 2491 1675 2541 insultarent.
1711 2491 1840 2540 Nam

159 2584 261 2619 non
291 2567 452 2618 solum
498 2567 860 2617 comoediarum
893 2568 1162 2633 scriptores
1197 2569 1409 2618 cavillari
1438 2569 1684 2620 Periclem
1717 2585 1841 2620 nun-

160 2663 309 2714 quam
341 2646 652 2707 destiterunt‚
686 2646 776 2695 sed
809 2647 858 2695 in
890 2646 1000 2695 foro
1033 2662 1228 2711 quoque
1260 2652 1408 2712 atque
1441 2649 1490 2698 in
1513 2650 1725 2714 negotiis
1747 2665 1841 2714 pu-

160 2727 305 2778 blicis
338 2727 731 2776 administrandis
758 2725 951 2789 accidit,
984 2731 1042 2775 ut
1074 2727 1286 2790 improbi
1320 2727 1575 2777 cniusdam
1608 2732 1663 2777 et
1693 2732 1842 2793 pet-u-

162 2807 308 2858 lantis
354 2806 569 2856 hominis
614 2806 890 2856 maledictis
936 2811 988 2854 et
1034 2806 1338 2856 contumeliis
1372 2807 1456 2857 ille
1491 2807 1841 2859 lacesseretur.

162 2887 322 2950 Quem
353 2903 504 2952 quum
538 2891 694 2936 totum
729 2885 859 2935 diem
893 2886 1139 2951 patienter
1170 2886 1383 2947 tulisset,
1417 2887 1612 2952 vesperi
1640 2887 1842 2936 domum

161 2981 406 3030 reversus,
439 2967 712 3017 insectante
744 2965 829 3014 illo
862 2972 1009 3030 atque
1042 2966 1314 3031 opprobriis
1348 2965 1650 3030 impetente,
1699 2965 1846 3016 iussit

162 3046 411 3098 homiuem
442 3047 708 3114 impurum,
743 3061 894 3111 quum
924 3060 1020 3094 nox
1055 3044 1186 3094 facta
1216 3050 1369 3104 esset,
1403 3061 1431 3094 a
1457 3047 1610 3095 servis
1633 3061 1843 3095 accenso

164 3125 350 3176 lumine
390 3125 568 3177 deduci
599 3126 816 3177 domum.
882 3124 1071 3173 Eadem
1106 3124 1369 3189 Euripides
1404 3141 1524 3174 usus
1574 3126 1845 3175 constantia

168 3206 484 3256 contumelias
532 3211 584 3254 et
628 3204 893 3255 calumnias
939 3204 1284 3269 Aristophanis
1316 3221 1409 3271 per
1442 3209 1597 3255 totam
1629 3209 1844 3254 aetatem

166 3285 316 3336 tacite
346 3286 686 3351 patienterque
718 3284 849 3347 tulit,
883 3300 947 3334 ne
977 3283 1251 3348 respiciens
1286 3285 1485 3349 quidem
1518 3285 1582 3335 ad
1616 3283 1844 3334 crimina-

166 3364 327 3415 tiones
350 3365 624 3417 nebulonis,
692 3365 843 3416 Guius
866 3369 1064 3430 poetae,
1098 3363 1232 3429 pleni
1258 3363 1446 3429 leporis
1472 3370 1524 3416 et
1549 3364 1843 3414 facetiarum

167 3447 316 3508 atque
347 3446 477 3510 apud
500 3445 831 3497 Athenienses
859 3441 1212 3508 gratiosissimi,
1246 3444 1357 3494 telis
1377 3443 1672 3495 acutissimis
1695 3457 1844 3507 quum

1482 3527 1516 3571 9
