2144 3854
1099 263 1222 320 110

321 426 404 461 res
437 409 687 476 agebatur.
750 407 916 472 Atque
946 408 1033 460 ilie
1065 409 1267 476 quidem
1301 406 1620 460 Cretensibus
1652 407 1716 458 ad
1745 423 1882 460 arma
1917 424 2005 459 vo-

324 492 466 551 catis,
499 491 785 554 impetuque
817 490 867 540 in
899 491 1085 558 regiam
1122 490 1284 549 facto,
1316 494 1595 554 tyrannum,
1629 488 1804 555 opibus
1836 489 2007 539 militi-

323 571 512 634 busque
558 570 963 629 munitissimum,
1023 571 1087 621 de
1138 572 1391 638 potentiae
1435 569 1636 635 fastigio
1677 569 2007 635 praecipitare

321 652 606 699 conabatur.
676 650 776 700 Aut
808 651 939 699 enim
972 651 1164 715 integra
1196 657 1280 700 aut
1311 651 1563 700 levissime
1597 655 1782 699 mutata
1803 647 1855 716 ²⁸³)
1890 648 2006 699 red-

320 729 450 779 didit
479 729 835 796 Aristophanes
867 730 950 779 issa
982 733 1033 780 in
1067 731 1219 781 Ranis
1252 748 1298 780 v.
1335 734 1465 783 1356
1498 746 1664 796 seqq.:

449 807 561 860 ἀλλ’
598 801 639 859 ὦ
674 810 894 878 Κρῆτες,
926 804 1073 871 Ἴδας
1104 809 1278 876 τέκνα,

446 887 514 941 τὰ
544 889 670 953 τόξα
701 890 953 958 λαβόντες
984 889 1299 958 ἐπαμύνατε,

446 970 512 1023 τὰ
544 972 689 1023 κῶλά
720 973 766 1023 τ’
799 972 1101 1039 ἀμπάλλετε,

445 1053 803 1119 κυκλούμενοι
834 1052 933 1122 τὴν
967 1055 1142 1107 οἰκίαν
1159 1070 1173 1084 ·

447 1131 558 1199 ἅμα
590 1133 648 1185 δὲ
681 1134 959 1188 Δίκτυννα
990 1139 1115 1198 παῖς

443 1208 687 1281 ’Ἀρτεμις
717 1214 853 1268 καλὰ

447 1295 541 1357 τὰς
572 1297 828 1360 κυνίσκας
860 1295 1035 1365 ὲ’χουσ’
1070 1294 1267 1350 ἐλθέτω

444 1376 536 1430 διὰ
569 1377 751 1445 δόμων
781 1382 1022 1448 πανταχῆ
1041 1394 1054 1408 ·

446 1451 514 1509 σὺ
538 1458 604 1521 δ’,
641 1452 684 1510 ὦ
718 1461 867 1524 Διός,
903 1459 1201 1526 διαπύρους
1239 1457 1503 1531 ἀνέχουσα

445 1540 728 1606 λαμπάδας
759 1541 1039 1605 ὀξυτάταιν
1072 1557 1175 1607 χει-

443 1623 581 1688 ροῖν,
618 1615 827 1686 Ἑκάτα,
859 1622 1198 1690 παράφηνον.

315 1702 416 1754 Sed
448 1704 605 1754 multo
638 1712 781 1766 ante,
830 1722 975 1770 quam
1020 1704 1264 1755 Daedalus
1312 1703 1439 1752 hanc
1483 1715 1701 1767 pugnam
1733 1696 1910 1758 iniret,
1956 1698 2006 1746 in

313 1799 410 1848 qua
443 1786 635 1834 occisus
672 1792 775 1847 est,
821 1785 1012 1835 Icarum
1046 1786 1256 1835 volando
1306 1785 1514 1834 salutem
1561 1780 1766 1848 petisse
1797 1793 2006 1830 necesse

313 1870 407 1914 est.
477 1865 554 1915 cf.
592 1866 734 1917 Ovid.
767 1867 893 1917 Met.
927 1865 1053 1928 Vm,
1091 1869 1214 1915 185:
1462 1858 1467 1862 ⁴

445 1972 510 1982 —
578 1974 640 1983 —
707 1946 936 2007 „Terras
970 1947 1109 2004 licet,
1145 1946 1330 2013 inquit,
1366 1950 1420 1994 et
1451 1943 1622 1994 undas

450 2026 710 2088 obstruat,
748 2034 804 2077 at
840 2029 1036 2077 coelum
1073 2033 1214 2077 certe
1239 2032 1426 2094 patet:
1459 2025 1646 2102 ibimus
1678 2024 1819 2075 illac.

448 2108 637 2158 Omnia
662 2108 948 2175 possideat,
982 2124 1086 2158 non
1111 2107 1345 2175 possidet
1381 2122 1510 2156 aera
1549 2104 1775 2156 Minos’'.

312 2187 523 2240 Videtur
567 2187 773 2238 Ovidius
817 2189 966 2239 etiam
1015 2189 1396 2238 admonitionem
1442 2188 1599 2253 patris
1631 2187 1856 2237 imitatus
1889 2201 2004 2237 esse

310 2268 362 2320 in
391 2270 558 2320 hisce:

443 2350 706 2412 „Instruit
744 2357 798 2401 et
830 2356 1045 2401 natum.-
1084 2348 1364 2418 Medioqae
1395 2355 1455 2399 ut
1491 2349 1658 2399 limite
1692 2364 1889 2411 curras,

445 2430 616 2492 Ieme,
652 2432 745 2492 ait,
780 2448 987 2495 moneo,
1022 2447 1105 2494 ne,
1139 2432 1186 2480 si
1220 2431 1486 2481 demissior
1515 2431 1632 2492 ibis,

451 2509 605 2561 Unda
636 2517 821 2576 gravet
851 2529 1068 2579 pennas,
1102 2513 1152 2562 si
1184 2513 1380 2573 celsior,
1416 2513 1554 2578 ignis
1587 2510 1795 2562 adurat.

439 2619 509 2628 —
571 2617 640 2627 —-
706 2591 914 2642 Pariter
942 2599 1230 2661 praecepta
1262 2592 1477 2642 volandi

447 2670 635 2721 Tradit
670 2679 722 2722 et
755 2674 963 2738 ignotas
995 2674 1222 2724 humeris
1257 2672 1607 2724 accommodat
1643 2674 1770 2724 alas.

440 2752 590 2801 Inter
623 2769 750 2820 opus
782 2755 1108 2823 monitusque
1140 2771 1312 2820 genae
1344 2754 1594 2804 maduere
1623 2754 1813 2803 seniles

439 2833 519 2883 Et
551 2835 763 2900 patriae
795 2840 1057 2885 tremuere
1088 2851 1286 2885 manus.
1355 2834 1517 2884 Dedit
1552 2835 1728 2884 oscula
1761 2839 1888 2885 nato

443 2912 567 2962 Non
600 2915 793 2965 iterum
825 2915 1115 2982 repetenda
1144 2913 1271 2965 sao''
1306 2918 1401 2965 etc.

439 2994 629 3043 Icarum
664 2995 714 3043 in
748 3012 882 3045 mare
913 2997 1162 3046 decidisse
1214 3000 1441 3046 constans
1477 3001 1555 3045 est
1587 2996 1886 3062 scriptorum
1920 3001 1996 3046 te-

310 3075 602 3124 stimonium.
670 3074 780 3123 Non
813 3082 981 3140 potest
1012 3078 1160 3142 igitur
1192 3076 1420 3126 monodia
1450 3076 1562 3138 illa,
1596 3092 1743 3141 quam
1777 3093 1995 3127 comme-

365 3189 417 3246 *)
446 3189 729 3302 {choliasttae
754 3193 881 3233 nota:
909 3188 1135 3304 ταύταέὲ
1164 3186 1317 3303 stade&
1345 3187 1485 3303 tc'cbssu
1502 3190 1700 3305 ἔρτῖτῶν
1717 3191 1994 3305 Εὕέοιπίδους

480 3274 504 3302 e
535 3273 646 3302 rava
667 3274 694 3302 a
722 3275 819 3303 esse
881 3275 981 3303 enm
1380 3275 1402 3302 r
1706 3292 1718 3304 .
1972 3286 1995 3295 -

444 3275 549 3374 mgn
590 3276 920 3386 depravatioffiis
955 3275 1384 3390 νῖἰῇςξῗρὲιΐοᾷἰ
1413 3266 1992 3391 τζᾶίοιῗειῖῗρροιιιειίιίῗεοξιῗε

447 3400 495 3452 ἐς
521 3401 714 3457 Γλύκης,
739 3397 866 3454 ὅπως
894 3397 952 3447 ἂν
978 3405 1246 3457 εἰςελθοῦσα
1263 3402 1480 3462 φωράσω,
1500 3394 1721 3461 ¹deprendi
1738 3408 1862 3452 nulla
1878 3404 1994 3451 mihi

446 3486 578 3526 posse
606 3473 822 3518 videntur.
1233 3489 1237 3492 ’
