2144 3854
1108 301 1232 359 336

343 467 551 518 aequum
585 463 728 510 esse,
776 448 833 496 'ut
863 445 1046 497 Medea
1077 447 1308 498 maritum
1342 445 1698 509 ulcisceretur,
1729 447 1826 498 iam
1858 452 2002 500 ante-

344 548 486 597 quam
522 530 581 577 ab
616 529 709 576 hac
741 528 1022 586 doceretur,
1057 528 1250 577 censuit
1278 524 1352 588 ²⁸).

472 608 728 668 lucendio,
779 607 940 656 Iasoni
985 607 1230 672 domoque
1277 607 1406 670 regis
1450 611 1650 672 parato,
1696 605 1858 656 Creon
1896 607 2007 670 ipse

342 690 501 738 facem
535 688 684 736 addit.
754 687 875 736 Nam
911 695 1166 752 comperto
1200 686 1430 736 Medeam
1464 685 1732 748 perniciem
1781 687 2005 735 omnibus

341 768 532 826 minari,
568 783 810 832 occupare
844 783 950 816 eam
985 767 1212 828 studens,
1249 766 1502 815 Corinthia
1535 771 1666 814 terra
1700 765 1859 814 statim
1895 781 2004 815 eam

343 847 586 898 excedere
617 847 779 906 iubet,
825 846 913 895 sed
959 863 1107 910 quum
1141 848 1284 911 longe
1319 847 1384 896 sit
1416 845 1598 894 Medea
1631 844 1897 894 calliditate
1929 849 2006 894 at-

342 944 438 992 que
472 926 674 976 audacia
706 926 924 984 inferior,
960 926 1206 991 decipitur
1238 932 1384 989 atque
1422 924 1814 975 circumvenitur.
1879 923 2005 973 Nam

340 1008 644 1057 innocentem
679 1021 735 1054 se
766 1005 865 1062 illa,
900 1006 1173 1071 simplicem
1207 1006 1595 1070 submissumque
1624 1020 1734 1054 esse
1757 1004 2006 1064 simulans,

343 1103 490 1152 quum
524 1086 774 1135 iracundia
816 1090 1038 1145 aestuet,
1089 1086 1150 1133 ad
1186 1102 1360 1151 preces
1395 1085 1682 1141 descendit,
1719 1083 2008 1150 suppliciter

342 1181 514 1226 orans,
562 1170 618 1215 ut
651 1181 799 1212 unum
835 1165 1009 1213 saltem
1057 1164 1220 1226 diem,
1263 1181 1360 1228 quo
1408 1166 1535 1213 vitae
1580 1164 1796 1214 subsidia
1840 1163 2007 1213 liberis

341 1245 641 1310 prospiciat,
689 1259 887 1293 manere
919 1244 1094 1304 liceat,
1141 1244 1192 1292 id
1225 1246 1356 1307 quod
1391 1244 1578 1299 Creon,
1631 1244 1828 1292 mollior
1861 1258 2008 1307 quam

340 1324 641 1389 prudentior,
677 1323 880 1372 concedi
912 1324 1116 1386 opinans
1151 1324 1255 1372 sine
1290 1339 1462 1388 magno
1493 1324 1716 1388 periculo
1742 1338 1892 1388 posse
1913 1321 2007 1370 fal-

340 1402 471 1453 litur.
537 1403 648 1451 Hoc
680 1403 942 1468 impetrato
975 1403 1156 1452 Medea
1190 1404 1489 1468 triumphat,
1539 1419 1700 1467 neque
1744 1403 1841 1451 iam
1889 1417 2007 1451 cnu-

341 1482 571 1531 ctandum
608 1498 720 1531 esse
752 1489 883 1542 rata,
929 1484 1093 1532 statim
1140 1499 1394 1548 quamnam
1450 1482 1760 1546 potissimum
1804 1481 2009 1530 ultiouis

341 1562 466 1610 viam
511 1562 810 1624 ingrediatur
860 1562 1115 1611 deliberat.
1182 1562 1304 1611 Dolo
1351 1569 1500 1626 atque
1546 1562 1738 1612 occulte
1786 1561 2010 1611 inimicos

341 1641 619 1691 interficere
652 1643 889 1705 optimum
924 1642 973 1690 ei
1004 1641 1195 1691 videtur
1228 1659 1287 1692 ea
1321 1643 1625 1702 conditione,
1660 1642 1732 1703 si,
1765 1642 1862 1692 hoc
1894 1657 2010 1708 per-

341 1726 568 1786 petrato,
617 1722 785 1771 salutis
831 1722 992 1786 aliqua
1039 1739 1155 1789 spes
1203 1729 1253 1772 et
1286 1723 1423 1788 quasi
1456 1729 1631 1786 portus
1665 1727 1894 1771 ostensus
1928 1720 2011 1782 sit,

342 1816 439 1866 quo
472 1801 741 1866 perfugere
774 1808 881 1852 tuto
915 1803 1099 1865 possit3
1149 1803 1227 1852 sin
1269 1803 1401 1851 nullo
1435 1803 1626 1852 invento
1659 1802 1885 1868 perfugio
1919 1801 2011 1850 eii-

343 1882 515 1939 ciatur,
548 1882 656 1945 ipsa
689 1890 886 1948 arrepto
920 1898 1066 1943 ense,
1114 1883 1308 1932 etiamsi
1341 1883 1650 1932 moriendum
1685 1883 1774 1942 sit,
1808 1882 2012 1931 caedem

342 1968 539 2026 patrare
572 1965 624 2009 et
655 1968 874 2011 extrema
901 1978 1124 2027 quaeque
1147 1963 1332 2011 audere
1354 1963 1631 2011 constituit:
1697 1977 1860 2026 neque
1881 1960 2042 2029 enim·

344 2041 747 2090 committendum
782 2057 910 2100 esse,
943 2047 1001 2090 ut
1033 2043 1158 2106 ipsa,
1194 2041 1324 2090 Solis
1360 2042 1555 2107 neptis,
1590 2040 1800 2089 ludibrio
1833 2039 1900 2088 sit
1932 2039 2010 2088 Si-

345 2119 493 2184 syphi
525 2121 651 2182 proli
684 2125 831 2184 atque
864 2120 1036 2180 Iasoni,
1074 2121 1159 2169 sed
1195 2121 1419 2168 omnibus
1454 2120 1641 2169 artibus
1677 2118 2010 2184 consiliisque,

344 2199 599 2247 adiuvante
658 2199 875 2258 Hecate,
935 2201 1243 2261 enitendum,
1301 2206 1358 2250 ut
1402 2200 1625 2249 funestas
1675 2199 1770 2248 illis
1813 2199 2009 2265 nuptias

343 2279 669 2344 acerbamque
702 2279 878 2328 reddat
910 2279 1075 2346 fugam
1110 2296 1264 2332 suam.

475 2358 567 2407 His
609 2358 695 2407 ubi
736 2359 797 2407 ad
847 2360 1032 2408 atrocia
1065 2376 1120 2408 se
1152 2360 1370 2408 facinora
1404 2363 1749 2422 certamenque
1780 2358 2012 2408 audaciae

345 2439 609 2488 ineundum
642 2438 878 2498 accinxit,
925 2444 1065 2487 actus
1113 2439 1280 2488 finitur
1321 2439 1594 2499 secundus,
1640 2454 1784 2502 quem
1830 2438 2014 2502 excipit

346 2517 600 2582 στάσιμον
633 2519 860 2580 primum,
913 2534 1008 2582 quo
1043 2518 1248 2566 docetur
1293 2519 1537 2567 immerito
1570 2518 1860 2567 feminarum
1893 2517 2012 2567 levi-

346 2603 500 2648 tatem
546 2613 603 2646 ac
649 2598 902 2660 perfidiam
951 2598 1162 2662 antiquis
1210 2600 1504 2648 carminibus
1541 2598 1838 2647 diffamatam
1873 2613 2012 2647 esset

347 2695 458 2729 nam
493 2678 535 2727 si
566 2677 762 2742 poetica
795 2677 1002 2728 facultas
1036 2678 1235 2727 feminis
1279 2679 1392 2728 data
1437 2685 1626 2740 esset,'·
1647 2693 1744 2727 non
1776 2678 2012 2727 minorem

346 2758 503 2808 fuisse
528 2759 744 2807 virorum
775 2773 918 2822 quam
941 2758 1197 2807 mulierum
1230 2757 1483 2808 infamiam
1532 2775 1625 2809 nec
1658 2758 1839 2807 rariora
1873 2757 2011 2806 frau-

403 2925 454 2980 '2‘)
481 2925 531 2966 V.
562 2921 657 2965 156.
715 2923 803 2965 Hic
831 2936 1005 2978 quoque
1031 2926 1156 2966 locus
1197 2924 1493 2979 corruptelam
1531 2924 1665 2967 traxit
1698 2924 1857 2977 talem,
1898 2934 2014 2979 quae

487 3007 574 3036 uon
602 2992 737 3048 possit
766 3007 850 3048 ope
881 2994 1082 3036 codicum
1111 2996 1287 3046 sanari3
1315 3007 1424 3037 vera
1451 2995 1588 3037 latent
1612 2994 1658 3037 in
1685 2993 1889 3038 scholiis:

598 3063 641 3106 εἰ
668 3061 717 3106 δὲ
746 3062 824 3112 σὸς
851 3062 985 3114 πόσις
1010 3063 1146 3108 καινὰ
1176 3064 1278 3121 λέχη
1308 3065 1483 3121 σεβίζει,

592 3133 725 3190 κείνῳ
754 3131 861 3176 τόδε
889 3134 1143 3191 χαράσσον·

600 3200 712 3251 Ζεύς
742 3202 825 3246 σὺν
854 3207 971 3262 Δίκᾳ
1000 3218 1071 3248 σοι
1101 3203 1283 3257 ἔπεισιν,
1309 3201 1370 3259 μὴ
1399 3203 1500 3246 λίαν
1530 3204 1621 3245 κτλ.

495 3272 819 3329 Antistrophica
846 3273 911 3315 sic
938 3276 1171 3318 scribendo
1199 3274 1356 3317 reddes
1385 3271 1696 3329 congruentia:

598 3341 711 3388 ἀλλὰ
739 3342 861 3401 βοῖσοὶ
889 3360 962 3387 νιν
991 3346 1127 3402 δεῦρο
1157 3344 1382 3403 πόρευσον
1409 3343 1549 3388 οἴκων

598 3411 695 3467 ἔξω,
725 3415 838 3469 φίλα
865 3412 966 3457 τάδ’
995 3410 1140 3459 αὔδα·

599 3483 795 3531 σπεῦσον
822 3483 933 3544 πρὶν
962 3486 1041 3530 καί
1068 3502 1112 3531 τι
1140 3485 1342 3530 κακῶσαι
1369 3480 1478 3534 τοὺς
1506 3480 1590 3527 ἔσω
1620 3483 1711 3527 κτλ.
