2144 3854
1167 279 1285 336 138

393 426 566 476 Laium
599 429 759 474 autem
792 424 1032 487 hortatur,
1067 429 1121 474 ut
1149 424 1285 490 aegri
1313 424 1461 474 animi
1485 425 1762 476 remedium
1778 430 2055 483 eit-ratione

393 509 531 568 petat
563 520 686 553 neve
725 503 883 552 furori
914 503 1094 559 amor-is
1127 509 1316 554 temere
1350 519 1462 553 sese
1494 504 1658 554 tradat
1689 506 2053 572 mundum:

520 609 588 620 ν·-
616 582 728 632 ἄλλ’
762 574 839 632 ἐπ’
869 582 999 648 ἄλλῃ
1031 582 1315 649 φάρμακον
1346 585 1508 634 κεῖται
1539 583 1680 653 νόσῳ
1694 597 1709 612 ·

518 661 833 731 λυπουμένῳ
865 660 960 728 μὲν
992 667 1170 728 μῦθος
1199 662 1417 730 εὐμενὴς
1450 664 1639 729 φίλων,

515 742 656 808 ἄγαν
687 740 745 794 δὲ
777 741 1099 808 μωραίνοντι
1129 743 1500 811 νουθετήματα
1518 743 1587 809 *).

389 823 673 888 Respondet
703 825 867 886 Lama,
903 841 998 874 non
1031 826 1204 889 fugere
1237 842 1292 874 se
1326 842 1450 890 quae
1483 825 1566 874 ille
1598 829 1808 885 moneat,
1850 826 1942 876 sed
1974 825 2047 875 af„

386 903 570 954 fectum
603 903 751 952 animi
783 903 959 953 rationi
990 920 1084 954 non
1119 907 1488 970 obtemperare.

512 980 730 1048 λέληθεν
762 981 922 1034 οὐδὲν
949 982 1117 1035 τῶνδέ
1150 986 1202 1051 μ’
1237 983 1315 1035 ὡν
1345 976 1412 1034 σὺ
1445 985 1742 1044 νουθετεῖς·

511 1062 728 1129 γνώμην
760 1061 808 1114 δ’
841 1060 1025 1130 ε’χοντά
1054 1064 1107 1131 μ’
1141 1063 1177 1131 ή
1208 1063 1369 1130 φύσις
1399 1063 1640 1129 βιάζεται.

380 1143 510 1196 Tum
543 1144 725 1209 Pelops
743 1161 758 1192 ε

512 1222 569 1274 αἲ
602 1221 682 1274 α’ί·
716 1220 827 1273 τόδ’
858 1222 963 1289 ἤδη
993 1225 1145 1275 θεῖον
1177 1223 1483 1290 ἀνθρώποις
1512 1224 1696 1287 κακόν,

508 1301 638 1355 ὅταν
667 1317 746 1363 τις
775 1301 890 1369 εἰδῇ
922 1302 1177 1369 τάγαθόν,
1210 1307 1393 1373 χρῆται
1425 1304 1482 1356 δὲ
1513 1305 1584 1373 μή
1597 1301 1692 1374 **).

375 1385 536 1450 Rogat
568 1385 746 1435 deinde
777 1387 922 1436 Laius
937 1423 950 1449 ‚
998 1390 1053 1435 ut
1099 1390 1295 1451 tempus
1340 1386 1434 1436 sibi
1474 1385 1656 1452 Pelops
1702 1387 1940 1437 concedat
1981 1387 2042 1436 ad

376 1466 600 1518 morbum
632 1466 889 1515 commode
921 1466 1185 1514 sanandum
1199 1502 1215 1526 .,
1260 1482 1340 1526 ne,
1375 1465 1536 1515 subito
1566 1465 1805 1516 violenter
1835 1466 2040 1532 abrupta

375 1545 746 1606 consuetudine,
781 1546 876 1594 sibi
906 1544 1213 1608 pereundum
1245 1545 1338 1592 sit:
1796 1567 1801 1569 -

502 1621 705 1689 μέλλων
735 1625 779 1673 τ’
816 1621 1008 1689 ἰατρός,
1041 1626 1108 1689 τῇ
1139 1620 1282 1688 νόσῳ
1313 1615 1498 1683 διδοὺς
1528 1623 1741 1689 χρόνον,

503 1702 670 1755 ἰάσατ’
703 1702 808 1770 ἤδη
840 1705 1038 1768 μᾶλλον
1067 1701 1103 1769 ἢ
1134 1700 1302 1768 τεμὼν
1333 1702 1465 1770 χρόα
1478 1701 1610 1770 ***).

370 1784 521 1850 idque
553 1784 787 1850 Pelopem
818 1785 1092 1834 concedere
1122 1784 1319 1838 minime
1352 1785 1623 1835 mirandum
1657 1788 1763 1835 est:
1813 1798 1927 1833 nam
1956 1785 2040 1849 qni

368 1865 477 1930 ipse
507 1865 619 1930 plus
653 1880 809 1929 aequo
841 1881 1050 1930 puerum
1084 1864 1421 1914 dulcissimum
1453 1864 1642 1929 diligit,
1673 1864 1804 1913 hunc
1835 1864 2039 1920 alterius

369 1945 523 1993 amori
553 1945 811 2010 ignoscere
843 1959 1050 1993 necesse
1083 1948 1176 1993 est.
1241 1943 1491 1993 Permittit
1522 1944 1671 2008 igitur
1701 1943 1852 2006 Laio,
1902 1953 1955 1994 ut
1985 1946 2035 1995 in

368 2023 517 2073 domo
550 2039 637 2074 sua
669 2039 841 2074 rursus
874 2027 1066 2073 maneat
1105 2028 1157 2073 et
1203 2022 1512 2088 Chrysippo,
1560 2028 1618 2072 ut
1657 2027 1825 2112 antea,
1868 2029 2035 2075 utatur

364 2103 687 2154 familiariter.

496 2182 629 2232 Huic
662 2181 904 2247 colloquio
935 2183 1246 2234 subiunctum
1280 2181 1374 2232 fuit
1401 2198 1595 2232 carmen
1622 2183 1759 2243 illud,
1793 2199 1892 2248 quo
1913 2187 2030 2235 cho-

362 2276 448 2312 rus
494 2264 698 2314 miratus
733 2267 839 2321 est,
882 2263 1010 2326 quod
1044 2263 1192 2312 Laius
1225 2262 1379 2311 amori
1411 2263 1603 2326 pueruli
1637 2264 1803 2312 omnia*
1826 2269 2028 2331 postpo-

363 2348 520 2403 neret,
551 2343 766 2407 privatus
799 2343 990 2391 ratione
1023 2358 1152 2401 sana,
1188 2343 1366 2391 oblitus
1399 2342 1613 2406 patriae:

494 2421 633 2489 λήθῃ
667 2419 725 2472 δὲ
755 2421 946 2487 λόγων,
979 2421 1118 2488 λήθῃ
1152 2419 1209 2472 δὲ
1241 2420 1442 2487 πάτρας
1457 2420 1615 2487 ****).
1911 2467 1919 2474 .

362 2502 437 2551 De
471 2503 651 2551 amoris
685 2503 880 2567 ingenio
915 2503 1095 2551 ibidem
1132 2502 1313 2551 dictum
1337 2501 1495 2550 fuisse
1519 2501 1862 2565 videtur-illud,
1897 2507 2026 2569 quod

363 2582 537 2633 eodem
573 2582 683 2631 loco
716 2581 1013 2630 Plutarchus
1041 2581 1205 2630 laudat
1239 2580 1418 2645 (Amat.
1453 2598 1501 2646 p.
1537 2585 1646 2631 750.
1675 2581 1784 2648 1332
1813 2600 1816 2603 ’

490 2659 719 2726 λαιψηρὰ
750 2658 1024 2720 κυκλώσας
1054 2659 1218 2724 πτερὰ
1252 2659 1552 2721 διαπόντιος
1583 2659 1812 2712 πέταται.

358 2742 529 2791 Prodit
561 2742 740 2790 deinde
771 2741 1098 2806 Hippodamia
1129 2757 1239 2790 cum
1274 2741 1463 2790 duobus
1498 2742 1639 2804 linia,
1687 2743 1836 2791 Atreo
1875 2745 2024 2806 atque

358 2822 595 2886 Thyeste.
665 2820 922 2879 Ostendit,
971 2820 1198 2886 quidnam
1231 2821 1451 2885 periculi>
1471 2837 1533 2870 ex
1563 2821 1817 2886 iniquitate
1849 2821 2020 2885 patris,

356 2901 639 2966 praeposito
674 2901 842 2962 spurio
873 2900 995 2960 filio,
1030 2900 1152 2965 ipsis
1186 2899 1467 2961 immineat;
1506 2900 1667 2959 docet,
1701 2900 1924 2961 fratrem,
1958 2916 2021 2951 ne

355 2994 505 3043 regno
554 2979 747 3043 genuini
778 2979 1058 3044 priventur,
1104 2979 1167 3028 de
1210 2975 1370 3028 inedio
1411 2979 1682 3029 tollendum
1732 2995 1858 3029 esse.
1942 2980 2017 3029 lu-

421 3105 466 3159 *)
494 3103 674 3160 Fragm.
703 3103 791 3146 inc.
819 3102 917 3147 118.

396 3174 464 3229 **)
491 3175 655 3217 Errare
701 3173 877 3217 videtur
927 3174 1133 3218 Alcinous
1176 3175 1388 3232 (Isagogc
1424 3173 1471 3216 in
1507 3174 1623 3218 Plat.
1666 3159 1802 3219 doctr.
1833 3190 1873 3219 c.
1893 3173 2016 3230 24η)

490 3257 622 3299 quem
648 3244 803 3286 laudat
829 3244 980 3287 Valck.
1010 3245 1139 3289 diatr.
1169 3260 1213 3301 p.
1240 3243 1324 3298 22
1351 3244 1462 3287 Laio
1490 3245 1578 3289 hoc
1605 3246 1770 3290 dictum
1805 3241 2015 3299 tri‘buenS‚

493 3314 610 3369 quod
636 3313 793 3369 Pelopi
819 3314 980 3358 melius
1007 3314 1223 3358 convenit.

368 3385 452 3440 ***)
479 3384 664 3441 Fragm.
695 3383 779 3426 inc.
808 3383 878 3426 67.

353 3455 462 3509 ****)
489 3454 634 3511 Vulgo
661 3450 785 3510 λήθῃ
813 3451 895 3508 μὲν
919 3452 1064 3509 λόγων
1093 3458 1184 3499 κτλ.
