2144 3854
884 306 1007 364 2⁰9

94 454 290 506 Rursus
337 453 520 505 deinde
568 431 824 520 Telephus
857 453 1009 502 verba
1043 452 1165 502 facit
1199 458 1254 503 et
1286 452 1590 520 supplicibus
1623 454 1787 520 preci-

94 536 190 586 bus
236 551 334 585 non
385 542 573 585 tantum
627 539 683 585 ut
716 533 811 583 sibi
844 533 1065 598 ignoscat
1112 532 1335 583 Achilles
1379 534 1647 601 efflagitat,
1694 534 1786 586 sed

95 617 274 676 etiam,
322 615 550 681 Delphici
583 613 664 665 dei
697 613 899 663 oraculo
933 613 1160 678 prolato,
1198 621 1336 676 orat,
1372 619 1426 665 ut
1460 616 1646 667 vulneri
1678 632 1785 667 me·

93 695 269 746 deatur
286 692 371 756 *):

226 768 297 826 σὺ
329 773 377 826 δ’
413 767 508 825 εἶπ’
542 770 747 840 α’νᾶγκῃ
780 770 872 824 καὶ
904 773 1081 823 θεοῖσι
1114 770 1187 839 μὴ
1221 771 1421 839 μάχου·

223 854 390 920 τόλμα
422 852 481 907 δὲ
512 852 859 920 προςβλέπειν
891 838 955 919 μὲ
989 850 1078 905 καὶ
1106 853 1454 921 φρονήματος

225 935 387 1002 χάλα·
423 935 489 986 τά
520 953 605 987 τοι
637 932 856 1002 μέγιστα
889 933 1144 995 πολλάκις
1177 933 1303 995 θεὸς

223 1015 422 1068 ταπείν’
456 1015 614 1084 ἔθηκε
645 1015 737 1068 καὶ
771 1012 1101 1068 συνέστειλεν
1133 1015 1309 1068 πάλιν.

618 1098 945 1166 „proinde
979 1100 1196 1149 istaec
1231 1105 1348 1148 tua

222 1177 447 1244 Auser
511 1180 854 1230 terricula
913 1186 1121 1246 atque
1180 1178 1467 1228 animum
1528 1177 1782 1227 iratum

923 1277 949 1310 c
970 1256 1340 1327 omprime.”
1363 1254 1446 1323 **)

217 1336 386 1401 „Pro
421 1345 612 1389 certo
648 1340 1042 1390 arbitrabor
1075 1340 1296 1391 sortis
1331 1337 1591 1400 oracla,
1639 1338 1782 1388 adi-

919 1428 1028 1470 tus
1063 1419 1408 1487 auguria.”
1436 1415 1550 1482 ***)

89 1497 251 1561 Quum
285 1499 506 1549 Achilles
543 1516 599 1550 se
633 1517 836 1566 operam
871 1517 968 1550 non
1003 1501 1125 1550 dare
1171 1501 1263 1549 arti
1301 1498 1525 1548 medicae
1572 1515 1780 1565 respon-

86 1578 259 1640 disset,
292 1579 524 1644 Ulysse⁸‚
560 1596 657 1630 non
691 1587 760 1640 te,
796 1581 982 1644 inquit,
1017 1580 1226 1646 Apollo,
1263 1579 1353 1628 sed
1387 1584 1641 1629 auctorem
1672 1580 1780 1630 vul-

84 1657 218 1707 neris
253 1659 445 1708 hastam
481 1662 696 1710 nominat
717 1659 892 1724 ****):

216 1742 484 1803 πριστοῖσι
517 1741 709 1807 λόγχης
741 1738 985 1806 θέλγεται
1020 1738 1288 1806 ῥινήμασι.

85 1815 216 1868 Tum
265 1819 464 1870 demum
501 1822 660 1872 victus
697 1822 915 1872 Achilles
949 1821 1232 1887 Telephum
1268 1821 1330 1870 ad
1364 1820 1586 1869 medicos
1622 1820 1777 1881 abdu-

85 1898 155 1947 cit
198 1899 466 1950 sanandum
494 1906 572 1967 †).
664 1902 1029 1951 Intercinuntur
1073 1902 1315 1964 quaedam
1363 1917 1390 1949 a
1443 1900 1615 1956 choro.
1695 1901 1776 1950 In-

82 1977 228 2027 terim
266 1979 618 2044 Agamemnoni
651 1983 702 2030 in
751 1987 969 2031 mentem
1016 1982 1149 2030 venit
1195 1980 1414 2041 oraculi,
1463 1997 1559 2044 quo
1597 1980 1779 2031 Graeci

81 2058 259 2107 ducem
294 2059 481 2110 itineris
517 2060 801 2126 Telephum
830 2077 1072 2126 quaerere
1113 2060 1408 2110 iubebantur
1441 2077 1603 2124 neque
1625 2077 1777 2125 posse

81 2140 187 2190 sine
221 2140 370 2190 huius
405 2142 558 2190 ductu
584 2141 785 2191 Troiam
822 2143 931 2206 capi
966 2141 1271 2207 praedictum
1307 2144 1414 2189 erat
1446 2137 1574 2205 ††).
1610 2141 1777 2204 Quare

80 2235 193 2269 cum
227 2219 482 2286 Telephus
515 2221 754 2272 liberatus
788 2222 917 2295 malo
944 2222 993 2271 in
1018 2237 1215 2270 scenam
1239 2221 1489 2281 rediisset,
1527 2225 1636 2271 acta
1660 2226 1777 2272 sunt

82 2316 158 2363 ea,
192 2316 318 2366 quae
353 2301 579 2366 Hyginus
615 2303 773 2353 refert
808 2303 885 2352 his
920 2302 1114 2352 verbis:
1148 2301 1344 2364 „Quam
1379 2301 1625 2363 (hastam)
1661 2318 1775 2351 cum

143 2463 194 2520 ἥ)
223 2463 381 2520 Dictys
401 2463 458 2516 Π,
478 2462 558 2504 1⁰:
590 2462 734 2516 „Dein
767 2463 935 2507 cunctis
965 2463 1154 2506 ducibus
1182 2475 1388 2504 caussam
1417 2461 1635 2504 adventus
1679 2460 1775 2503 eius

225 2533 562 2586 admirantibus,
593 2535 827 2575 oraculum
854 2534 994 2576 refert
1023 2538 1157 2588 atque
1185 2533 1250 2575 ita
1279 2536 1399 2586 orat,
1440 2547 1496 2575 ne
1523 2531 1612 2574 sibi
1640 2545 1775 2587 prae-

224 2604 395 2647 dictum
424 2603 674 2646 remedium
704 2604 762 2646 ab
794 2604 954 2647 amicis
982 2602 1269 2660 negaretur.’'

128 2675 189 2731 ⁸')
219 2674 330 2718 Attii
357 2675 526 2732 fragm.
557 2690 599 2716 n.
629 2673 672 2716 6.
733 2674 1038 2716 Conferendus
1066 2672 1293 2727 Aristoph.
1322 2672 1518 2715 Acharn.
1536 2670 1645 2714 582:
1677 2666 1774 2714 ἀλλ’

220 2742 450 2802 ἀντιβολῶ
480 2742 533 2800 σ’,
563 2743 782 2800 ἀπένεγκέ
809 2761 901 2801 μου
932 2743 1017 2800 τὴν
1049 2741 1276 2801 μορμόνα.
1639 2737 1645 2741 ’

111 2816 193 2872 ou)
220 2817 332 2860 Attii
359 2817 526 2874 fragm.
558 2815 599 2860 Ἰ.

84 2887 193 2942 “**)
222 2887 394 2945 Hygin.
440 2890 472 2931 1.
502 2889 560 2930 l.:
614 2886 830 2941 „Achivis
875 2890 1028 2929 autem
1080 2884 1199 2940 quod
1239 2895 1506 2938 responsum
1545 2884 1640 2924 erat
1676 2881 1773 2923 sine

223 2958 420 3014 Telephi
450 2959 587 3001 ductu
627 2959 813 3002 Troiam
856 2957 958 3012 capi
994 2970 1078 2998 non
1117 2969 1276 3010 posse,
1315 2952 1454 2996 facile
1493 2967 1595 2994 cum
1634 2965 1688 2993 eo
1725 2951 1773 2993 in

219 3030 417 3086 gratiam
445 3030 672 3072 redierunt
702 3034 746 3071 et
789 3029 845 3071 ab
876 3027 1052 3070 Achille
1081 3025 1325 3081 petierunt,
1367 3027 1415 3065 ut
1443 3037 1545 3065 eum
1575 3026 1770 3065 sanaret.

223 3100 396 3155 Quibus
449 3101 652 3144 Achilles
691 3099 919 3155 respondit
961 3113 1009 3140 se
1048 3102 1192 3140 artem
1226 3094 1451 3137 medicam
1493 3108 1582 3135 non
1624 3106 1771 3148 posse.

225 3171 352 3214 Tunc
379 3172 566 3227 Ulysses
595 3171 681 3213 ait:
710 3171 808 3213 Non
839 3175 882 3212 te
911 3168 1017 3211 dicit
1043 3168 1222 3223 Apollo,
1252 3167 1332 3208 sed
1360 3168 1592 3208 auctorem
1612 3165 1772 3206 vulne-

221 3240 284 3283 ris
312 3243 492 3284 hastam
520 3241 760 3285 nominat.”

140 3310 196 3365 †)
228 3311 298 3354 Cf.
335 3313 494 3355 Horat.
532 3314 677 3368 Epod.
710 3311 779 3364 17,
798 3310 840 3352 8.
911 3308 1045 3352 Ovid.
1077 3308 1187 3351 Met.
1219 3307 1339 3360 XIII,
1368 3305 1467 3347 171.
1524 3303 1637 3346 Ibid.
1670 3300 1769 3344 254.

222 3381 379 3439 Dictys
408 3384 438 3425 1.
470 3384 501 3425 l.
531 3384 730 3426 Achilles
759 3395 861 3423 cum
889 3380 1145 3422 Machaona
1189 3381 1234 3422 et
1271 3374 1518 3428 Podalirio,
1550 3372 1770 3418 adhiben-

223 3454 290 3494 tes
318 3465 474 3495 curam
500 3453 689 3508 vulneri,
717 3452 848 3497 brevi
875 3451 1015 3494 fidem
1044 3450 1218 3494 oraculi
1243 3449 1504 3492 firmavere.

108 3518 197 3574 ††)
226 3520 296 3567 cf.
326 3522 496 3580 Hygia.
525 3523 557 3568 l.
588 3524 618 3566 l.
1370 3576 1434 3622 14
