2176 3874
1179 265 1302 321 348

412 414 636 465 certatim
671 410 918 476 Euripidis
966 409 1132 460 drama
1164 411 1411 460 imitantes
1444 409 1709 460 liberorum
1744 409 1943 462 eaedem
1974 430 2058 464 re-

410 497 812 559 praesentaruntz
856 506 951 554 quo
996 490 1046 539 in
1091 506 1275 555 genere
1308 490 1580 538 clarissima
1627 489 1725 540 fuit
1755 489 2061 542 Timomachi

410 575 599 637 pictura
634 571 712 634 ἴθ’),
756 570 894 619 cuius
927 570 1032 618 laus
1068 577 1258 636 septem
1293 570 1718 634 epigrammatibus
1752 572 2063 636 praedicatur

408 652 461 700 in
494 649 930 700 Iacobsii.Anthol.
965 647 1023 698 T.
1058 649 1116 699 ΙΙ.
1159 667 1207 714 p.
1243 651 1339 697 66⁶1
1374 665 1509 713 seqq.
1547 649 1630 698 lib.
1667 649 1750 701 lv.
1799 666 1845 700 n.
1894 653 2062 700 1³5—

411 733 521 780 141.
565 730 625 779 Τ.
673 730 711 781 Ι.
763 746 809 778 n.
843 731 954 777 354.
998 747 1048 794 p.
1082 732 1194 777 408.
1263 728 1449 778 Confer
1492 730 1640 778 etiam
1683 729 1953 782 Lucianum
1998 731 2064 781 de

408 810 554 859 domo
587 815 709 859 extr.
744 815 798 858 et
828 808 1060 858 Philostr.
1100 809 1223 858 Stat.
1259 808 1528 858 callistrati
1563 813 1684 858 extr.

846 1136 914 1190 B.
998 1135 1600 1223 Philoctetes.

535 1278 712 1329 Totins
767 1278 956 1344 prologi
1001 1279 1324 1344 paraphrasin
1369 1279 1462 1328 Dio
1499 1279 1884 1344 chrysostomus
1930 1278 2066 1328 dedit

408 1359 628 1408 oratione
660 1358 764 1407 L11.
821 1359 896 1408 Ab
939 1359 1111 1407 eodem
1149 1359 1212 1407 de
1235 1359 1423 1420 reliquo
1447 1358 1641 1408 fabulae
1666 1363 1949 1424 argumento
1975 1359 2064 1408 de-

407 1455 502 1504 que
535 1438 783 1487 voluntate
810 1438 1062 1503 Euripidis
1093 1443 1241 1502 atque
1273 1439 1495 1487 instituto
1527 1439 1680 1488 multa
1712 1444 1762 1488 et
1793 1439 1956 1503 gravia
1975 1439 2065 1488 do-

405 1534 588 1568 cemur.
656 1519 732 1567 Ad
776 1524 999 1567 nostrum
1042 1519 1262 1582 respexit
1307 1519 1453 1566 etiam
1487 1517 1711 1583 Hyginus
1759 1534 1802 1568 c.
1835 1520 1934 1567 102
1966 1515 2064 1579 **).

404 1598 642 1647 Eiusdem
701 1597 1007 1662 tragoediam
1063 1597 1297 1646 imitando
1343 1597 1405 1646 ad
1451 1597 1697 1647 Romanos
1750 1597 2067 1648 transtulerat

403 1679 587 1729 Attius.

353 1750 358 1760 ’
537 1757 753 1806 Primum
810 1757 959 1821 igitur
1000 1757 1191 1822 prologi
1235 1756 1556 1822 paraphrasin
1603 1757 1943 1807 exhibebimus
1980 1757 2066 1819 ita,

404 1843 488 1898 ut,
535 1837 691 1885 sicubi
736 1838 846 1902 ipsa
879 1837 1131 1902 Euripidis
1175 1837 1323 1884 verba
1365 1841 1554 1885 servata
1598 1841 1770 1893 erunt,
1819 1837 1944 1886 haec
1975 1853 2067 1902 pro

406 1916 747 1980 Chrysostomi
782 1918 1148 1966 substituamus.
1217 1915 1322 1964 Nec
1356 1916 1514 1964 minus
1545 1917 1784 1965 versionis
1810 1917 1934 1967 Attii
1968 1916 2067 1965 fra-

404 2001 602 2061 gmenta
635 1995 993 2044 adscribemus.
1057 1995 1110 2043 In
1134 1996 1241 2060 ipsa
1259 2001 1421 2043 autem
1437 1995 1722 2058 paraphrasi
1747 1996 1896 2058 siqua
1919 2012 2066 2045 voca-

404 2076 519 2124 bula
555 2091 615 2124 ex
647 2075 864 2137 genuinis
890 2078 1083 2122 retenta
1116 2090 1227 2122 esse
1259 2074 1565 2134 videbuntur,
1599 2074 1871 2124 litterarum
1902 2074 2067 2125 inter-

405 2155 545 2203 vallis
580 2155 946 2218 distinguemus.

535 2233 710 2282 Prodit
752 2233 900 2297 igitur
943 2232 1154 2296 Ulysses
1199 2231 1358 2281 forma
1402 2247 1493 2296 per
1531 2230 1831 2295 Minervam,
1875 2250 1938 2284 ne
1981 2250 2064 2284 co-

404 2320 741 2381 gnosceretur,
778 2317 991 2361 mutata:

545 2391 842 2457 Φοβοῦμαι,
870 2391 941 2458 μή
965 2406 1091 2440 ποτε
1118 2391 1290 2455 μάτην
1322 2389 1436 2441 κατ’
1466 2386 1598 2454 ἐμοῦ
1627 2390 1839 2455 φανῶσι
1870 2391 2068 2460 ταύτην

408 2471 462 2525 οἱ
507 2471 766 2538 σύμμαχοι
814 2467 911 2537 τὴν
959 2471 1118 2533 δόξαν
1163 2470 1456 2537 εἰληφότες,
1499 2469 1570 2530 ὡς
1611 2469 1829 2535 ἀρίστου
1871 2469 1936 2540 δὴ
1981 2473 2069 2527 καὶ

406 2552 720 2621 σοφωτάτου
755 2553 862 2603 τῶν
888 2545 1170 2619 Ἑλλήνων·

535 2635 680 2696 ,πῶς
715 2632 763 2683 δ’
798 2631 866 2683 ἂν
900 2632 1183 2699 φρονοίην,
1219 2620 1261 2698 ᾧ
1294 2633 1473 2698 παρῆν
1507 2628 1876 2697 ἀπραγμόνως,

534 2714 593 2766 ἐν
625 2716 762 2765 τοῖσι
795 2715 1012 2773 πολλοῖς
1044 2709 1388 2780 ἠριθμημένῳ
1429 2715 1678 2775 στρατοῦ,

534 2795 655 2845 ἰ’σον
688 2798 963 2859 μετασχεῖν
995 2800 1067 2860 τῷ
1103 2792 1393 2860 σοφωτάτῳ
1425 2791 1581 2858 τύχης
1598 2809 1614 2851 ,·

533 2872 692 2926 οὐδὲν
724 2872 826 2940 γὰρ
862 2872 1001 2925 οὕτω
1035 2879 1241 2940 γαῦρον
1280 2871 1351 2934 ὡς
1383 2870 1518 2938 ἀνὴρ
1551 2869 1682 2937 ἔφυ·

475 3023 518 3078 *)
546 3022 772 3065 Plutarch.
805 3022 859 3064 de
889 3022 993 3064 aud.
1023 3026 1141 3077 poet.
1172 3037 1209 3064 c.
1237 3021 1279 3064 3.
1305 3036 1349 3077 p.
1378 3020 1458 3063 18:
1511 3018 1737 3076 γράφουσι
1766 3016 1817 3062 δὲ
1844 3017 1920 3062 καὶ
1945 3018 2069 3077 πρά-

544 3092 633 3144 ξεις
662 3089 867 3141 οἷτόπονς
903 3090 1039 3144 ἔνιοι,
1075 3090 1289 3148 καθάπερ
1332 3085 1590 3146 Τιμόμαχος
1626 3086 1710 3145 τὴν
1746 3089 1959 3144 Μηδείας
1992 3105 2067 3134 τε·

542 3162 825 3204 κνοκτονίαν.
1836 3160 1839 3162 ’

433 3232 515 3287 *Ὅ
544 3232 701 3285 „Tunc
738 3232 1042 3288 Agamemnon
1082 3231 1289 3287 Ulyssem
1316 3234 1361 3273 et
1388 3229 1649 3273 Diomedem
1682 3230 1981 3284 exploratores
2009 3231 2067 3271 ad

541 3316 642 3343 eum
679 3301 819 3344 misit:
867 3302 940 3344 cui
977 3305 1311 3356 persuaserunt,
1353 3304 1400 3342 ut
1438 3300 1483 3342 in
1511 3299 1705 3356 gratiam
1746 3299 1912 3343 rediret
1938 3304 1982 3342 et
2009 3301 2067 3342 ad

542 3373 884 3428 expugnandam
912 3371 1098 3415 Troiam
1127 3371 1292 3416 auxilio
1328 3374 1468 3423 esset,
1509 3384 1699 3425 eumque
1734 3384 1885 3413 secum
1924 3374 2066 3414 sustu·

540 3440 726 3484 lerunt.”
