2144 3854
1163 301 1285 358 332

399 453 561 506 studia
591 453 870 515 respectum
904 448 964 497 ab
998 447 1238 514 Euripide
1271 463 1384 499 esse
1416 448 1680 498 verisimile
1713 454 1820 512 est;
1867 452 1958 502 sed
1990 451 2055 502 de

398 536 491 583 hac
537 549 626 590 re,
674 529 945 596 deperditis
991 528 1167 578 fabulis
1210 530 1398 588 tribus,
1448 528 1656 578 difficile
1702 535 1781 579 est
1821 530 2054 582 iudicare.

396 613 745 664 Verumtamen
778 625 926 659 unum
960 624 1159 658 monere
1192 624 1286 657 non
1318 609 1526 658 alienum
1564 625 1676 658 esse
1704 609 1912 659 videtur.
1945 611 2055 661 Ma-

395 693 573 743 nifesto
606 707 891 757 graecarum
923 690 1137 753 gentium
1174 689 1449 737 hnmanitas
1494 693 1543 737 et
1585 689 1901 739 barbarorum
1934 690 2056 740 feri-

395 777 471 821 tas
504 773 552 820 in
586 771 808 819 omnibus
842 770 920 818 his
955 769 1129 818 fabulis
1165 775 1472 833 comparatae
1507 774 1643 816 erant
1677 774 1726 818 et
1759 766 2055 820 ex'advcrso

394 852 608 917 positae,
653 851 900 913 multaque
925 855 1099 914 poetae
1119 850 1372 898 eveniebat
1396 849 1732 914 opportunitas
1755 849 1887 899 illius
1916 865 2056 914 prae-

396 931 640 988 stantiam,
674 932 817 980 hnins
852 930 1201 978 immanitatem
1237 930 1309 977 sic
1343 929 1681 993 praedicandi,
1729 934 1784 978 ut
1816 929 2056 980 doceren-

395 1016 478 1061 tur
513 1010 690 1071 Graeci
726 1011 823 1058 hoc
856 1010 946 1059 sibi
979 1010 1219 1074 agendum
1253 1025 1382 1069 esse,
1418 1014 1472 1058 ut
1506 1009 1789 1073 compositis
1832 1009 2055 1059 simulta-

395 1091 527 1140 tibus
563 1090 623 1137 ad
658 1090 929 1138 domandos
968 1089 1197 1137 barbaros
1236 1089 1398 1138 studia
1431 1088 1657 1152 viresque
1691 1089 2056 1154 coniungerent,

394 1185 519 1221 neve
553 1169 728 1219 artium
764 1169 1133 1231 litterarumque
1153 1168 1341 1230 florem,
1375 1168 1551 1232 quibus
1586 1167 1920 1229 excellebant,
1950 1168 2057 1218 bel-

394 1249 456 1299 lis
489 1250 731 1298 intestinis
779 1248 873 1313 ipsi
918 1254 1302 1312 corrumperent.
1370 1248 1559 1297 Eodem
1593 1249 1804 1298 redeunt
1835 1265 1961 1312 quae
1991 1250 2058 1298 de

393 1329 564 1379 harum
579 1328 852 1379 fabularum
872 1328 1223 1393 compositione
1245 1329 1406 1392 deque
1428 1333 1605 1393 poetae
1624 1328 1828 1377 consilio
1855 1327 2058 1378 Schoell

397 1408 468 1474 (p.
506 1411 601 1457 154
634 1410 795 1472 seqq.)
830 1408 1120 1474 disputavit,
1167 1407 1250 1472 qni
1298 1412 1462 1456 tamen
1503 1409 1564 1456 ad
1598 1409 1810 1470 gentium
1844 1409 2058 1474 cognati-

394 1504 537 1538 onem
585 1489 745 1537 omnia
792 1487 1053 1539 referendo
1099 1487 1242 1537 nimis
1287 1487 1507 1553 angustis
1550 1486 1731 1538 finibus
1762 1504 1869 1539 rem
1899 1489 2056 1540 inclu-

393 1568 521 1618 sisse
553 1567 760 1621 videtur.

1061 1712 1393 1720 -———--

940 1893 1010 1948 A.
1115 1889 1507 1947 Medea.

522 2035 706 2086 Medea
737 2035 1167 2085 vehementissimo
1201 2034 1386 2083 Iasonis
1425 2049 1594 2084 amore
1626 2034 1844 2099 abrepta,
1877 2035 1929 2085 in
1961 2035 2058 2086 hoc

394 2117 498 2167 solo
533 2117 709 2184 nitens,
744 2115 860 2163 huic
895 2115 978 2162 uni
1013 2114 1232 2175 studens,
1267 2113 1499 2178 quidquid
1535 2114 1773 2162 habuerat
1802 2116 2059 2179 carissimi,

393 2197 555 2246 omnia
597 2195 723 2243 vitae
769 2194 1015 2259 praesidia
1065 2194 1310 2243 amiserat.
1378 2193 1524 2241 Hunc
1569 2194 1698 2241 enim
1731 2198 1789 2243 ut
1822 2202 2057 2256 servaret,

391 2292 488 2326 non
522 2274 680 2324 solum
726 2279 914 2339 patrem
962 2281 1290 2339 parentesque
1333 2272 1653 2338 prodiderat,
1713 2275 1804 2324 sed
1853 2274 2058 2326 fratrem

393 2372 587 2420 quoque
619 2354 933 2403 interfecerat
964 2354 1271 2414 miserrime3
1303 2353 1419 2402 huic
1450 2357 1506 2401 ut
1539 2353 1912 2417 gratificaretur,
1964 2355 2060 2421 Pe·

390 2435 504 2483 liam
540 2451 649 2482 cnm
682 2433 872 2481 filiabus
905 2433 1221 2498 perdiderat,
1267 2433 1414 2482 huius
1465 2433 1721 2482 commodo
1755 2434 2061 2500 prospiciens

394 2514 674 2563 Corinthios
723 2513 978 2562 beneficiis
1023 2513 1284 2573 affecerat,
1334 2513 1480 2561 huius
1527 2528 1694 2561 amore
1739 2513 1870 2562 freta
1906 2515 2061 2579 patria

392 2595 564 2643 relicta
610 2610 638 2642 a
680 2592 938 2641 Thessalia
982 2593 1252 2644 exsulabat.
1331 2590 1453 2641 Tam
1504 2592 1738 2642 furiosam
1783 2594 2058 2653 mulierem,

393 2678 493 2721 tam
526 2674 711 2738 pietate
745 2678 1028 2734 carentem,
1070 2678 1172 2722 tam
1215 2672 1473 2736 cupiditati
1520 2673 1679 2720 omnia
1724 2672 1890 2721 officia
1923 2678 2060 2739 post-

392 2759 654 2817 ponentem
681 2753 925 2816 quomodo
950 2767 1006 2801 se
1038 2753 1344 2812 habituram,
1379 2751 1606 2814 quidnam
1639 2752 1879 2800 facturam
1911 2758 2059 2816 puta-

393 2848 520 2892 mus,
556 2833 597 2879 si
631 2848 686 2880 se
720 2832 780 2880 ab
816 2848 893 2890 eo,
928 2831 1008 2881 cui
1041 2847 1097 2880 se
1129 2837 1282 2880 totam
1315 2830 1535 2891 tradidit,
1570 2833 1705 2881 cuius
1737 2831 1893 2896 gratia
1914 2833 2058 2895 quid-

395 2911 469 2959 vis
502 2911 740 2975 perfecit,
777 2918 991 2976 spretam
1025 2912 1407 2975 destitutamque
1455 2911 1668 2960 viderit‘l
1713 2926 1856 2975 quam
1903 2912 2061 2962 vehe—

394 2991 550 3039 menti
582 3006 688 3038 eam
724 2991 895 3039 dolore
928 2991 1123 3040 incendi
1154 3006 1359 3040 necesse
1394 2994 1494 3050 est,
1539 2990 1847 3054 repudiatam
1880 3005 1908 3038 a
1941 3007 2059 3040 con-

395 3069 511 3134 iuge
558 3073 606 3117 et
653 3070 827 3132 virgini
873 3070 1149 3118 formosiori
1197 3069 1560 3136 postpositam?
1613 3085 1755 3133 qnam
1799 3070 2060 3121 temeraria

396 3147 599 3197 consilia
631 3148 792 3197 animo
826 3150 998 3208 moliri,
1033 3152 1302 3215 praeditam
1336 3151 1431 3198 non
1459 3148 1643 3211 vulgari
1672 3149 1945 3212 prudentia,
1983 3150 2057 3198 in-

398 3231 634 3276 structam
679 3234 786 3275 arte
829 3231 1042 3292 magica,
1078 3227 1234 3279 divina
1267 3229 1422 3293 stirpe
1455 3228 1754 3295 superbam?
1819 3226 1977 3277 Tanta
2011 3228 2059 3277 vi

395 3306 581 3356 doloris
629 3306 1004 3371 iracundiaeque
1048 3310 1292 3358 concitata
1323 3307 1506 3356 femina
1538 3307 1588 3354 in
1623 3322 1818 3356 scenam
1851 3309 2060 3372 produci

396 3386 461 3435 ad
494 3385 886 3448 conquerendum
937 3389 1249 3438 infortunium
1297 3403 1435 3436 suum
1470 3386 1875 3451 prodendumque
1908 3386 2059 3435 animi

399 3465 650 3526 affectum,
675 3466 964 3530 praesertim
985 3468 1036 3517 in
1060 3467 1296 3533 principio
1325 3466 1572 3527 dramatiS,
1606 3481 1701 3516 non
1726 3467 1900 3531 potuit.
1936 3465 2058 3516 Pru-
