2176 3874
1144 291 1269 349 368

500 438 710 503 Κύπρις
741 437 846 504 γὰρ
879 436 1000 488 οὔτε
1032 435 1434 504 νουθετονμένη
1465 438 1600 507 χαλᾷ
1610 438 1680 507 *),

496 521 565 586 ἤν
597 521 641 569 τ’
678 511 746 568 αὖ
785 516 954 584 βιάζῃ,
991 521 1192 583 μᾶλλον
1223 517 1469 571 ἐντείνειν
1501 521 1659 585 φιλεῖ,

495 601 711 651 κᾶπειτα
743 597 901 650 τίκτει
932 599 1189 666 πόλεμον,
1216 600 1289 661 εἰς
1321 600 1367 652 δ’
1403 598 1693 652 ἀνάστασιν

497 678 679 745 δόμων
712 677 944 743 περαίνει
975 680 1227 742 πολλάκις
1258 680 1323 732 τὰ
1355 681 1529 732 τοιάδε
1547 680 1650 747 **).

494 760 635 809 Hanc
670 761 951 826 cupidinem
994 764 1190 812 stultam
1226 780 1339 812 esse
1372 764 1438 811 ait
1471 762 1667 823 Danae,
1713 759 1956 828 longeque
1989 763 2039 812 ei

364 840 743 907 praeferendum
772 857 988 890 amorem
1013 843 1212 891 virtutis
1236 843 1621 905 honestatisque.
1664 840 1824 905 Negat
1846 843 2036 905 eadem,

362 927 558 971 mortuo
593 921 696 969 filio
729 937 784 969 se
812 921 1054 970 facturam
1091 923 1223 986 quod
1258 923 1367 970 vivo
1401 922 1569 970 facere
1602 921 1842 984 noluerit,
1876 938 2039 987 neque

361 1003 575 1059 luctum,
622 1001 706 1064 qui
741 1001 788 1050 ei
821 1000 1086 1063 debeatur,
1129 1017 1239 1051 cum
1272 1002 1552 1069 nuptiarum
1596 1002 1785 1051 laetitia
1815 1018 2035 1054 commu-

361 1086 600 1131 taturam:

491 1159 646 1226 φίλος
678 1159 781 1226 γὰρ
815 1154 884 1227 ἧν
916 1175 1034 1225 μοι·
1067 1159 1157 1212 καί
1188 1162 1241 1226 μ’
1277 1159 1410 1226 ἔρως
1443 1160 1551 1213 ἕλοι
1583 1159 1710 1214 ποτὲ

489 1240 588 1291 οὐκ
622 1240 693 1300 είς
724 1239 783 1291 τὸ
818 1240 1004 1305 μωρὸν
1037 1240 1161 1292 οὐδέ
1194 1243 1247 1308 μ’
1283 1240 1356 1303 εἰς
1391 1242 1607 1308 Κύπριν
1638 1240 1866 1310 τρέπων·

489 1320 601 1372 α’λλ’
638 1319 743 1371 ἔστι
778 1319 844 1387 δή
877 1338 955 1382 τις
989 1323 1146 1383 ἄλλος
1180 1320 1238 1373 ἐν
1272 1322 1485 1388 βροτοῖς
1518 1322 1667 1388 ἔρως,

486 1404 661 1468 ψυχῆς
696 1400 904 1462 δικαίας
938 1403 1219 1468 σώφρονός
1251 1419 1305 1453 τε
1338 1402 1598 1470 κάγαθῆς,

486 1481 573 1535 καὶ
607 1485 739 1550 χρῆν
773 1481 830 1534 δὲ
863 1484 974 1542 τοῖς
1007 1482 1246 1548 βροτοῖσι
1278 1482 1422 1535 τόνδ’
1458 1478 1592 1535 εἶναι
1623 1482 1814 1549 νόμον,

486 1564 594 1615 τῶν
628 1563 995 1628 εὐσεβούντων
1029 1562 1218 1624 οἵτινές
1249 1579 1307 1629 γε
1342 1564 1615 1631 σώφρονες

486 1641 645 1710 ἐρᾶν,
682 1643 899 1710 Κύπριν
934 1642 990 1695 δὲ
1021 1643 1120 1712 τὴν
1155 1643 1290 1706 Διὸς
1321 1645 1521 1711 χαίρειν
1555 1641 1666 1696 ἑᾶν.

356 1726 619 1776 Postremo
644 1742 736 1791 per
759 1727 854 1775 vim
877 1727 1165 1776 abstrahere
1190 1727 1449 1777 mulierem
1479 1727 1780 1791 Polydectes
1815 1726 2032 1775 conatur.

356 1806 656 1872 Supervenit
689 1805 893 1871 Dictys,
940 1808 1051 1870 qui,
1087 1808 1305 1871 quamvis
1340 1809 1404 1856 sit
1439 1813 1491 1856 et
1526 1821 1678 1856 senex
1711 1810 1762 1855 et
1793 1805 2032 1870 privatim,

353 1887 475 1938 forti
510 1887 671 1935 animo
707 1886 905 1935 Danaen
936 1893 1128 1935 tutatur
1160 1891 1478 1951 mentemque
1510 1888 1629 1936 eius
1651 1885 1933 1936 confirmat:

485 1964 707 2030 θάρσει·
742 1965 804 2016 τό
838 1982 920 2016 τοι
955 1964 1165 2016 δίκαιον
1198 1964 1362 2030 ἰσχύει.
1394 1964 1543 2031 μέγα,

355 2046 559 2096 fratrem
595 2053 758 2095 autem
794 2047 921 2094 iusta
955 2047 1343 2110 reprehensione
1377 2047 1583 2110 corripit
1615 2045 1769 2106 adeo,
1817 2049 1874 2094 ut
1907 2043 2030 2095 cho-

353 2143 437 2177 rus
470 2126 849 2188 indignationem
886 2126 991 2174 eius
1027 2130 1224 2174 censeat
1256 2126 1619 2190 reprimendam
1654 2140 1794 2175 esse:

483 2201 555 2271 μὴ
589 2207 789 2266 νεῖκος,
826 2196 867 2255 ὦ
900 2202 1106 2269 γεραιέ,
1139 2204 1412 2270 κοιράνοις
1443 2203 1620 2264 τίθου,

486 2283 657 2350 σέβειν
690 2282 746 2335 δὲ
780 2278 905 2347 τοὺς
937 2289 1264 2350 κρατοῦντας
1296 2284 1514 2351 άρχαῖος
1547 2284 1725 2349 νόμος.

354 2366 506 2416 Cuius
553 2367 1012 2431 exprobrationibus
1057 2368 1209 2431 magis
1258 2367 1404 2415 etiam
1450 2366 1680 2414 incitatus
1734 2363 2026 2428 Polydectes

352 2453 406 2497 et
453 2447 692 2512 supplicia
735 2446 878 2495 fratri
913 2447 1123 2495 minatur
1170 2453 1222 2495 et
1255 2446 1565 2495 nihilominus
1609 2461 1666 2494 se
1699 2452 1875 2510 coepta
1906 2460 2028 2511 per-

350 2527 595 2576 fecturum
632 2542 746 2575 esse
780 2527 1012 2579 ostendit.
1090 2527 1277 2589 Quibus
1315 2526 1458 2575 dictis
1491 2527 1542 2574 in
1586 2525 1734 2574 aedes
1768 2525 1830 2574 ad
1865 2524 2028 2574 convi-

349 2622 434 2655 vas
482 2606 761 2654 salutandos
809 2607 939 2667 abit,
986 2623 1100 2656 mox
1134 2623 1245 2654 cum
1279 2606 1457 2654 iisdem
1492 2607 1554 2655 ad
1588 2600 1791 2656 uxorem
1826 2604 2026 2654 domum

349 2686 622 2736 ducendam
657 2687 905 2735 rediturus
918 2685 1045 2751 ***).
1111 2687 1285 2751 Dictys
1308 2691 1471 2735 autem
1505 2686 1748 2751 intrepido
1780 2685 1942 2734 animo
1974 2684 2026 2735 in

350 2768 556 2816 consilio
589 2772 901 2832 perseverat:

412 2927 462 2981 ³¹²)
491 2927 633 3010 Vulgp
678 2923 788 2972 οὐδὲ
821 2925 1178 2984 νουθετονμένη.
1246 2929 1518 2971 Referuntur
1553 2926 1611 2969 ad
1650 2938 1700 2968 se
1746 2921 1853 2970 οὔτε
1881 2948 1939 2957 -
1964 2920 2025 2980 ἤν

486 3013 512 3038 2⁵
557 3013 631 3038 αυ-

383 3066 460 3121 W)
490 3067 674 3123 Fragm.
706 3069 761 3109 X.
791 3068 887 3110 Vn.
918 3072 961 3111 et
988 3070 1056 3111 VI.
1089 3069 1132 3111 in
1160 3083 1297 3111 unum
1325 3067 1641 3110 coniunximus.

359 3138 463 3192 firi)
492 3137 643 3179 Persei
674 3137 794 3179 iussu
822 3139 989 3180 amicos
1025 3140 1144 3196 regis
1174 3145 1218 3182 et
1246 3141 1483 3197 populares
1521 3137 1788 3178 convocatos
1817 3147 1913 3186 esse
1941 3147 2022 3177 au-

487 3212 582 3250 ctor
612 3212 678 3249 est
704 3209 927 3264 Apollonii
956 3211 1218 3253 scholiasta:
1262 3208 1435 3266 ἔρχεται
1462 3205 1588 3264 παρὰ
1621 3203 1915 3260 Πολυδέκτην
1941 3204 2020 3248 καὶ

482 3277 656 3321 κελεύει
690 3281 996 3336 συναθροῖσαι
1032 3276 1115 3323 τὸν
1152 3278 1280 3332 λαόν,
1320 3274 1443 3327 ὅπως
1471 3277 1595 3333 δείξῃ
1637 3273 1797 3325 αὐτοῖς
1824 3275 1911 3329 τὴν
1939 3276 2022 3331 τῆς

484 3346 717 3404 Γοργόνος
747 3348 968 3404 κεφαλήν.
1039 3351 1202 3392 Verum
1239 3348 1451 3392 dramatis
1489 3352 1647 3390 natura
1676 3347 1788 3389 haec
1816 3345 1909 3388 iam
1939 3359 2020 3389 an-

485 3423 559 3462 tea
587 3424 854 3477 praeparata
880 3419 1040 3474 fuisse,
1061 3435 1117 3465 ne
1145 3435 1296 3465 rerum
1329 3418 1445 3465 actio
1465 3418 1837 3474 interpellaretur,
1867 3419 2021 3472 postu·

485 3489 623 3533 labat.
1683 3502 1685 3505 ·
