2176 3874
1101 269 1224 323 428

458 419 566 467 Hoc
608 417 718 465 loco
762 418 987 479 quartum
1023 429 1220 462 carmen
1263 429 1292 461 a
1326 417 1519 462 caterva
1554 414 1822 482 virgiuum,
1871 429 1995 479 quae

331 498 469 547 chori
501 512 705 544 munere
737 494 1051 558 fungebatur,
1088 493 1274 542 cantari
1307 493 1480 557 potuit.
1915 522 1931 547 a

457 576 616 638 Quum
651 580 943 638 perventum
975 578 1111 622 esset
1145 574 1206 621 ad
1241 573 1641 632 subterraneum,
1677 572 1728 622 in
1761 587 1858 638 quo
1891 573 1994 627 An«-

326 657 491 720 tigone
521 654 626 702 viva
659 653 950 722 includenda
984 658 1117 711 erat,
1163 653 1352 718 virgine
1396 653 1447 702 in
1488 652 1746 701 tumulum
1771 652 1994 710 detrusa,

323 734 509 782 iuvenis
544 734 719 782 eodem
754 733 920 781 subito
965 749 1020 780 se
1055 732 1280 792 demisit
1325 732 1594 795 strictoque
1625 731 1788 796 gladio
1819 746 1994 781 arcens

323 813 407 877 qui
438 814 691 862 retrahere
735 811 1058 872 conabantur,
1103 828 1200 860 una
1248 828 1360 860 cum
1405 813 1592 876 virgine
1636 811 1857 860 inclusus
1895 816 1994 896 est.

453 893 546 941 His
572 909 599 940 a
616 893 787 941 nuntio
817 892 1067 956 expositis
1089 891 1139 939 in
1165 892 1395 940 Creontis
1419 893 1580 940 animo
1606 890 1853 940 iracundia
1879 906 1993 940 cum

322 973 506 1039 pietate
553 972 835 1036 propriique
879 970 1125 1020 commodi
1167 972 1355 1020 ratione
1398 973 1672 1036 pugnabat3
1715 986 1832 1020 mox
1878 966 1995 1021 eun

320 1052 624 1116 poenitentia
647 1052 841 1100 invasit.
911 1051 1127 1099 Felicior
1161 1050 1206 1098 ei
1231 1051 1425 1100 videtur
1443 1067 1551 1099 sors
1575 1050 1825 1115 Polynicis
1847 1066 1992 1115 quam

320 1146 433 1181 sua:
469 1132 531 1180 ad
563 1130 698 1179 illum
733 1132 894 1192 enim,
930 1129 1149 1193 quamvis
1184 1136 1451 1191 mortuum,
1489 1145 1660 1179 omnes
1694 1146 1750 1180 se
1782 1145 1990 1180 conver-

320 1217 444 1273 tere,
479 1226 534 1258 se
566 1216 730 1258 autem
763 1210 924 1257 vivum
961 1209 1183 1258 destitui:

449 1288 509 1339 τὸ
544 1290 638 1354 ζῆν
670 1286 916 1354 ἀφέντες,
949 1283 1009 1338 τὸ
1041 1286 1177 1338 κατὰ
1209 1289 1312 1353 γῆν
1344 1287 1531 1354 τιμῶσί
1563 1289 1683 1340 σου.

318 1369 607 1434 Respondet
639 1370 851 1418 chorus:

446 1447 604 1499 κενόν
634 1450 710 1514 γ’·
746 1447 874 1499 ὅταν
907 1448 1010 1514 γὰρ
1046 1449 1107 1515 ζῇ
1141 1465 1241 1512 τις,
1277 1446 1506 1514 εὐτυχεῖ,
1544 1445 1724 1513 Κρέον
1755 1445 1824 1511 *).

316 1527 464 1577 Dolet
498 1530 627 1579 enim
661 1530 793 1595 regis
828 1530 985 1579 vicem
1021 1531 1204 1579 chorus
1239 1534 1293 1579 et
1325 1529 1622 1579 consolando
1651 1545 1766 1579 eum
1798 1526 1991 1592 erigere

315 1607 510 1657 studet:
1178 1622 1182 1629 ‘

445 1715 507 1723 —-
642 1716 702 1724 —
833 1717 900 1724 —
1031 1685 1103 1755 μὴ
1137 1691 1242 1740 νῦν
1273 1686 1396 1740 θέλε

443 1768 630 1819 λυπεῖν
663 1767 919 1832 σεαυτόν
954 1768 1183 1830 δέσποτ’,
1221 1768 1371 1830 εἰδὼς
1404 1767 1654 1834 πολλάκις

442 1847 512 1908 ὥς
546 1847 635 1900 καὶ
667 1847 727 1899 τὸ
760 1850 971 1901 λυποῦν
1003 1847 1227 1914 ὕστερον
1258 1848 1429 1916 χαρὰν
1462 1852 1577 1916 ἄγει

441 1927 531 1981 καὶ
563 1928 623 1979 τὸ
658 1929 827 1980 κακὸν
860 1929 1075 1996 ἀγαθοῦ
1109 1930 1343 1997 γίγνεται
1375 1930 1658 1995 παραίτιον
1689 1929 1790 1995 **).

311 2011 390 2059 Ex
422 2009 499 2059 his
533 2010 828 2074 intelligitur
871 2013 1051 2060 victum
1095 2014 1192 2060 iam
1246 2016 1299 2061 et
1331 2016 1574 2060 mutatum
1607 2011 1740 2074 regis
1772 2011 1987 2061 animum

310 2090 486 2150 fuisse,
522 2095 782 2153 antequam
817 2091 939 2138 deus
973 2091 1302 2140 interveniret.
1369 2090 1554 2140 Bacchi
1586 2090 1684 2139 fuit
1722 2092 1986 2141 ostendere

311 2185 339 2217 a
373 2185 428 2217 se
460 2173 665 2232 propter
709 2170 830 2218 festi
873 2170 1294 2234 profanationem,
1343 2170 1474 2234 quod
1519 2185 1607 2218 rex
1650 2169 1858 2219 cadaver
1890 2186 1987 2221 non

310 2248 604 2297 removisset
638 2264 667 2296 e
701 2255 1001 2313 conspectu,
1038 2250 1381 2310 calamitatem,
1417 2266 1513 2312 qua
1545 2250 1875 2313 frangeretur,
1908 2251 1984 2300 in-

311 2333 503 2376 vectam
554 2342 692 2387 esse3
743 2334 846 2376 tum
891 2329 1183 2394 Antigonam
1227 2346 1338 2377 cum
1373 2329 1632 2378 Haemone
1665 2328 1804 2378 vivos
1838 2318 1986 2381 estu-

310 2406 443 2456 mulo
489 2406 662 2455 reduci
706 2408 999 2472 nuptiasque
1042 2409 1207 2472 parari
1250 2409 1426 2468 iussit,
1482 2414 1535 2457 et
1578 2407 1878 2458 Maimonem
1924 2425 1987 2459 ex

310 2501 480 2536 eorum
517 2488 741 2549 coniugio
789 2491 957 2536 natum
1007 2489 1066 2536 iri
1110 2489 1370 2553 praedixit.
1438 2485 1602 2538 Creon
1637 2489 1720 2538 dei
1751 2488 1986 2539 voluntati

310 2582 366 2615 se
400 2565 578 2614 cedere
611 2565 776 2615 fassus
812 2571 891 2616 est
923 2568 1063 2616 hisce
1097 2569 1293 2618 verbis:
1368 2573 1374 2585 ‘

439 2636 482 2694 ὦ
514 2647 615 2694 παῖ
645 2645 888 2711 Διωνης,
923 2644 994 2706 ὥς
1027 2643 1162 2713 ἔφυς
1194 2644 1357 2712 μέγας
1388 2647 1529 2710 θεός,

437 2724 702 2790 Διόνυσε,
736 2729 959 2794 θνητοῖς
988 2729 1032 2777 τ)
1067 2727 1316 2793 οὐδαμῶς
1347 2726 1654 2788 ὖπόστατος.

436 2807 565 2856 Ante
611 2807 873 2872 Sophoclis
921 2809 1247 2873 Antigonam,
1297 2826 1420 2874 quae
1466 2809 1563 2857 iam
1607 2809 1684 2858 ΟΙ.
1719 2812 1812 2870 84,
1854 2814 1902 2860 3.
1933 2812 1983 2861 in

306 2884 505 2934 theatro
542 2892 766 2950 spectata
799 2891 892 2949 est,
929 2888 1183 2954 Euripidis
1214 2905 1336 2954 opus
1379 2888 1707 2952 compositum
1742 2905 1854 2938 esse
1884 2905 1982 2940 non

307 2968 387 3015 est
418 2965 701 3015 verisimile.
768 2967 834 3016 Et
866 2968 977 3031 ipsa
1009 2968 1210 3018 fabulae
1244 2973 1501 3029 structura,
1536 2973 1768 3031 quantum
1804 2984 1867 3018 ex
1898 2986 1980 3018 re·

306 3045 474 3110 liquiis
510 3046 739 3110 cognosci
773 3052 958 3111 potest,
990 3048 1279 3098 imitationis
1313 3048 1517 3112 vestigia
1558 3049 1808 3097 continere
1841 3049 1979 3098 vide-

363 3232 415 3287 Χ)
443 3232 607 3275 Matth.
652 3232 819 3288 fragm.
858 3233 1167 3275 Andromedae
1205 3248 1247 3274 n.
1281 3232 1352 3275 29.
1393 3247 1435 3287 p.
1466 3231 1536 3274 56.
1573 3231 1691 3274 Huic
1719 3233 1979 3289 tragoediae

444 3302 524 3345 illa
551 3302 785 3344 inserenda
815 3317 911 3344 esse
940 3302 1052 3345 vidit
1081 3303 1352 3345 Fritzschius
1380 3304 1564 3346 Thesm.
1595 3317 1639 3357 p.
1668 3300 1766 3344 516.

337 3373 417 3428 *ἢ
445 3373 723 3415 Vocabulum
753 3368 932 3416 δέσποτ’
972 3373 1179 3428 explendi
1219 3386 1375 3415 versus
1416 3385 1572 3416 caussa
1597 3372 1792 3428 inserui,
1835 3378 1879 3416 et
1919 3372 1981 3424 ais

446 3441 523 3486 καὶ
552 3456 634 3498 pro
663 3437 738 3487 ὅτι
765 3444 820 3486 de
850 3442 1105 3488 coniectura
1132 3442 1327 3499 reposui.
