2144 3854
897 330 1019 387 147

258 478 518 546 Vagent
548 481 918 545 ruspantes
950 476 1193 535 silvas,
1219 482 1568 540 sectantes
1592 477 1802 545 seras.

116 559 388 627 Meleagro,
422 561 558 609 litem
591 557 857 615 dirimenti,
890 557 1017 605 haec
1049 555 1243 606 tribuo:

250 639 312 692 τό
344 656 429 691 τοι
460 637 757 704 κράτιστον,
790 633 893 688 κᾶν
924 630 1064 702 γυνὴ
1097 636 1379 701 κράτιστον
1416 633 1472 704 ᾖ,

246 722 393 773 τοῦτ’
428 717 571 772 ἐστὶν
603 712 787 785 α’ρετή·
823 714 884 768 τὸ
919 716 966 768 δ’
1002 718 1154 784 ὄνομ’
1192 713 1353 768 οὐδὲν
1387 715 1628 786 διαφέρει
1642 722 1690 790 ’·”·)

248 878 411 934 δειλοὶ
442 878 545 947 γὰρ
579 878 769 943 ἄνδρες
803 876 903 930 οὐκ
936 875 1152 944 ἔχουσιν
1183 872 1242 928 ἐν
1273 876 1412 945 μα’χῃ

245 961 496 1028 ἀριθμόν,
532 959 642 1011 ἀλλ’
675 961 864 1022 ἄπεισι,
899 956 1001 1010 κᾶν
1032 958 1253 1024 παρῶσ’,
1284 957 1445 1025 ὁμῶς.

248 1043 535 1110 Composita
566 1043 685 1100 lite,
734 1056 906 1090 omnes
948 1056 1042 1089 una
1075 1040 1128 1090 iu
1160 1045 1388 1090 venatum
1422 1040 1806 1105 proficisceban-

113 1128 211 1174 tur.
263 1122 575 1172 Intervallum
610 1121 846 1187 temporis
882 1120 1114 1171 carminis
1148 1121 1355 1171 canendi
1387 1124 1806 1187 opportunitatem

112 1203 280 1264 dabat,
314 1218 411 1268 quo
444 1202 584 1252 linito
618 1203 784 1251 statim
828 1202 1026 1252 nuntius
1059 1201 1224 1251 redire
1255 1215 1463 1267 remque
1495 1208 1687 1267 gestam
1721 1222 1806 1255 co-

111 1298 218 1333 ram
252 1283 424 1334 Oeneo
456 1299 576 1349 rege
608 1299 859 1348 exponere
891 1282 1070 1347 potuit.
1135 1281 1210 1331 De
1243 1297 1339 1346 qua
1370 1284 1649 1334 narratione
1679 1285 1806 1336 haec

111 1363 272 1414 refert
304 1363 587 1413 Macrobius
623 1363 729 1413 Sat.
758 1361 823 1425 V,
846 1365 939 1412 18:
974 1363 1064 1425 „In
1091 1362 1347 1427 Euripidis
1371 1363 1644 1429 tragoedia,
1676 1381 1805 1430 quae

110 1443 366 1510 Meleager
397 1443 694 1507 inscribitur,
733 1444 932 1493 nuntius
955 1443 1205 1493 inducitur
1250 1442 1651 1507 describens,
1686 1462 1805 1510 quo

114 1524 396 1590 quisque
428 1524 662 1573 habitu
697 1523 903 1573 fuerit
937 1539 1011 1572 ex
1061 1522 1364 1583 ducibuS,
1414 1523 1500 1588 qui
1533 1523 1596 1574 ad
1629 1541 1803 1591 aprum

117 1604 409 1670 capiendum
444 1608 799 1653 convenerant:
834 1605 883 1652 in
918 1618 979 1652 eo
1012 1602 1066 1651 hi
1098 1617 1269 1651 versus
1305 1607 1449 1652 sunt:

256 1681 509 1748 Τελαμὼν
543 1680 600 1734 δὲ
635 1685 877 1749 χρυσοῦν
912 1681 1087 1733 αἰετὸν
1120 1678 1310 1745 πέλτης
1342 1679 1425 1733 ἔπι

245 1762 529 1830 πρόβλημα
561 1763 750 1830 θηρός,
785 1762 1007 1830 βότρυσι
1040 1761 1090 1814 δ’
1122 1760 1338 1823 ἔστεψεν
1369 1760 1527 1828 κάρα,

247 1846 532 1911 Σαλαμῖνα
563 1845 780 1912 κοσμῶν
810 1843 1042 1910 πατρίδα
1071 1842 1172 1911 τὴν
1203 1841 1496 1909 εὐδαίμονα
1511 1857 1524 1870 ·

247 1924 528 1991 Κύπριδος
561 1923 618 1976 δὲ
651 1924 834 1991 μίσημ’
876 1919 1065 1991 Ἀρκὰς
1109 1923 1410 1991 Ἀταλάντη,
1442 1923 1611 1989 κύνας

248 2002 339 2057 καὶ
370 2004 477 2070 τόξ’
510 2001 704 2072 ἔχουσα
719 2005 801 2071 **)
819 2020 831 2033 ·
865 2003 1121 2067 πελέκεως
1154 2002 1210 2058 δὲ
1245 2004 1502 2071 δίστομον

247 2083 414 2153 γένυν
446 2084 624 2139 gazam
655 2085 767 2153 ***)
809 2081 1079 2154 Ἀγκαῖος·
1115 2085 1171 2139 οἱ
1201 2084 1259 2139 δὲ
1295 2086 1519 2141 Θεστίου

244 2167 398 2235 κόροι
430 2166 491 2220 τὸ
523 2168 678 2220 λαιὸν
710 2167 858 2236 ἴχνος
880 2166 1176 2235 α’νοίρβυλοι
1201 2167 1385 2230 ποδός,

241 2245 339 2300 τὸν
370 2247 419 2300 δ’
454 2247 514 2302 ἐν
544 2249 789 2312 πεδίλοις,
826 2248 897 2311 ὡς
930 2245 1214 2316 ἐλαφρίζον
1245 2249 1382 2317 γόνυ

242 2324 426 2397 ἔχοιεν,
463 2330 521 2392 ὃς
555 2328 621 2399 δὴ
655 2335 815 2384 πᾶσιν
844 2330 1105 2393 Αἰτωλοῖς
1136 2331 1354 2397 νόμος.”

111 2409 190 2460 Ex
223 2412 507 2462 certaminis
551 2414 707 2478 ipsius
753 2418 804 2463 et
850 2414 1079 2463 victoriae
1123 2412 1457 2479 descriptione
1490 2412 1721 2463 nonnulla
1754 2418 1807 2463 et

113 2490 236 2540 Attii
271 2496 324 2541 et
356 2484 606 2557 Euripidis
642 2494 917 2559 fragmenta
949 2494 1124 2543 relicta
1158 2499 1299 2555 sunt,
1350 2495 1643 2560 quibuscum
1686 2493 1803 2543 ovi-

113 2570 185 2620 dii
217 2570 415 2636 quidam
449 2587 624 2622 versus
659 2573 954 2639 conspirant.
1023 2572 1097 2622 De
1129 2589 1252 2639 apro
1285 2575 1422 2624 dicta
1455 2579 1571 2625 sunt
1591 2575 1804 2624 haecce:

244 2651 515 2719 „Erigit
562 2659 821 2715 aestus,
879 2652 1128 2702 rubore
1174 2670 1254 2702 es:
1280 2655 1499 2704 oculis
1527 2655 1807 2720 fulgens

944 2734 990 2798 f
992 2734 1011 2782 l
1026 2733 1320 2783 ammeo.''

1635 1733 1654 1761 θ

114 2810 194 2862 cf.
229 2810 372 2862 ovid.
405 2827 453 2861 v.
488 2814 587 2862 284
622 2829 760 2879 seqq.
779 2831 794 2863 ε

245 2891 645 2961 „Sanguine
680 2901 746 2944 et
779 2895 899 2961 ign
918 2911 948 2944 e
980 2895 1230 2944 micant
1279 2895 1491 2957 oculi,
1535 2894 1675 2961 riget
1721 2911 1806 2945 ar-

957 2975 1064 3025 dua
1099 2977 1275 3025 cervix·

246 3053 326 3103 Et
357 3059 506 3104 setae
540 3054 713 3105 densis
744 3056 943 3105 similes
974 3056 1246 3106 hastilibus
1279 3056 1506 3107 horrent.

171 3223 219 3278 ἢ
250 3221 389 3267 0τίου
419 3220 536 3279 apud
563 3222 845 3266 Schneidew.
874 3236 918 3277 p.
950 3221 1019 3265 50.
1051 3225 1097 3265 et
1123 3220 1193 3264 85.
1225 3222 1398 3267 Welck.
1429 3239 1472 3281 p.
1503 3224 1628 3270 1599.

154 3294 233 3349 ’ἢ
263 3294 333 3337 Cf.
365 3294 496 3337 Ovid.
526 3309 571 3336 v.
601 3292 688 3336 319
726 3307 843 3348 seq.:

361 3366 460 3417 „Ex
486 3365 660 3408 humero
688 3365 880 3420 pendens
907 3365 1134 3407 resonabat
1161 3366 1342 3409 eburnea
1369 3367 1494 3411 laevo

368 3426 563 3478 Telorum
593 3442 731 3479 custos
739 3451 757 3486 ,·
785 3449 930 3477 arcum
960 3449 1118 3491 quoque
1146 3437 1271 3481 laeva
1297 3439 1513 3483 tenebat.”

118 3503 226 3558 *²*ss
255 3504 399 3561 Vulgo
428 3502 654 3551 dvs'uoeu'.
687 3505 879 3550 correxit
910 3506 964 3547 G.
995 3505 1197 3551 Dindorf.

1426 3581 1537 3629 10*
