2176 3874
921 289 1046 351 527

142 445 442 511 persecutus
476 456 641 506 neque
674 444 879 506 pontum
914 455 1076 504 neque
1109 444 1294 490 terram
1327 438 1449 489 dicit
1478 437 1674 488 feminis
1694 436 1836 502 quid·

147 540 294 590 quam
328 523 530 588 gignere
565 523 782 572 atrocius
819 522 888 586 ²²²).

278 603 438 654 Facili
469 603 670 670 negotio
704 603 765 652 ab
809 599 1022 652 Hecuba
1055 599 1273 664 speciosi
1303 603 1592 665 praetextus
1626 599 1841 651 barbaro

143 685 500 745 detrahuntur,
544 699 833 747 meramque
882 681 990 730 auri
1023 680 1303 730 aviditatem
1350 682 1578 746 improbo
1613 697 1842 732 caussam

140 765 302 815 fuisse
349 765 555 815 sceleris
599 763 829 830 patrandi
888 760 1196 811 ostenditur:
1246 761 1480 811 debuisse
1527 764 1660 813 enim
1704 779 1841 822 eum,

143 846 189 896 si
226 845 534 895 Graecorum
569 861 675 894 rem
725 844 952 892 adiuvare
985 841 1161 902 vellet,
1207 858 1235 891 a
1269 842 1558 893 florentibus
1591 843 1842 905 Troianis,

141 942 239 976 non
274 943 301 975 a
335 926 808 984 succumbentibus,
842 922 1152 983 desciscere3
1188 923 1424 973 debuisse
1457 941 1631 974 aurum
1663 926 1842 975 subre-

142 1013 286 1071 ptum
310 1007 518 1056 Graecis
536 1008 681 1072 longa
703 1004 1104 1070 peregrinatione
1129 1004 1461 1054 laborantibus
1487 1006 1718 1068 reddere,
1742 1021 1842 1055 non

143 1088 192 1136 in
229 1104 372 1136 suam
406 1089 608 1138 domum
644 1085 890 1135 conferre.
959 1084 1095 1133 Nihil
1145 1085 1294 1149 igitur
1336 1087 1572 1150 impetrat
1617 1087 1843 1151 perfidus

145 1169 208 1217 ab
224 1169 595 1232 Agamemnone
623 1172 822 1232 praeter
837 1166 1098 1227 monitum,
1123 1172 1193 1227 ut,
1231 1168 1457 1231 quoniam
1482 1167 1689 1231 patrarit
1717 1182 1843 1230 quae

143 1264 243 1299 nou
278 1250 441 1308 liceat,
476 1248 660 1297 toleret
696 1263 823 1310 quae
856 1263 954 1295 non
989 1246 1170 1303 libeat,
1206 1262 1335 1310 quae
1368 1247 1613 1296 sententia
1647 1254 1843 1296 contra-

144 1329 215 1377 ria
247 1334 327 1377 est
358 1329 454 1378 illi:
490 1325 596 1378 ὅτι
630 1323 796 1378 καλὸν
831 1325 994 1392 φίλον
1029 1324 1148 1390 αἰεί,
1182 1327 1461 1376 honesta
1496 1328 1719 1377 eadem
1752 1327 1843 1375 iu-

145 1409 356 1458 cunda
389 1416 569 1471 sunt,
620 1425 716 1473 qua
751 1410 798 1458 iu
832 1409 1042 1459 Bacchis
1076 1414 1223 1459 utens
1259 1407 1526 1474 Euripides
1558 1408 1686 1459 haec
1719 1407 1843 1458 effa-

142 1494 225 1539 tus
260 1496 366 1540 est:

343 1566 396 1619 τί
429 1566 490 1620 τὸ
525 1567 702 1633 σοφὸν
733 1567 768 1636 ἢ
802 1567 855 1620 τί
886 1563 946 1620 τὸ
980 1567 1198 1621 κάλλιον

344 1648 491 1714 παρὰ
525 1652 672 1701 θεῶν
705 1649 862 1717 γέρας
895 1647 954 1702 ἐν
988 1651 1222 1717 βροτοῖς,

344 1729 380 1798 ἢ
415 1733 544 1798 χεῖρ’
579 1730 715 1797 ὑπὲρ
751 1736 1001 1798 κορυφᾶς

347 1813 459 1864 τῶν
492 1809 706 1879 ἐχθρῶν
737 1814 963 1878 κρείσσω
998 1811 1234 1881 κατέχειν
1245 1831 1260 1873 3

344 1891 375 1945 ὅ
408 1912 460 1946 τι
492 1894 660 1946 καλὸν
695 1895 858 1962 φίλον
894 1894 1008 1946 αἰεί.

273 1975 440 2026 Unum
477 1978 711 2026 solatium
744 1979 1041 2042 relinquitur
1073 1975 1265 2025 homini
1311 1975 1510 2041 penitus
1547 1991 1660 2024 cum
1694 1974 1845 2027 domo

144 2069 236 2104 sua
269 2059 624 2121 pessumdato,
660 2058 793 2123 quod
829 2064 881 2107 et
915 2058 1158 2107 Hecubae
1191 2063 1243 2105 et
1277 2056 1592 2105 Cassandrae
1625 2061 1678 2106 et
1711 2059 1845 2122 Aga-

144 2138 423 2186 memnonis
457 2140 696 2188 miserum
721 2139 983 2188 interitum
1005 2155 1033 2186 a
1061 2137 1280 2186 Thracio
1309 2138 1524 2201 quodam
1550 2142 1666 2186 vate
1698 2154 1845 2202 prae-

143 2217 336 2267 dictum
363 2234 478 2268 esse
495 2221 806 2269 recordatur.
876 2219 1016 2268 Haec
1050 2218 1429 2268 commemorari
1458 2218 1539 2266 lex
1561 2218 1849 2284 tragoediae

145 2296 452 2360 Euripideae
487 2300 720 2359 iubebat,
770 2317 868 2364 qua
901 2301 1012 2362 lege
1044 2299 1232 2348 nullum
1269 2298 1378 2346 fere
1412 2298 1582 2347 drama
1615 2300 1722 2348 sine
1755 2300 1848 2348 ali-

145 2390 244 2438 qua
277 2375 562 2426 futurarum
596 2396 765 2428 rerum
811 2380 1157 2444 praedictione
1198 2379 1393 2438 finitur3
1438 2383 1492 2427 et
1536 2378 1847 2443 Polyphemo

147 2455 322 2505 similis
358 2463 435 2505 est
457 2457 772 2522 Polymestor
807 2476 920 2509 cum
946 2460 995 2507 iu
1033 2459 1143 2507 aliis
1170 2459 1320 2507 rebus
1346 2464 1453 2507 tum
1479 2459 1528 2506 in
1560 2458 1675 2519 hoc,
1711 2458 1845 2522 quod

145 2535 330 2586 futuris
366 2537 490 2598 eiuS,
525 2554 554 2586 a
588 2554 687 2602 quo
720 2539 925 2605 punitus
961 2545 1056 2597 est,
1091 2539 1234 2588 malis
1271 2555 1326 2587 se
1351 2538 1650 2588 consolatur.
1699 2538 1845 2600 Quod

148 2616 192 2666 si
225 2632 452 2680 quaeras,
489 2634 586 2683 quo
616 2620 822 2668 consilio
855 2620 949 2668 hac
974 2620 1342 2684 tragoediarum
1368 2618 1589 2667 clausula
1622 2634 1741 2668 usus
1778 2618 1846 2667 sit

146 2703 336 2757 noster,
374 2713 596 2748 caussam
633 2701 974 2765 rationemque
1022 2699 1392 2749 consuetudinis
1436 2701 1704 2749 ostendere
1745 2714 1846 2752 non

146 2775 413 2828 admodum
451 2779 660 2829 difficile
695 2786 786 2832 est.

280 2857 428 2907 Nulla
461 2875 622 2924 neque
655 2877 793 2910 mera
815 2860 1045 2925 voluptas
1066 2877 1226 2925 neque
1250 2877 1387 2910 mera
1421 2860 1682 2926 aegritudo
1708 2874 1845 2909 mor-

145 2936 328 2987 talibus
364 2956 393 2988 a
427 2939 524 2988 diis
558 2941 807 3002 tribuitur,
844 2943 1147 3002 curantibus,
1182 2957 1245 2990 ne
1277 2941 1462 2990 laetitia
1496 2941 1640 2990 nimis
1675 2939 1847 2989 exsul-

147 3020 257 3067 tent
290 3034 417 3070 neve
452 3021 763 3084 aegritudine
790 3021 936 3071 nimis
959 3021 1297 3083 afflictentur3
1333 3027 1385 3071 et
1417 3022 1715 3087 plerumque
1748 3021 1847 3070 lae-

203 3212 257 3270 ³⁸)
285 3214 382 3258 Non
429 3217 579 3261 omisit
616 3221 822 3261 veterum
863 3218 1158 3274 interpretum
1198 3218 1380 3275 quidam
1422 3218 1482 3261 ad
1518 3218 1638 3260 hanc
1668 3220 1845 3260 sentem

287 3285 401 3329 tiam
431 3289 688 3332 adscribere
720 3289 1004 3332 decantatum
1034 3291 1168 3333 illud:
1214 3291 1295 3334 καὶ
1334 3289 1512 3334 ἐκείνου
1551 3287 1638 3345 γὰρ
1668 3286 1696 3343 ἦ
1727 3285 1844 3343 γυνὴ

292 3353 557 3416 ἐμοιχεύθη,
587 3360 665 3404 καὶ
696 3356 844 3415 εὑρών
875 3358 1044 3416 α’ρτίως
1073 3359 1291 3420 ἀφορμὴν
1312 3360 1430 3415 λέγει
1449 3383 1506 3393 -
1533 3374 1677 3414 neque
1696 3363 1844 3401 reten-

289 3429 361 3468 tus
390 3433 458 3473 est
486 3444 555 3486 eo,
588 3432 705 3486 quod
720 3430 959 3485 Euripides
985 3431 1138 3474 statim
1169 3431 1644 3486 criminationemipse
1677 3429 1846 3474 refutat

284 3499 511 3544 malarum
532 3502 847 3558 bonarumque
874 3515 1111 3547 numerum
1132 3502 1232 3546 fere
1256 3504 1495 3560 aequalem
1521 3515 1619 3545 esse
1640 3499 1845 3544 dicendo.
