2176 3874
1145 297 1269 353 498

378 450 504 508 lem,
549 446 602 494 id
635 443 763 507 quod
815 456 876 490 ex
928 441 1007 490 his
1059 441 1165 491 eius
1198 443 1361 492 verbis
1397 441 1554 508 (poet.
1591 459 1636 495 c.
1669 446 1718 504 9,
1753 445 1833 496 11.
1869 450 1920 494 et
1952 447 2055 513 12.)

374 525 693 588 intelligitur:
752 521 1028 583 „Quoniam
1074 539 1169 571 non
1228 524 1386 571 solum
1440 529 1806 572 consummatae
1850 526 2055 576 actionis

375 606 580 654 imitatio
618 610 695 651 est
729 602 1008 666 tragoedia,
1058 603 1147 650 sed
1197 604 1343 651 etiam
1380 603 1812 652 timendorum
1845 621 1915 656 ac
1949 606 2056 655 mi-

375 683 753 734 serabilium
790 698 1037 739 rerum,
1074 682 1189 731 hae
1225 690 1429 731 autem
1465 688 1525 731 et
1558 683 1821 733 maxime
1855 690 2054 734 etma-

374 765 478 830 gis
526 765 855 828 existunt,
903 762 955 810 si
990 778 1091 811 res
1138 769 1408 827 praeter
1455 763 1830 827 opinionem
1879 765 2055 814 aliae

374 860 446 893 ex
481 845 628 892 aliis
664 847 1014 891 nascantur
1049 842 1183 904 (nam
1212 843 1366 905 magis
1389 843 1485 891 hoc
1513 844 1691 891 mirum
1727 844 1836 905 erit,
1869 859 2056 906 quam

375 923 429 971 si
463 928 711 971 temere
756 939 823 970 ac
868 922 1190 982 fortuito,
1239 924 1419 986 quippe
1472 940 1619 987 quum
1672 924 1818 972 etiam
1864 939 2055 987 eorum,

374 1020 501 1066 quae
533 1002 739 1050 fortuito
775 1001 1017 1061 accidunt,
1053 1002 1350 1050 mirabiliora
1369 1003 1628 1052 videantur
1650 1019 1723 1064 ea,
1760 1019 1884 1066 quae
1913 1003 2055 1066 quasi

374 1083 578 1131 consilio
616 1082 826 1146 quodam
863 1080 1041 1129 effecta
1080 1097 1194 1129 esse
1239 1082 1494 1142 videntur,
1544 1084 1694 1132 veluti
1744 1099 1857 1131 cum
1892 1088 2055 1133 statua

373 1161 551 1226 Mityis
587 1162 731 1224 Argis
767 1160 950 1208 occidit
985 1176 1116 1218 eum,
1153 1160 1237 1223 qui
1272 1163 1433 1210 caedis
1456 1163 1628 1225 Mityis
1665 1169 1837 1210 auctor
1872 1161 2055 1221 fuerat,

373 1242 595 1291 incidens
632 1241 900 1302 spectanti:
949 1240 1178 1288 videntur
1225 1241 1354 1288 enim
1403 1241 1515 1288 talia
1557 1258 1651 1290 non
1696 1247 1888 1290 temere
1923 1241 2054 1289 acci-

373 1319 544 1383 disse),
581 1320 696 1367 inde
732 1334 940 1367 necesse
975 1324 1053 1367 est
1089 1320 1328 1368 eiusmodi
1364 1319 1554 1368 fabulas
1591 1321 1865 1384 pulcriores
1888 1327 2053 1368 esse.’'

374 1401 510 1448 Idem
558 1400 775 1447 sentiens
822 1398 1128 1447 Schiller
1174 1400 1321 1448 foeda
1366 1415 1479 1447 esse
1525 1401 1646 1448 dixit
1694 1416 1781 1460 ea,
1832 1415 1960 1463 quae
1992 1400 2054 1448 ab

371 1480 563 1528 idoneis
628 1478 846 1526 consiliis
914 1479 1243 1528 abhorrerent
1303 1478 1438 1542 (das
1498 1477 2053 1544 Zweckwidrige).

373 1560 558 1608 Contra
592 1574 687 1606 non
721 1566 858 1606 recte
893 1558 977 1605 ille
1010 1558 1213 1606 foedum
1250 1574 1361 1607 esse
1397 1559 1546 1617 dixit,
1581 1560 1620 1604 si
1653 1559 1797 1621 probi
1830 1558 2055 1607 homines

373 1655 435 1688 ex
471 1638 703 1686 secundis
739 1638 887 1684 rebus
923 1637 973 1684 in
1009 1636 1160 1683 malas
1194 1636 1270 1684 vel
1296 1636 1514 1700 perditas
1540 1637 1857 1684 devenientes
1888 1641 2056 1687 osten-

374 1720 551 1767 dantur
588 1716 743 1781 (poet.
781 1732 823 1766 c.
858 1717 937 1762 13.
977 1714 1028 1779 ς.
1066 1714 1185 1778 10.).
1256 1717 1331 1764 An
1367 1716 1514 1764 foeda
1559 1722 1672 1764 sunt
1704 1719 1929 1779 spectatu
1961 1715 2055 1765 Pa-

372 1798 596 1857 lamedis,
634 1796 868 1855 Socratis,
895 1795 1066 1844 Hussii
1094 1797 1343 1845 damnatio
1373 1801 1519 1860 atque
1547 1795 1876 1861 supplicium?
1911 1794 2058 1857 Quod

374 1884 537 1926 autem
574 1877 699 1925 dixit
732 1891 825 1924 non
861 1876 1049 1924 debere
1083 1892 1222 1936 eum,
1270 1877 1353 1939 qui
1387 1876 1438 1924 in
1470 1892 1554 1925 res
1589 1877 1818 1925 adversas
1842 1875 2055 1936 incidat,

373 1958 505 2006 omni
533 1962 737 2022 peccato
767 1952 1067 2020 (ἁμαρτίας)
1102 1972 1291 2016 vacare,
1327 1971 1743 2020 supervacaneum
1771 1959 1874 2005 est:
1910 1969 2055 2004 nemo

372 2038 500 2086 enim
535 2035 829 2094 mortalium,
865 2037 1083 2099 quamvis
1120 2036 1184 2083 sit
1209 2035 1455 2100 egregius,
1489 2037 1618 2084 vitiis
1651 2040 1810 2097 vacat,
1845 2039 1897 2085 et
1922 2050 2055 2085 mor-

371 2116 537 2166 talitas
571 2117 680 2178 ipsa
711 2115 883 2162 vitium
920 2120 1011 2164 est.

506 2194 695 2242 Rerum
742 2194 1058 2241 adversarum
1108 2192 1159 2241 in
1206 2193 1450 2243 secundas
1501 2197 1586 2241 aut
1631 2191 1956 2241 secundarum
2003 2191 2054 2240 in

374 2273 604 2322 adversas
640 2272 1048 2321 commutationes
1079 2273 1335 2338 materiam
1370 2272 1638 2321 carminum
1673 2271 1908 2330 omnium,
1943 2271 2053 2335 qui-

372 2353 466 2402 bus
501 2352 579 2400 vel
613 2356 877 2419 narrantur
909 2352 987 2400 vel
1034 2357 1244 2416 aguntur
1278 2367 1387 2415 rea,
1423 2351 1675 2401 efficiunt:
1729 2365 1891 2416 neque
1923 2351 2056 2400 enim

374 2433 482 2481 sine
518 2431 898 2480 commutatione
923 2431 1181 2495 impeditio
1217 2439 1363 2496 atque
1381 2432 1559 2480 solutio
1585 2426 1747 2493 (δέσις
1771 2427 1861 2480 καὶ
1881 2428 2052 2493 λύσις)

371 2528 559 2568 rerum,
596 2527 755 2574 neque
790 2512 897 2560 sine
931 2511 1010 2560 his
1047 2513 1312 2560 commotio
1363 2512 1637 2560 animorum
1670 2516 1754 2559 aut
1788 2511 2054 2560 delectatio

372 2591 538 2640 locum
572 2591 758 2639 habere
792 2596 974 2655 potest.
1044 2591 1206 2640 Tanto
1254 2597 1416 2640 autem
1462 2590 1735 2656 impensius
1769 2606 2055 2640 commove-

371 2687 498 2730 mur,
535 2657 916 2735 quanto‘rerum
954 2672 1273 2720 commutatio
1306 2671 1637 2720 admirabilior
1661 2676 1741 2719 est
1775 2675 2054 2734 quantoque

370 2750 565 2816 longius
601 2749 828 2799 fortunae
861 2756 1021 2799 status
1056 2752 1183 2800 alter
1216 2751 1275 2799 ab
1312 2751 1466 2799 altero
1495 2751 1658 2799 distat.
1727 2749 1930 2798 Summa
1960 2749 2053 2813 igi-

370 2837 451 2879 tur
485 2829 685 2878 miseria
719 2836 770 2878 et
803 2845 992 2877 summa
1027 2830 1241 2879 felicitas
1275 2831 1524 2879 hominum
1551 2830 1831 2894 effingenda
1854 2834 1907 2878 et
1929 2843 2052 2877 con-

370 2910 494 2958 ditio
539 2925 707 2958 rerum
754 2909 1076 2957 humanarum
1126 2911 1334 2973 ingenue
1378 2909 1682 2958 ostendenda
1728 2913 1817 2960 est.
1886 2907 2050 2969 Quum

370 2995 538 3037 autem
571 3004 745 3051 magna
778 3004 940 3052 neque
973 2988 1244 3038 infortunia
1262 3005 1420 3054 neque
1437 2988 1702 3037 felicitates
1729 2989 1836 3037 sine
1860 2986 2050 3052 magnis

369 3068 669 3118 facinoribus
704 3068 901 3116 evenire
936 3068 1143 3130 soleant,
1179 3073 1228 3118 et
1261 3085 1440 3134 magna
1470 3067 1689 3116 facinora
1711 3083 1772 3116 ex
1805 3065 2051 3130 magnitu-

370 3149 485 3197 dine
519 3147 597 3196 vel
631 3147 809 3196 virium
842 3147 919 3195 vel
954 3148 1097 3197 animi
1129 3148 1208 3197 vel
1242 3149 1419 3212 ingenii
1445 3152 1730 3197 nascantur=
1765 3149 1903 3211 tanto
1937 3160 2050 3208 gra-

368 3227 506 3277 viora
542 3232 686 3277 erunt
720 3227 966 3285 carmina,
1017 3234 1197 3290 quanto
1232 3244 1473 3293 personae
1517 3226 1664 3275 animi
1700 3225 2048 3290 magnitudine,

367 3307 543 3370 ingenii
571 3307 806 3368 sollertia,
842 3306 1151 3368 fortitudine,
1187 3309 1406 3366 audacia,
1441 3308 1620 3356 virtute
1645 3305 2046 3369 praestantiorem

367 3385 494 3435 Nam
530 3391 583 3436 et
618 3387 744 3435 bona
779 3391 831 3436 et
863 3386 989 3435 mala
1023 3402 1214 3438 summa
1247 3387 1530 3438 fortissimis
1577 3386 1854 3449 quibusque
1886 3384 2047 3434 homi-

366 3466 509 3516 nibus
543 3467 787 3517 destinata
818 3471 957 3524 sunt3
1003 3467 1264 3517 desidiosis
1299 3473 1462 3516 autem
1496 3470 1644 3530 atque
1679 3463 1903 3515 socordia
1935 3466 2041 3512 tor-
