2176 3874
927 287 1052 346 549

140 443 382 506 ptemque
425 436 699 501 virginum,
744 436 828 503 qui
862 453 952 502 pro
986 436 1168 487 hostiis
1204 435 1579 488 adducebantur
1603 438 1672 503 *).
1739 439 1833 489 Pa-

141 519 253 568 rodi
300 517 629 582 fragmentum
674 518 808 584 apud
840 517 1230 583 Aristophanem
1253 523 1317 567 et
1347 519 1666 570 scholiastam
1699 521 1833 570 eius-

142 598 256 648 dem
289 595 466 664 (Vesp.
504 598 662 678 312.)—
682 601 930 646 servatum
968 604 1075 646 est:

273 676 324 728 τί
356 694 421 742 με
455 676 587 745 δῆτ’,
626 679 668 728 ὠ
703 675 859 744 μελέα
891 681 1074 742 μᾶτερ
1110 674 1333 739 ἔτικτεςς

140 759 404 809 Alternans
453 775 565 808 cum
615 761 769 808 choro
815 759 1118 825 Hippolytus
1153 761 1281 810 haec
1314 761 1557 811 cecinisse
1588 762 1833 812 traditur:

274 837 543 906 ἀνόνητον
575 841 801 906 ἄγαλμα,

273 920 455 988 πάτερ,
491 920 686 973 οἴκοισι
719 917 902 972 τεκών.

143 1001 218 1051 De
259 1004 440 1052 horum
487 1002 825 1052 immolatione
885 1015 1136 1064 exponens
1196 999 1495 1051 Plutarchus
1540 1001 1836 1067 Euripidem

144 1090 349 1134 secutus
385 1100 498 1133 esse
530 1083 744 1140 videtur,
779 1082 830 1130 id
866 1082 999 1145 quod
1027 1097 1202 1130 versus
1227 1082 1466 1145 quosdam
1494 1082 1641 1131 huius
1654 1088 1838 1147 poetae

143 1163 448 1229 proferendo
497 1163 730 1212 declarat.
833 1162 880 1210 ls
919 1162 1068 1225 igitur
1101 1166 1309 1226 propter
1344 1162 1598 1228 Androgei
1633 1164 1838 1214 caedem

144 1245 430 1305 sterilitate,
477 1245 653 1293 morbo
688 1259 745 1291 ac
779 1243 1038 1291 fluminum
1073 1242 1476 1291 inundationibus
1511 1244 1725 1293 Atticam
1763 1245 1836 1293 la-

144 1327 353 1375 borasse
388 1330 579 1382 narrat,
617 1330 948 1387 monenteque
982 1323 1078 1372 deo
1116 1322 1387 1386 Delphico,
1430 1323 1605 1373 Minoe
1638 1325 1837 1390 placato

140 1411 292 1470 atque
335 1391 663 1455 reconciliato
708 1404 859 1452 finem
905 1403 1017 1452 fore
1062 1404 1304 1452 malorum
1348 1404 1551 1468 iraeque
1586 1405 1838 1465 coelestiS‚

140 1487 475 1536 Athenienses
523 1485 701 1549 legatis
736 1501 849 1533 cum
885 1483 1142 1548 suppliciis
1178 1485 1340 1532 missis
1376 1484 1557 1534 foedus
1588 1485 1746 1534 inisse
1779 1503 1838 1536 ea

142 1567 284 1632 lege,
331 1571 390 1615 ut
437 1567 678 1615 tributum
723 1582 900 1615 novem
933 1565 1072 1613 annis
1105 1566 1364 1614 mitterent
1397 1571 1634 1631 septenos
1669 1566 1838 1616 adole-

143 1654 341 1696 scentes
390 1647 698 1711 totidemque
742 1646 973 1711 virgines,
1049 1646 1159 1694 Hos
1207 1646 1258 1694 in
1310 1646 1512 1695 Cretam
1546 1647 1839 1712 deportatos

140 1744 169 1776 a
215 1728 417 1792 tragicis
477 1728 732 1792 perhiberi
789 1724 844 1793 (ὁ
910 1722 1009 1791 μὲν
1054 1725 1445 1792 τραγικώτατος
1486 1729 1665 1793 μῦθος
1704 1726 1838 1779 ἄπο-

142 1806 346 1874 φαίνει)
409 1808 459 1857 in
527 1809 811 1873 labyrintho
866 1815 952 1887 aut
1013 1824 1041 1856 a
1096 1807 1378 1857 Minotauro
1423 1816 1678 1874 peremtus
1726 1827 1840 1861 esse

141 1895 228 1938 aut
266 1893 530 1955 vaganteS,
578 1905 689 1938 cum
725 1890 910 1957 exitum
954 1889 1178 1939 invenire
1211 1889 1498 1953 nequirent,
1540 1891 1726 1940 ibidem
1762 1891 1839 1941 in·-

143 1972 339 2020 terisse.

273 2050 440 2099 Finita
474 2050 662 2114 parodo
692 2047 925 2099 Theseus
960 2065 1075 2099 cum
1110 2050 1366 2115 prooemio
1402 2052 1616 2114 quodam
1652 2052 1705 2102 in
1728 2069 1839 2104 sce-

139 2147 251 2179 nam
284 2131 490 2194 prodiit.
561 2130 638 2177 Ad
674 2129 910 2194 Europae
942 2131 1184 2178 terminos
1214 2147 1269 2178 se
1304 2131 1564 2194 navigasse
1598 2134 1695 2184 ait:

265 2207 467 2274 ’σχεδὸν
500 2202 620 2272 παρ’
660 2207 844 2269 αὐτοῖς
875 2208 1197 2272 κρασπέδοις
1229 2209 1539 2274 Εὐρωπίας,

141 2295 197 2338 ut
230 2295 473 2355 pugnaret
507 2307 619 2338 cum
655 2296 905 2351 monstro,
942 2292 1072 2354 quod
1107 2292 1251 2341 tatfri-
1273 2292 1452 2342 faciem
1479 2310 1592 2343 cum
1619 2294 1841 2345 humano

138 2386 350 2435 corpore
386 2370 719 2418 consociatam
751 2386 928 2433 gerere
961 2373 1184 2420 dicatur:

270 2447 478 2511 ταύρου
513 2451 769 2516 μεμῖχθαι
802 2448 893 2500 καὶ
926 2449 1128 2516 βροτοῦ
1163 2449 1324 2517 διπλῇ
1360 2450 1536 2516 φύσει.

138 2532 318 2596 Neque
351 2537 517 2580 tamen
553 2547 608 2580 se
642 2532 942 2597 imparatum
979 2533 1042 2581 ad
1077 2533 1202 2581 tales
1233 2534 1430 2582 labores
1462 2550 1522 2583 ac
1550 2535 1838 2585 discrimina

136 2613 408 2671 accedere,
461 2612 551 2661 sed
587 2613 912 2661 meditatione
945 2615 1096 2677 atque
1144 2613 1406 2678 disciplina
1453 2613 1694 2678 (Pitthei.‚
1742 2634 1836 2682 pu-

138 2692 213 2760 to)
248 2694 526 2741 firmatum:

271 2769 374 2840 ἐγὼ
410 2770 498 2830 δέ,
533 2774 697 2823 τοῦτο
732 2769 881 2836 παρὰ
915 2774 1096 2838 σοφοῦ
1129 2789 1276 2834 τινος
1307 2773 1519 2839 μαθών,

272 2854 346 2914 εἰς
382 2853 677 2920 φροντίδας
711 2857 853 2905 νοῦν
887 2854 1173 2920 συμφοράς
1206 2850 1249 2906 τ’
1286 2853 1606 2921 ἐβαλλόμην,

270 2934 452 3001 φυγάς
484 2937 529 2986 τ’
566 2933 780 3005 ἐμαυτῷ
815 2933 1116 2999 προςτιθεὶς
1149 2935 1355 3002 πατρας
1389 2934 1519 3006 ἐμῆς

266 3014 543 3077 θανατους
574 3016 620 3067 τ’
656 3015 871 3082 αώρους
904 3034 992 3067 και
1026 3018 1210 3070 κακῶν
1243 3020 1407 3079 ἄλλας
1445 3017 1625 3080 ὁδούς,

274 3095 362 3160 ἵν’,
400 3096 450 3148 εἴ
479 3115 530 3148 τι
561 3097 827 3165 πασχοιμ’
862 3096 940 3149 ὡν
974 3095 1224 3163 ἐδόξαζον
1259 3100 1433 3167 φρενί,

267 3177 341 3245 μή
375 3196 468 3245 μοι
498 3177 725 3244 νέορτον
758 3178 1058 3246 προςπεσὸν
1092 3184 1295 3247 μᾶλλον
1330 3182 1500 3235 δακοι.

137 3255 278 3307 Haec
310 3262 462 3310 vertit
496 3262 676 3312 Cicero
713 3278 774 3311 eo
809 3263 919 3312 loco
953 3262 1343 3314 Tusculanarum
1374 3265 1518 3330 disp„
1553 3280 1653 3330 quo
1684 3265 1833 3315 docet

137 3341 582 3403 praemeditatione
627 3342 913 3393 futurorum
957 3345 1198 3396 malorum
1244 3346 1391 3396 leniri
1438 3361 1613 3396 eorum
1648 3346 1831 3396 adven-

193 3480 243 3535 *J
275 3481 345 3525 Cf.
375 3483 551 3530 Welck.
579 3500 622 3541 p·
652 3482 752 3529 734.
