2176 3874
950 321 1070 378 481

159 471 306 522 victis
339 486 369 520 a
402 469 702 520 Phormione
735 465 1174 528 Lacedaemoniis,
1224 466 1558 515 Athenienses
1593 467 1851 518 dedicave-

160 557 298 612 rant,
332 566 425 617 per
458 549 713 614 prolepsin
747 565 776 598 a
809 548 964 597 choro
1000 547 1214 611 spectari
1258 551 1309 595 et
1354 547 1625 611 imagines,
1676 549 1852 612 quibus

157 631 394 683 distincta
428 633 554 687 erat,
591 627 924 678 demonstrari
959 625 1150 675 faceret
1183 623 1250 690 *).
1321 627 1460 689 Quae
1494 644 1575 676 res
1612 644 1712 691 quo
1745 631 1850 696 mas-

159 713 235 777 gis
294 710 443 776 plana
501 710 568 758 sit
625 709 878 768 omnibus,
943 706 1178 755 mulieres
1235 707 1437 755 easdem
1504 709 1741 771 imagines
1799 709 1851 758 in

156 791 308 858 peplo
348 789 716 838 Panathenaico
755 806 784 838 a
820 803 875 835 se
910 787 1111 850 depingi
1158 787 1318 835 solere
1354 789 1633 851 significant
1655 783 1852 852 (ἐμαῖσι

156 869 450 936 μυθεύεται
482 869 627 934 παρὰ
661 867 876 935 πήναις)
898 866 1002 930 **).
1070 866 1283 931 Figuras
1321 869 1589 933 scalpendo
1614 870 1663 917 in
1689 870 1856 934 lapide

157 967 424 1018 expressas
471 968 529 1000 ac
578 951 757 1000 deinde
801 948 1048 996 coloribus
1098 947 1353 994 distinctas
1397 947 1556 995 fuisse
1624 965 1734 998 cum
1790 950 1854 1000 G.

158 1032 448 1090 Hermanno
483 1037 645 1080 statuo
680 1025 762 1091 (ἐν
794 1027 1005 1077 τύκαισι
1022 1026 1292 1091 λαΐνοισι).
1363 1026 1598 1076 Ceterum
1622 1030 1724 1078 noli
1756 1031 1855 1080 hoc

158 1128 358 1162 carmen
392 1113 444 1161 in
475 1110 735 1161 duodecim
772 1110 848 1158 vel
886 1110 1168 1172 quindecim
1203 1108 1457 1156 hominum
1487 1123 1630 1156 voces
1668 1109 1851 1160 discin-

160 1194 311 1243 dere:
362 1191 640 1240 diverbium
675 1191 808 1238 enim
843 1191 1049 1238 duarum
1087 1189 1227 1238 chori
1259 1188 1470 1252 partium
1506 1204 1619 1237 esse
1654 1189 1856 1258 planum

161 1279 254 1324 est.
323 1273 434 1322 Nou
467 1287 560 1337 pro
595 1271 729 1319 inani
773 1276 1061 1320 ornamento
1096 1270 1224 1317 hanc
1259 1268 1432 1333 templi
1465 1268 1854 1334 descriptionem

161 1358 247 1402 aut
278 1353 406 1402 hanc
441 1352 703 1400 mulierum
741 1352 1050 1416 voluptatem
1076 1350 1285 1398 dramati
1307 1349 1516 1397 intexuit
1531 1353 1717 1400 noster.
1752 1352 1856 1417 Ap-

158 1438 302 1499 paret
346 1433 478 1480 enim
523 1432 621 1480 hoc
655 1432 769 1480 ideo
804 1432 1088 1480 institutum
1126 1447 1270 1491 esse,
1325 1445 1422 1493 quo
1460 1429 1678 1479 Creusae
1712 1432 1856 1491 dolor

159 1520 309 1577 atque
355 1512 629 1576 indignatio
679 1513 836 1578 magis
880 1513 1220 1575 insigniretur:
1256 1510 1486 1559 lacrimas
1522 1511 1652 1558 enim
1690 1510 1859 1561 fundit

160 1594 338 1642 aedem
374 1592 456 1640 dei
490 1593 1030 1655 magnificentissimam
1059 1592 1506 1656 pulcerrimamque
1528 1591 1856 1655 conspiciens,

162 1674 303 1722 cuius
337 1673 580 1736 adspectu
626 1674 709 1721 alii
743 1674 921 1738 gaudio
972 1672 1106 1721 affici
1154 1673 1332 1723 solent.
1405 1671 1710 1721 Generosam
1745 1689 1856 1722 mu-

159 1753 296 1802 lieris
349 1752 570 1817 speciem
617 1754 888 1802 admiratus
937 1753 1128 1801 iuvenis
1181 1752 1428 1815 simulque
1461 1753 1609 1800 animi
1645 1753 1858 1815 quadam

159 1833 495 1899 propensione
531 1833 726 1893 ductus,
772 1850 868 1898 qua
903 1833 1149 1898 sanguinis
1185 1833 1606 1898 propinquitatem
1639 1833 1861 1882 divinare

158 1913 375 1973 videtur,
411 1913 476 1961 de
514 1914 690 1976 patria,
728 1913 790 1961 de
824 1929 1024 1976 genere,
1062 1913 1125 1961 de
1151 1913 1435 1973 maioribus,
1472 1913 1535 1960 de
1560 1913 1758 1971 marito,
1795 1914 1859 1962 de

160 2008 338 2042 caussa
371 1993 598 2040 veniendi
633 1993 838 2056 quaerit.
909 1993 1116 2041 Gratam
1151 1993 1537 2042 Atheniensibus
1586 1991 1744 2040 fuisse
1778 2008 1858 2040 ar—

160 2072 320 2123 bitror
366 2072 662 2135 religionum
707 2072 1085 2135 fabularumque
1134 2073 1409 2136 patriarum
1458 2071 1860 2136 explicationem.

161 2151 402 2200 Ceterum
438 2151 658 2199 Creusae
692 2152 882 2201 animus
915 2153 1084 2200 multis
1119 2153 1280 2200 modis
1311 2153 1522 2199 laeditur
1557 2152 1674 2200 lone
1704 2153 1862 2202 inscio

162 2230 356 2294 singula
401 2231 704 2295 attingente,
752 2247 877 2295 quae
922 2232 1131 2280 iniuriae
1180 2232 1522 2296 malorumque
1569 2233 1862 2281 memoriam

158 2317 412 2370 revocent,
447 2315 500 2358 et
533 2310 803 2373 praecipue
837 2311 900 2359 de
934 2311 1094 2376 longis
1129 2313 1332 2375 rupibus
1380 2312 1691 2375 sciscitante,
1739 2329 1860 2376 qua—

159 2405 274 2439 rum
303 2389 355 2437 in
389 2381 530 2438 antio
563 2389 760 2452 fulgura
793 2391 1039 2455 Apollinis
1083 2390 1367 2455 pythaistae
1413 2394 1677 2440 observare
1726 2392 1860 2442 sole-

159 2469 282 2519 bant
315 2469 442 2532 3’θ’ῗῑὲῗῑξ).
511 2467 644 2518 Miro
680 2475 845 2518 autem
898 2472 1046 2519 modo
1081 2471 1232 2519 etiam
1269 2470 1459 2518 Creusa
1491 2471 1702 2518 invicem
1737 2473 1860 2520 ado-

158 2549 397 2599 lescentis
431 2549 674 2614 adspectu
710 2549 959 2611 afficitur,
1010 2551 1150 2599 cuius
1185 2551 1301 2598 dum
1336 2550 1521 2599 natalia
1555 2555 1704 2613 atque
1739 2550 1862 2599 edu-

162 2629 408 2679 cationem
444 2630 746 2690 sciscitatur,
783 2631 921 2693 quasi
955 2647 1043 2679 sua
1078 2635 1227 2695 atque
1253 2630 1342 2678 filii
1370 2630 1447 2678 sui
1471 2630 1570 2678 sata
1601 2631 1862 2695 percipere

148 2701 260 2760 'sibi
292 2709 505 2758 videtur.
575 2710 910 2772 Quamobrem
945 2727 1097 2774 quum
1144 2712 1270 2759 hanc
1317 2712 1477 2774 ipsam
1523 2712 1585 2760 ob
1634 2726 1862 2759 caussam

161 2790 386 2851 venerit,
422 2794 481 2838 ut
513 2789 718 2838 absente
745 2790 923 2838 marito
960 2789 1263 2854 (Trophonii
1297 2792 1428 2839 enim
1465 2791 1718 2839 oraculum
1754 2789 1860 2839 Xu-

161 2869 310 2932 thus,
356 2869 643 2935 priusquam
677 2869 896 2934 Delphos
931 2870 1366 2935 proficisceretur,
1413 2870 1598 2918 adiisse
1631 2867 1859 2933 fingitur)

163 2949 257 2999 filii
291 2950 507 3014 expositi
539 2949 791 2999 fortunam
840 2966 902 2998 ex
936 2950 1142 2999 Phoebo
1178 2951 1547 3009 sciscitaretur,
1597 2949 1861 2998 consilium

163 3045 277 3080 cum
311 3029 430 3079 Ione
466 3031 825 3088 communicat,
861 3046 1023 3094 neque
1057 3035 1220 3080 tamen
1257 3046 1313 3079 se
1346 3032 1531 3094 ipsam,
1581 3029 1671 3078 sed
1707 3028 1861 3077 soda-

162 3108 287 3159 lium
322 3109 554 3175 aliquam,
580 3110 643 3158 ab
679 3110 910 3175 Apolline
934 3116 1210 3176 stupratam
1245 3126 1358 3160 esse
1382 3110 1518 3172 dicit,
1552 3109 1692 3159 cuius
1722 3124 1860 3158 caus-

157 3205 269 3240 sam
302 3207 332 3240 a
368 3206 425 3239 se
459 3196 742 3256 susceptam
778 3207 892 3240 esse
926 3191 1082 3256 fingit.
1151 3191 1247 3242 Cui
1279 3191 1367 3242 Ion
1401 3192 1462 3240 ab
1511 3191 1609 3240 hoc
1653 3188 1860 3239 consilio

219 3371 272 3426 ¹⁸²)
299 3370 410 3417 Vide
435 3373 695 3430 Musgravii
725 3377 878 3417 notam
908 3375 967 3417 ad
994 3375 1042 3418 h.
1072 3377 1103 3417 1.

194 3441 275 3496 *ἢ
301 3442 371 3485 De
400 3443 492 3485 hoc
521 3446 657 3500 peplo
688 3445 794 3487 vide
824 3445 1028 3488 Boeckh.
1060 3445 1141 3488 Gr.
1172 3449 1290 3503 trag.
1319 3445 1460 3503 princ.
1492 3459 1536 3499 p.
1567 3440 1652 3484 191
1680 3454 1802 3495 seqq.

163 3510 270 3567 ***)
300 3511 371 3556 cf.
401 3513 578 3572 Musgr.
606 3515 666 3559 ad
693 3530 738 3559 v.
770 3514 870 3560 285.

1463 3591 1526 3635 31
