2144 3854
286 416 555 467 riculorum
589 413 809 477 quisnam
842 413 1042 475 credat,
1093 429 1244 478 quum
1279 409 1590 478 Voluptatis,
1623 411 1962 478 mulierariae,

285 496 364 545 vel
399 493 614 560 speciem
639 492 930 542 horruerit?
993 495 1070 544 An
1089 494 1344 558 quisquam
1361 491 1644 542 futurorum
1673 493 1820 543 nimis
1845 509 1964 559 pro-

283 576 426 624 vidus
459 579 729 641 cautusque
763 572 984 638 pericula
1017 579 1217 623 strenue
1251 572 1439 622 subiit?
1503 572 1701 637 Quippe
1725 589 1823 628 non
1847 589 1963 638 pro-

284 654 492 704 videndo
525 668 686 716 neque
718 653 911 702 vitando
958 654 1086 702 mala
1128 657 1450 717 superantur,
1504 652 1595 700 sed
1644 653 1830 703 viribus
1873 653 1964 704 fir·-

283 734 472 784 mandis
521 738 573 781 et
617 732 688 780 sic
723 733 1077 782 conformando
1113 733 1260 782 animi
1294 732 1619 796 corporisque
1651 732 1855 796 habitu,
1907 737 1964 782 ιιι

283 815 345 863 ad
380 812 600 878 quemvis
638 829 805 862 casum
844 812 1118 874 ferendum,
1153 813 1373 876 quemvis
1403 819 1629 861 eventum
1656 811 1964 861 tolerandum

283 895 386 961 apti
419 894 587 942 simus.
654 891 835 940 Noster
865 893 1015 957 igitur
1048 892 1294 942 Hercules
1329 898 1426 940 tam
1462 908 1667 941 securus
1703 884 1782 941 est
1824 891 1962 941 futu-

279 990 477 1032 rorum,
527 977 583 1021 ut
625 973 687 1020 ad
736 979 953 1020 monstra
1002 988 1240 1036 equorum
1291 973 1559 1035 subigenda
1597 972 1962 1037 proficiscatur,

281 1054 404 1105 nihil
452 1056 593 1101 antea
627 1067 788 1114 neque
823 1053 886 1101 de
918 1052 1096 1102 horum
1129 1058 1300 1101 natura
1334 1068 1496 1116 neque
1531 1053 1594 1101 de
1629 1052 1815 1101 domini
1845 1051 1960 1101 for-

279 1133 492 1184 titudine
526 1131 823 1189 sciscitatuS‚
858 1137 1022 1195 atque,
1058 1132 1266 1180 edoctus
1304 1131 1434 1181 forte
1469 1132 1533 1181 de
1565 1132 1962 1182 adversariorum

280 1213 598 1272 immanitate,
630 1210 690 1258 ad
727 1211 896 1274 epulas
932 1218 980 1260 et
1003 1211 1237 1260 laetitiam
1262 1218 1608 1275 convertatur3
1645 1219 1744 1261 tam
1767 1217 1960 1276 tempe-

279 1309 393 1343 rans
427 1310 455 1340 a
502 1291 776 1356 praesentis
819 1291 1083 1355 voluptatis
1130 1291 1384 1356 cupidine,
1431 1300 1490 1343 ut
1539 1309 1567 1341 a
1609 1292 1962 1342 comissatione

281 1374 511 1422 continuo
545 1372 606 1419 ad
641 1376 889 1419 certamen
924 1387 1038 1420 cum
1074 1370 1207 1419 Orco
1241 1372 1503 1421 ineundum
1533 1374 1827 1432 contendat;
1860 1377 1961 1422 tam

282 1452 469 1501 alienus
505 1451 566 1499 ab
601 1450 925 1499 admiratione
957 1466 1140 1510 rerum,
1175 1467 1303 1515 quae
1337 1453 1559 1516 patravit,
1595 1459 1648 1502 ut
1681 1452 1863 1502 omissa
1883 1451 1961 1501 vi-

281 1531 518 1581 tulatione
552 1536 600 1579 et
635 1530 858 1594 neglecta
892 1530 1272 1578 laetiss1morum
1306 1531 1576 1591 festorum,
1612 1548 1740 1595 quae
1774 1532 1959 1581 Adme-

279 1620 361 1662 tus
395 1616 553 1677 parat,
589 1610 937 1670 celebratione,
971 1610 1111 1658 finito
1144 1610 1314 1658 labore
1348 1611 1514 1660 statim
1549 1612 1612 1660 ad
1644 1612 1854 1661 alterum
1885 1610 1961 1660 la-

277 1694 447 1742 borem
482 1691 745 1739 ineundum
782 1690 1142 1753 proficiscatur.
1210 1689 1350 1738 Haec
1384 1690 1539 1753 altera
1571 1691 1818 1740 inducitur
1844 1706 1961 1755 per-

278 1789 416 1833 sona,
451 1787 576 1834 quae
609 1786 699 1835 pro
733 1770 893 1818 amico
920 1771 1105 1833 optimo
1133 1775 1182 1818 et
1206 1770 1557 1833 benignissimo
1586 1776 1796 1822 mortem
1821 1771 1961 1820 adire

278 1869 375 1901 non
410 1852 614 1901 dubitet.
681 1850 837 1907 Idem,
873 1849 916 1898 si
950 1850 1258 1915 propositum
1294 1849 1493 1913 fuisset,
1528 1858 1583 1900 ut
1614 1851 1797 1901 lentam
1825 1867 1959 1900 mor-

278 1939 381 1982 tem
413 1934 536 1980 citra
570 1935 830 1979 certamen>
855 1929 1227 1994 periculumque
1257 1931 1418 1981 obiret
1437 1931 1610 1979 morbo
1627 1946 1957 1994 marcescens,

280 2013 396 2077 quin
429 2012 620 2077 cognati
665 2010 873 2058 alicuius
918 2010 995 2058 vel
1045 2009 1208 2058 affinis
1243 2010 1343 2057 vel·
1369 2011 1543 2071 amici,
1591 2012 1641 2060 in
1685 2011 1825 2060 cuius
1859 2010 1959 2060 vita

279 2094 438 2141 minus
473 2107 615 2154 quam
650 2091 699 2138 in
736 2106 824 2138 sua
859 2089 1096 2139 momenti
1132 2095 1282 2147 esset,
1315 2096 1475 2139 morte
1509 2090 1692 2139 vicaria
1734 2106 1790 2139 se
1824 2090 1959 2139 redi-

279 2173 348 2220 mi
393 2186 630 2236 passurus
674 2170 884 2226 fuisset,
936 2169 1034 2217 noli
1068 2169 1313 2220 dubitare.
1383 2169 1528 2218 Aliud
1563 2170 1692 2220 enim
1733 2174 1814 2219 est
1847 2186 1958 2220 cer-

277 2258 441 2301 tamen
473 2250 752 2311 ineuntem,
788 2250 1041 2314 proposito
1075 2249 1271 2298 virtutis
1307 2250 1559 2314 praemio,
1614 2255 1825 2299 mortem
1858 2265 1956 2300 non

278 2347 477 2397 pavere,
513 2330 644 2379 aliud
678 2330 899 2393 quietum
936 2330 1192 2378 tabescere
1226 2336 1375 2394 atque
1410 2330 1683 2395 exstingui,
1717 2330 1802 2380 ubi
1835 2330 1958 2379 nihil

278 2411 506 2461 utilitatis
579 2427 639 2458 ex
695 2411 781 2459 tali
847 2410 1083 2474 patientia
1137 2409 1204 2458 sit
1262 2426 1421 2473 neque
1479 2411 1531 2459 in
1599 2415 1796 2460 nostros
1869 2426 1959 2459 ne-

279 2507 375 2556 que
421 2493 469 2540 in
515 2491 700 2540 alienos
763 2490 1167 2539 redundaturum.
1264 2491 1390 2538 Illud
1441 2496 1517 2539 est
1576 2491 1959 2555 praevalentium

274 2574 460 2621 viribus
521 2572 773 2620 hominum
832 2577 885 2620 et
942 2571 1174 2619 invictam
1226 2571 1276 2619 in
1338 2587 1395 2619 se
1443 2571 1672 2620 virtutem
1726 2587 1840 2620 esse
1884 2571 1957 2620 iu-

275 2652 629 2717 telligentium3
675 2657 885 2700 mortem
934 2667 1025 2715 pro
1070 2652 1177 2699 aliis
1225 2651 1392 2700 subire
1441 2655 1519 2699 est
1566 2651 1730 2700 minus
1772 2651 1956 2701 viribus

278 2733 380 2781 suis
401 2731 670 2781 ‘fidentium
706 2738 756 2780 et
789 2732 902 2797 plus
937 2732 988 2779 in
1021 2739 1183 2780 morte
1234 2747 1377 2795 quam
1422 2732 1474 2780 in
1519 2731 1618 2778 vita
1652 2746 1739 2779 sua
1784 2731 1955 2779 amicis

274 2813 506 2878 praesidii
540 2829 655 2861 esse
688 2813 970 2862 videntium.
1040 2811 1150 2860 Hac
1183 2812 1374 2860 ratione
1410 2810 1619 2859 Orestes
1645 2809 1957 2874 Pyladesque

275 2894 340 2941 de
375 2897 535 2941 morte
561 2893 788 2942 obeunda
821 2893 948 2941 inter
983 2908 1040 2941 se
1065 2892 1398 2942 contendunt:
1434 2905 1642 2961 quorum
1671 2889 1785 2937 huic
1808 2888 1957 2938 facile

277 2971 631 3037 persuadetur,
682 2978 738 3022 ut
783 2979 1036 3038 superstes
1086 2989 1199 3021 esse
1231 2971 1378 3033 velit,
1413 2969 1597 3018 Oreste
1631 2985 1770 3017 suam
1803 2969 1956 3019 vitam

277 3052 396 3100 nulli
443 3051 614 3100 amicis
664 3052 862 3101 utilitati
908 3069 1021 3101 esse
1067 3053 1296 3103 docente.
1364 3050 1545 3100 Contra
1594 3049 1808 3097 Admeto
1842 3064 1954 3098 cum

279 3146 431 3181 uxore
458 3133 522 3180 de
557 3133 731 3180 eadem
766 3149 824 3181 re
857 3133 1156 3181 contendere
1189 3138 1336 3197 turpe
1369 3130 1575 3179 fuisset:
1609 3143 1723 3176 nam

411 3203 483 3271 εἷς
515 3207 652 3277 ἀνὴρ
685 3210 945 3275 κρείσσων
977 3212 1253 3279 γυναικῶν
1286 3208 1494 3276 μυρίων
1526 3206 1663 3272 ὁρᾶν
1695 3204 1851 3273 φάος.

279 3289 567 3341 Sentiebant
600 3293 698 3342 hoc
732 3292 943 3355 Graeci,
991 3300 1046 3344 ut
1092 3293 1215 3342 nihil
1250 3308 1374 3357 opus
1408 3289 1636 3340 habuerit
1687 3287 1955 3353 Euripides

282 3371 530 3424 theatrum
567 3373 631 3422 de
664 3389 725 3422 ea
759 3389 814 3423 re
847 3373 1058 3436 docere,
1094 3379 1145 3423 et
1178 3373 1416 3423 sentirent
1447 3369 1603 3421 nostri
1636 3383 1859 3433 quoque,
1911 3368 1954 3416 si
