2176 3874
1046 343 1171 400 469

260 493 505 559 proelium
526 491 771 541 faciendis
790 493 1035 539 interesse
1053 491 1308 554 patrisque
1322 491 1456 539 dicto
1471 491 1707 542 obediens
1722 509 1838 543 esse
1853 510 1953 543 non

262 577 476 624 recusat.
539 570 904 622 Verecundiam
928 569 1131 632 virginis
1158 570 1235 618 his
1261 571 1427 619 verbis
1455 578 1599 635 pater
1621 573 1952 639 improbavit:

397 651 586 712 αἰδοῦς
621 649 677 702 δὲ
710 649 906 709 καύτὸς
934 647 1231 713 δνςκρίτως
1265 645 1365 715 ἔχω
1400 648 1552 715 πέρι·

393 730 486 785 καὶ
520 731 604 784 δεῖ
632 731 735 798 γὰρ
771 730 934 798 αὐτῆς
964 732 1153 781 κᾶστιν
1188 720 1256 781 οὗ
1289 728 1458 782 κακὸν
1490 729 1641 798 μέγα.

394 815 666 879 Singularis
700 814 794 862 fuit
810 812 1064 878 Euripidis
1086 812 1161 861 vis
1186 813 1236 861 in
1257 814 1614 878 componendis
1647 813 1828 864 talibus
1847 815 1956 864 col-

260 895 475 960 loquiis,
512 912 639 959 quae
671 893 995 958 ambiguitate
1029 892 1277 941 dictorum
1313 894 1502 942 animos
1535 893 1770 954 ferirent3
1805 913 1956 960 prae-

261 984 400 1025 terea
446 976 572 1024 haec
605 990 780 1024 caussa
825 974 889 1022 ad
934 973 1229 1022 movendam
1264 973 1636 1023 miserationem
1673 975 1956 1024 admiratio-

263 1073 476 1121 nemque
509 1055 762 1120 aptissima
798 1059 930 1113 erat,
969 1058 1026 1102 ut
1059 1053 1289 1102 interisse
1322 1054 1452 1102 hanc
1487 1055 1727 1104 dramatis
1761 1061 1956 1120 partem

264 1151 566 1202 magnopere
602 1133 874 1183 dolendum
911 1135 989 1183 sit.

390 1214 628 1265 Profecta
662 1217 752 1264 sub
787 1215 1040 1279 praesidio
1073 1214 1208 1276 filia,
1246 1231 1396 1279 quum
1430 1215 1654 1280 reliquus
1688 1215 1959 1267 sacrificio-

262 1314 371 1348 rum
405 1301 671 1361 apparatus
707 1311 770 1344 ex
806 1296 1011 1344 aedibus
1036 1294 1318 1356 efferretur,
1346 1301 1506 1344 mater
1540 1298 1604 1345 ad
1638 1314 1748 1346 rem
1783 1311 1959 1344 novam

261 1379 478 1426 animum
513 1377 745 1438 advertit,
781 1383 832 1425 et
868 1376 1051 1425 secreti
1085 1376 1271 1440 aliquid
1307 1377 1386 1439 agi
1420 1378 1688 1442 suspicata,
1724 1377 1959 1426 maritum

262 1459 435 1508 adiens
471 1458 693 1522 quaerit,
733 1471 831 1521 quo
868 1457 1074 1505 consilio
1107 1456 1236 1504 filias
1270 1456 1583 1506 abducendas
1619 1463 1670 1507 et
1702 1457 1961 1523 placentas

263 1539 504 1605 plurimas
541 1555 569 1586 e
606 1538 754 1587 demo
776 1537 1072 1597 ⁴efferendas
1109 1538 1378 1597 curaverit,
1424 1542 1475 1587 et
1523 1539 1756 1602 quidnam
1803 1552 1961 1603 genus

265 1619 503 1669 sacrificii
537 1618 645 1668 sine
680 1618 878 1666 victima
911 1617 1148 1667 adornet:

400 1696 491 1751 καί
524 1716 644 1764 μοι,
679 1690 855 1748 πολὺν
886 1695 989 1764 γὰρ
1023 1695 1256 1748 πέλανον
1290 1693 1568 1763 ἐκπέμπεις
1602 1697 1805 1763 δόμων,

399 1779 613 1846 φράσον
649 1778 871 1845 σελήνας
902 1778 1056 1839 τοὶςδε
1091 1778 1330 1844 πυρίμου
1366 1780 1523 1846 χλόης
1540 1778 1610 1845 *,).

266 1864 481 1927 Ingenue
531 1861 847 1910 Erechtheus
906 1861 1170 1912 consessus
1228 1878 1342 1911 esse
1391 1862 1589 1911 videtur
1633 1878 1761 1926 quae
1811 1860 1965 1910 celari

266 1959 363 1993 non
396 1947 628 2009 poterant
647 1940 761 2006 **)‚
807 1942 936 1990 velle
982 1958 1038 1991 se
1074 1959 1162 1991 sua
1196 1958 1433 1991 aerumna
1468 1943 1659 1992 civibus
1694 1943 1795 1992 suis
1832 1940 1965 1990 salu-

268 2030 370 2073 tem
405 2039 610 2089 parare,
647 2038 737 2070 sua
771 2022 974 2070 miseria
1010 2023 1070 2070 ab
1106 2023 1205 2071 illis
1243 2024 1535 2072 servitutem
1570 2022 1851 2087 depellere:

397 2102 692 2166 „Quibus
750 2117 919 2151 nunc
976 2119 1302 2152 aerumna
1364 2120 1507 2152 mea
1555 2104 1966 2152 libertatem

1263 2178 1303 2249 p
1320 2200 1352 2232 a
1366 2200 1392 2231 r
1411 2200 1440 2232 ο
1454 2220 1469 2243 ,

406 2262 654 2326 Quibus
713 2265 1128 2313 servitutem
1183 2280 1323 2313 mea
1383 2265 1668 2313 miseria
1712 2262 1967 2329 depre-

1270 2345 1435 2393 cor.''

270 2423 572 2474 Praxitheae
619 2422 895 2471 orationem
941 2422 1229 2488 Lycurgus,
1286 2428 1342 2470 ut
1387 2425 1673 2489 exemplum
1714 2422 1968 2488 generosi-

267 2506 388 2556 tatis
421 2504 620 2553 civitate
645 2501 1025 2551 Atheniensium
1059 2509 1113 2551 et
1148 2502 1250 2551 filia
1281 2502 1490 2567 Cephisi
1523 2503 1859 2568 dignissimae,
1891 2507 1967 2550 to-

275 2593 376 2637 tam
414 2584 658 2634 servavit:

405 2662 498 2723 τὰς
534 2662 749 2729 χάριτας
785 2658 921 2722 ὅςτις
955 2660 1184 2727 εὐγενῶς
1217 2662 1499 2728 χαρίζεται,

407 2743 567 2812 ἥδιον
601 2739 659 2794 έν
693 2743 997 2808 βροτοῖσιν
1040 2744 1091 2794 οἳ
1127 2740 1185 2794 δὲ
1220 2742 1387 2806 δρῶσι
1421 2741 1536 2809 μέν,

405 2827 582 2894 χρόνῳ
618 2823 675 2876 δὲ
711 2824 907 2887 δρῶσι,
944 2822 1110 2887 δρῶσι
1144 2823 1568 2890 δυςγενέστερον.

405 2906 508 2974 ἐγὼ
544 2906 602 2958 δὲ
637 2905 792 2957 δώσω
826 2903 925 2972 τὴν
961 2901 1094 2970 ἐμὴν
1126 2904 1295 2956 παῖδα
1328 2908 1557 2956 κτανεῖν.

400 2987 677 3055 λογίζομαι
711 2986 768 3039 δὲ
801 2986 999 3039 πολλοὶ·
1035 2987 1220 3052 πρῶτα
1256 2983 1354 3052 μὲν
1387 2986 1545 3038 πόλιν

331 3127 380 3181 *)
411 3125 598 3169 suidas:
634 3125 684 3169 αὶ
716 3122 766 3168 δε
795 3123 981 3178 σελῆναι
1008 3120 1225 3179 πέμματοὶ
1250 3124 1336 3167 εἰσι
1356 3121 1531 3167 πλατέα
1553 3123 1818 3180 κυκλοτερῆ.
1860 3121 1970 3164 Vide

417 3198 607 3239 eundem
638 3211 672 3238 s.
704 3210 803 3238 voc
836 3195 949 3247 βοῦς
978 3191 1187 3251 ἕβδομος.

305 3268 384 3323 *ἢ
411 3268 857 3323 Pseudoplutarchus
885 3268 916 3308 l.
946 3266 1004 3308 l·
1061 3260 1303 3321 Ἐρεχθεὺς
1332 3261 1449 3323 πρὸς
1481 3261 1731 3320 Ευμολπον
1759 3264 1971 3317 πολεμῶν

416 3337 563 3393 ε’μαθε
595 3339 806 3394 νικῆσαι,
836 3334 918 3380 ἐὰν
946 3333 1032 3390 τὴν
1061 3333 1300 3392 θυγατέρα
1329 3333 1574 3394 προθύσῃ·
1614 3334 1711 3378 καὶ
1741 3348 1970 3389 συγκοι-

417 3405 685 3463 νωνήσας
722 3410 791 3466 τῇ
831 3405 1074 3463 γυναικὶ
1115 3406 1436 3465 Πραξιθέᾳ
1473 3405 1707 3462 προέθυσε
1749 3402 1834 3459 τὴν
1864 3407 1972 3448 παῒυ

420 3480 495 3522 δα.
539 3477 786 3534 Μέμνηται
803 3476 1074 3536 «Εὐριπίδης
1097 3475 1146 3519 ἐν
1173 3475 1393 3534 Ἐρεχθεῖ.
1434 3478 1559 3520 Adde
1580 3478 1873 3520 Demaratum
1894 3488 1968 3531 ap.

424 3550 550 3594 Stob.
581 3550 790 3604 XXXIX,
819 3549 890 3592 33.
952 3548 1022 3592 Cf.
1055 3549 1227 3593 Welck.
1258 3564 1303 3604 p.
1333 3548 1433 3592 718.
1465 3552 1554 3592 not.
1583 3547 1627 3591 3.
