2176 3874
949 261 1074 318 4⁰7

174 410 422 460 interdum
472 408 622 458 etiam
669 406 981 456 simulatione
1023 407 1071 456 ei
1116 406 1177 456 ad
1223 404 1434 471 tegenda
1468 405 1581 454 vitia
1613 421 1739 470 opus
1774 408 1854 458 sit.

174 489 467 554 Disputandi
502 488 820 537 subtilitatem
856 487 1194 550 exemplorum
1240 487 1533 536 auctoritate
1577 487 1858 550 confirmat,

173 571 444 620 ostendens
477 585 639 632 neque
674 567 860 632 primae
894 581 1054 629 neque
1089 567 1180 614 soli
1199 565 1455 615 Phaedrae
1478 567 1576 616 hoc
1597 568 1856 631 accidisse,

176 656 233 700 ut
280 651 492 698 invictae
539 649 720 697 amoris
764 645 1016 712 potentiae
1063 648 1377 696 succumbat:
1438 646 1573 696 idem
1633 648 1761 697 enim
1807 653 1859 698 et

174 745 396 780 summos
430 730 553 778 deos
589 735 639 778 et
672 726 1061 792 sapientissimos
1091 726 1317 774 homines
1351 741 1524 790 passos
1558 743 1672 777 esse
1705 732 1756 777 et
1772 743 1859 793 pa-

174 811 357 860 tienter
388 809 591 870 tulisse,
625 802 800 858 callide
833 810 1059 869 tegentes
1093 821 1221 868 quae
1254 806 1413 855 minus
1444 807 1732 857 viderentur
1765 809 1859 858 de—

175 905 312 940 cora.
379 888 657 954 Superbiae
689 902 832 946 esse,
869 885 996 934 velle
1031 901 1220 934 morum
1255 885 1535 948 integritate
1567 887 1702 950 ipsos
1737 888 1859 937 deos

178 954 436 1036 superare,
469 976 520 1019 et
552 965 994 1033 acquiescendum,
1028 966 1070 1015 si
1103 965 1182 1015 cui
1215 965 1359 1031 plura
1392 965 1520 1015 bona
1554 982 1699 1030 quam
1732 968 1859 1017 mala

178 1051 291 1103 sint.

309 1128 396 1180 Sic
430 1124 656 1179 utilitatis
688 1127 931 1177 rationem
967 1126 1149 1190 nutrix,
1185 1126 1461 1178 honestatis
1482 1128 1654 1194 regina
1686 1128 1860 1178 defeu-

177 1210 268 1260 «lit.
336 1209 478 1258 Hanc
511 1209 790 1274 speciosam
822 1208 1022 1272 quidem
1051 1223 1172 1256 esse
1206 1213 1381 1258 censet
1411 1223 1551 1266 anuS,
1587 1209 1678 1257 sed
1710 1209 1861 1259 relin-

176 1290 452 1355 quendam,
498 1289 584 1338 ubi
629 1288 761 1338 salus
796 1291 996 1352 agatur:
1045 1288 1229 1353 quippe
1272 1289 1423 1337 vitam
1469 1288 1713 1354 potiorem
1748 1305 1864 1338 esse

177 1386 324 1436 quam
358 1369 512 1419 decus
537 1375 686 1433 atque
707 1368 1039 1437 honestatem.
1107 1368 1290 1417 Contra
1310 1368 1447 1419 utilia
1465 1369 1628 1417 dulcia
1661 1369 1862 1433 quidem

176 1450 366 1511 auditu,
401 1449 492 1499 sed
508 1449 674 1514 turpia
709 1446 848 1498 factu
882 1464 996 1497 esse
1028 1449 1154 1498 dicit
1187 1449 1369 1512 regina,
1404 1455 1456 1497 et
1482 1450 1753 1513 perniciem
1786 1448 1864 1498 af-

175 1530 315 1580 ferre
347 1535 455 1579 tum
490 1529 772 1579 civitatibus
817 1532 926 1579 tum
973 1530 1220 1581 domibuS.
1289 1529 1622 1592 Quamobrem
1670 1529 1866 1594 respuit

141 1632 145 1634 ·
176 1609 384 1661 consilia
415 1609 655 1668 nutriciS,
707 1614 760 1658 et
794 1611 1038 1659 consentit
1081 1625 1194 1659 cum
1227 1625 1288 1658 ea
1319 1611 1516 1660 chorus,
1584 1608 1759 1673 Neque
1792 1615 1865 1658 ta-

177 1706 292 1740 men
325 1690 520 1739 desistit
551 1690 735 1747 nutrix,
772 1689 861 1739 sed
880 1690 1064 1753 aliquid
1083 1689 1292 1739 remedii
1325 1706 1380 1739 se
1406 1690 1717 1739 inventuram
1752 1705 1866 1740 ease

177 1770 488 1835 promittens,
522 1786 620 1834 quo
648 1770 829 1818 malum
857 1770 1062 1832 levetur,
1097 1771 1150 1818 in
1184 1770 1383 1819 domum
1419 1770 1534 1818 abit.

310 1848 441 1898 Tum
476 1850 659 1898 chorus
694 1849 955 1915 Cupidinis
989 1851 1254 1915 potentiam
1288 1851 1574 1915 praedicat,
1610 1867 1756 1915 quem
1790 1851 1864 1899 di-

179 1931 248 1981 cit
269 1946 384 1980 esse
409 1929 540 1978 Iovis
563 1928 718 1978 filium
747 1929 1065 1994 dignumque,
1103 1931 1186 1993 qui
1211 1945 1311 1979 non
1337 1929 1501 1979 minus
1532 1947 1677 1995 quam
1695 1930 1866 1996 Iuppi·
1941 1950 1950 1966 τ

177 2015 258 2060 ter
291 2015 343 2060 et
374 2009 555 2074 Apollo
602 2008 733 2058 ludis
779 2016 926 2074 atque
974 2009 1234 2058 sacrificiis
1281 2010 1342 2058 ab
1390 2011 1622 2060 universa
1655 2009 1867 2060 Graecia

178 2090 384 2140 colatur.
455 2088 611 2138 Cuius
644 2105 848 2153 operum
877 2090 1103 2154 exempla
1129 2090 1228 2138 duo
1256 2090 1598 2152 ostenduntur,
1632 2090 1868 2140 Oechalia

178 2175 385 2236 propter
418 2168 548 2218 Ioles
583 2185 802 2219 amorem
837 2170 897 2218 ab
931 2169 1154 2219 Hercule
1186 2174 1421 2230 cremata,
1455 2175 1507 2219 et
1540 2170 1740 2221 Semele
1767 2168 1867 2218 ful—

177 2251 311 2302 mine
355 2265 469 2300 cum
515 2249 721 2298 aedibus
767 2250 1079 2313 conflagrata.
1146 2249 1260 2300 Hoc
1304 2266 1503 2301 carmen
1538 2255 1589 2300 et
1621 2250 1783 2300 verbis
1819 2255 1870 2299 et

178 2331 328 2380 rebus
360 2330 836 2393 praestantissimum
873 2334 963 2378 est.

311 2410 511 2459 Interim
544 2410 706 2458 nutrix
738 2410 868 2458 intus
914 2425 1004 2470 ea,
1053 2425 1178 2472 quae
1213 2409 1491 2474 praedixit,
1525 2411 1868 2462 infelicissime

180 2489 422 2556 perfecit:
469 2489 662 2552 aperuit
700 2488 831 2536 enim
866 2487 1144 2554 Hippolyto
1178 2488 1438 2539 Phaedrae
1473 2506 1709 2540 amorem.
1778 2491 1868 2539 Sa-

181 2570 250 2621 tis
283 2574 606 2635 prospectum
643 2574 693 2616 et
728 2567 888 2616 famae
922 2573 976 2633 et
994 2568 1141 2616 saluti
1166 2569 1396 2619 dominae
1421 2569 1532 2618 fore
1560 2570 1868 2635 opinabatur,

182 2652 258 2710 si,
301 2645 562 2714 antequam
598 2664 706 2706 rem
741 2647 1043 2696 adolescenti
1076 2649 1385 2713 aperuisset,
1431 2650 1708 2699 iuramento
1755 2667 1868 2699 eum

182 2730 362 2781 callide
408 2734 703 2794 occupasset
745 2728 1187 2792 obstrinxissetque
1220 2729 1467 2793 promisso
1502 2745 1586 2790 se,
1632 2730 1869 2794 quidquid

180 2812 302 2861 fidei
334 2826 455 2859 suae
496 2809 814 2858 commissum
847 2807 1009 2865 foret,
1047 2823 1225 2857 arcano
1259 2809 1535 2859 celaturum
1571 2826 1688 2859 esse
1722 2811 1869 2860 silen-

181 2892 268 2942 tio.
337 2890 499 2950 Tum,
547 2889 679 2953 quod
735 2906 846 2938 eum
883 2904 1174 2954 generosum
1218 2905 1331 2938 esse
1377 2891 1591 2951 sciebat,
1641 2891 1870 2955 sperabat

183 2988 296 3022 eum
331 2976 385 3019 et
417 2986 539 3019 suae
573 2970 892 3019 sollicitudini
928 2975 978 3018 et
995 2968 1252 3017 Phaedrae
1285 2970 1550 3020 calamitati
1582 2971 1678 3019 hoc
1714 2971 1867 3019 dona-

183 3056 384 3110 turum,
436 3058 490 3099 ut
534 3050 584 3098 in
630 3051 774 3099 huius
810 3050 1053 3098 sanandae
1088 3050 1342 3099 conatibus
1378 3067 1433 3100 se
1466 3051 1738 3099 adiuvaret.
1805 3052 1871 3099 At

186 3131 493 3192 adolescens,
529 3131 826 3194 simulatque
860 3145 966 3178 rem
998 3129 1360 3193 pronuntiatam
1395 3130 1592 3180 auribus
1626 3131 1869 3196 percepit,

186 3212 348 3261 verbis
384 3211 507 3274 ipsis
542 3226 680 3260 suam
714 3212 982 3276 puritatem
1015 3210 1257 3273 inquinari
1289 3216 1483 3275 putans,
1519 3213 1678 3260 statim
1714 3213 1870 3275 impa-

187 3292 485 3341 tientissime
509 3291 794 3340 exclamavit
829 3306 991 3354 neque
1015 3290 1114 3339 iam
1151 3290 1370 3354 reliquae
1393 3291 1523 3340 illius
1557 3291 1870 3355 explicationi

188 3387 333 3422 aures
367 3373 607 3436 praebere
642 3371 892 3432 sustinuit,
926 3369 1017 3419 sed
1050 3385 1080 3419 e
1112 3369 1262 3420 domo
1280 3387 1335 3421 se
1355 3372 1618 3437 proripuit,
1655 3370 1873 3421 clamans
