<?xml version="1.0" encoding="UTF-8"?>
<!DOCTYPE html PUBLIC "-//W3C//DTD XHTML 1.0 Transitional//EN"
    "http://www.w3.org/TR/xhtml1/DTD/xhtml1-transitional.dtd">
<html xmlns="http://www.w3.org/1999/xhtml" xml:lang="en" lang="en">
 <head>
  <title>
</title>
<meta http-equiv="Content-Type" content="text/html;charset=utf-8" />
  <meta name='ocr-system' content='tesseract 3.04.00' />
  <meta name='ocr-capabilities' content='ocr_page ocr_carea ocr_par ocr_line ocrx_word'/>
</head>
<body>
  <div class='ocr_page' id='page_1' title='image "./euripidesrestitu01hartuoft_0557.png"; bbox 0 0 2176 3874; ppageno 0'>
   <div class='ocr_carea' id='block_1_1' title="bbox 856 292 982 352">
    <p class='ocr_par' dir='ltr' id='par_1_1' title="bbox 856 292 982 352">
     <span class='ocr_line' id='line_1_1' title="bbox 856 292 982 352; baseline 0 0"><span class='ocrx_word' id='word_1_1' title='bbox 856 292 982 352; x_wconf 82' lang='lat'><strong>539</strong></span> 
     </span>
    </p>
   </div>
   <div class='ocr_carea' id='block_1_2' title="bbox 77 439 1784 3488">
    <p class='ocr_par' dir='ltr' id='par_1_2' title="bbox 219 439 1358 511">
     <span class='ocr_line' id='line_1_2' title="bbox 219 439 1358 511; baseline -0.004 -15"><span class='ocrx_word' id='word_1_2' title='bbox 219 442 316 496; x_wconf 87' lang='grc' dir='ltr'><strong>τὸν</strong></span> <span class='ocrx_word' id='word_1_3' title='bbox 347 439 676 508; x_wconf 78' lang='grc' dir='ltr'><strong><em>εὐτυχοῦντα</em></strong></span> <span class='ocrx_word' id='word_1_4' title='bbox 708 440 807 511; x_wconf 85' lang='grc' dir='ltr'><strong>χρὴ</strong></span> <span class='ocrx_word' id='word_1_5' title='bbox 841 442 1017 508; x_wconf 83' lang='grc' dir='ltr'><em>σοφὸν</em></span> <span class='ocrx_word' id='word_1_6' title='bbox 1048 439 1358 508; x_wconf 82' lang='grc' dir='ltr'><strong><em>πεφυκέναι.</em></strong></span> 
     </span>
    </p>

    <p class='ocr_par' dir='ltr' id='par_1_3' title="bbox 209 596 1532 670">
     <span class='ocr_line' id='line_1_3' title="bbox 209 596 1532 670; baseline -0.002 -13"><span class='ocrx_word' id='word_1_7' title='bbox 209 603 340 657; x_wconf 78' lang='grc' dir='ltr'><em>ἴστω</em></span> <span class='ocrx_word' id='word_1_8' title='bbox 377 596 424 656; x_wconf 83' lang='grc' dir='ltr'><strong>δ’</strong></span> <span class='ocrx_word' id='word_1_9' title='bbox 459 606 654 670; x_wconf 80' lang='grc' dir='ltr'><em>ἄφρων</em></span> <span class='ocrx_word' id='word_1_10' title='bbox 689 604 795 667; x_wconf 73' lang='grc' dir='ltr'><strong>ὥν,</strong></span> <span class='ocrx_word' id='word_1_11' title='bbox 827 603 988 665; x_wconf 85' lang='grc' dir='ltr'><em>δςτις,</em></span> <span class='ocrx_word' id='word_1_12' title='bbox 1025 605 1316 669; x_wconf 80' lang='grc' dir='ltr'><em>ἄνθρωπος</em></span> <span class='ocrx_word' id='word_1_13' title='bbox 1347 600 1532 670; x_wconf 77' lang='grc' dir='ltr'><em>γεγώς,</em></span> 
     </span>
    </p>

    <p class='ocr_par' dir='ltr' id='par_1_4' title="bbox 210 685 1378 754">
     <span class='ocr_line' id='line_1_4' title="bbox 210 685 1378 754; baseline -0.001 -16"><span class='ocrx_word' id='word_1_14' title='bbox 210 685 386 754; x_wconf 82' lang='grc' dir='ltr'><em>δῆμον</em></span> <span class='ocrx_word' id='word_1_15' title='bbox 418 686 659 749; x_wconf 74' lang='grc' dir='ltr'><em>κολούει,</em></span> <span class='ocrx_word' id='word_1_16' title='bbox 695 686 958 753; x_wconf 83' lang='grc' dir='ltr'><em>χρήμασιν</em></span> <span class='ocrx_word' id='word_1_17' title='bbox 989 685 1378 751; x_wconf 80' lang='grc' dir='ltr'><em>γαυρούμενος.</em></span> 
     </span>
    </p>

    <p class='ocr_par' dir='ltr' id='par_1_5' title="bbox 78 765 1764 914">
     <span class='ocr_line' id='line_1_5' title="bbox 78 765 1764 833; baseline -0.001 -17"><span class='ocrx_word' id='word_1_18' title='bbox 78 766 280 818; x_wconf 80' lang='lat' dir='ltr'><strong>Etenim</strong></span> <span class='ocrx_word' id='word_1_19' title='bbox 329 769 511 818; x_wconf 86' lang='lat' dir='ltr'><strong>nullius</strong></span> <span class='ocrx_word' id='word_1_20' title='bbox 553 770 703 833; x_wconf 87' lang='lat' dir='ltr'><strong>pretii</strong></span> <span class='ocrx_word' id='word_1_21' title='bbox 756 784 869 817; x_wconf 90' lang='lat' dir='ltr'><strong>esse</strong></span> <span class='ocrx_word' id='word_1_22' title='bbox 917 768 1224 817; x_wconf 83' lang='lat' dir='ltr'><strong>nobilitatem</strong></span> <span class='ocrx_word' id='word_1_23' title='bbox 1273 766 1471 830; x_wconf 84' lang='lat' dir='ltr'><strong>generis</strong></span> <span class='ocrx_word' id='word_1_24' title='bbox 1516 765 1624 816; x_wconf 87' lang='lat' dir='ltr'><strong>sine</strong></span> <span class='ocrx_word' id='word_1_25' title='bbox 1658 767 1764 832; x_wconf 88' lang='lat' dir='ltr'><strong>opi-</strong></span> 
     </span>
     <span class='ocr_line' id='line_1_6' title="bbox 79 847 784 914; baseline -0.001 -17"><span class='ocrx_word' id='word_1_26' title='bbox 79 847 172 898; x_wconf 90' lang='lat' dir='ltr'><strong>bus</strong></span> <span class='ocrx_word' id='word_1_27' title='bbox 207 849 403 898; x_wconf 85' lang='lat' dir='ltr'><strong>dixerat</strong></span> <span class='ocrx_word' id='word_1_28' title='bbox 436 848 784 914; x_wconf 79' lang='lat' dir='ltr'><strong>Tlepolemus:</strong></span> 
     </span>
    </p>

    <p class='ocr_par' dir='ltr' id='par_1_6' title="bbox 210 922 1358 996">
     <span class='ocr_line' id='line_1_7' title="bbox 210 922 1358 996; baseline -0.003 -16"><span class='ocrx_word' id='word_1_29' title='bbox 210 922 320 980; x_wconf 82' lang='grc' dir='ltr'><strong><em>ἅλλ’</em></strong></span> <span class='ocrx_word' id='word_1_30' title='bbox 355 926 516 980; x_wconf 81' lang='grc' dir='ltr'><em>οὐδὲν</em></span> <span class='ocrx_word' id='word_1_31' title='bbox 548 926 794 996; x_wconf 81' lang='grc' dir='ltr'><em>ηὑγένεια</em></span> <span class='ocrx_word' id='word_1_32' title='bbox 825 925 959 993; x_wconf 88' lang='grc' dir='ltr'><em>πρὸς</em></span> <span class='ocrx_word' id='word_1_33' title='bbox 991 924 1057 977; x_wconf 79' lang='grc' dir='ltr'><strong>τὰ</strong></span> <span class='ocrx_word' id='word_1_34' title='bbox 1089 925 1358 992; x_wconf 87' lang='grc' dir='ltr'><em>χρήματα·</em></span> 
     </span>
    </p>

    <p class='ocr_par' dir='ltr' id='par_1_7' title="bbox 210 1006 1538 1076">
     <span class='ocr_line' id='line_1_8' title="bbox 210 1006 1538 1076; baseline -0.005 -14"><span class='ocrx_word' id='word_1_35' title='bbox 210 1008 307 1062; x_wconf 84' lang='grc' dir='ltr'><strong>τὸν</strong></span> <span class='ocrx_word' id='word_1_36' title='bbox 340 1009 443 1076; x_wconf 82' lang='grc' dir='ltr'><strong>γὰρ</strong></span> <span class='ocrx_word' id='word_1_37' title='bbox 478 1009 728 1062; x_wconf 76' lang='grc' dir='ltr'><em>κάκιστον</em></span> <span class='ocrx_word' id='word_1_38' title='bbox 761 1010 991 1068; x_wconf 82' lang='grc' dir='ltr'><em>πλοῦτος</em></span> <span class='ocrx_word' id='word_1_39' title='bbox 1025 1006 1098 1068; x_wconf 83' lang='grc' dir='ltr'><strong>εἰς</strong></span> <span class='ocrx_word' id='word_1_40' title='bbox 1130 1006 1376 1072; x_wconf 83' lang='grc' dir='ltr'><em>πρώτους</em></span> <span class='ocrx_word' id='word_1_41' title='bbox 1407 1007 1538 1072; x_wconf 80' lang='grc' dir='ltr'><em>ἄγει.</em></span> 
     </span>
    </p>

    <p class='ocr_par' dir='ltr' id='par_1_8' title="bbox 77 1088 1770 1302">
     <span class='ocr_line' id='line_1_9' title="bbox 77 1088 1768 1158; baseline -0.002 -19"><span class='ocrx_word' id='word_1_42' title='bbox 77 1088 204 1140; x_wconf 80' lang='lat' dir='ltr'><strong>Nam</strong></span> <span class='ocrx_word' id='word_1_43' title='bbox 238 1091 395 1156; x_wconf 84' lang='lat' dir='ltr'><strong>gloria</strong></span> <span class='ocrx_word' id='word_1_44' title='bbox 429 1093 535 1158; x_wconf 90' lang='lat' dir='ltr'><strong>ipsa</strong></span> <span class='ocrx_word' id='word_1_45' title='bbox 569 1091 780 1141; x_wconf 91' lang='lat' dir='ltr'><strong>nominis</strong></span> <span class='ocrx_word' id='word_1_46' title='bbox 808 1107 959 1155; x_wconf 91' lang='lat' dir='ltr'><strong>quum</strong></span> <span class='ocrx_word' id='word_1_47' title='bbox 984 1091 1163 1140; x_wconf 91' lang='lat' dir='ltr'><strong>iisdem</strong></span> <span class='ocrx_word' id='word_1_48' title='bbox 1193 1092 1401 1151; x_wconf 79' lang='lat' dir='ltr'><strong>artibus,</strong></span> <span class='ocrx_word' id='word_1_49' title='bbox 1422 1089 1600 1155; x_wconf 89' lang='lat' dir='ltr'><strong>quibus</strong></span> <span class='ocrx_word' id='word_1_50' title='bbox 1627 1103 1768 1154; x_wconf 82' lang='lat' dir='ltr'><strong>opes,</strong></span> 
     </span>
     <span class='ocr_line' id='line_1_10' title="bbox 80 1170 1770 1236; baseline -0.001 -16"><span class='ocrx_word' id='word_1_51' title='bbox 80 1177 317 1235; x_wconf 77' lang='lat' dir='ltr'><strong>paretur,</strong></span> <span class='ocrx_word' id='word_1_52' title='bbox 380 1171 516 1221; x_wconf 88' lang='lat' dir='ltr'><strong>illam</strong></span> <span class='ocrx_word' id='word_1_53' title='bbox 566 1171 673 1221; x_wconf 91' lang='lat' dir='ltr'><strong>sine</strong></span> <span class='ocrx_word' id='word_1_54' title='bbox 717 1172 798 1221; x_wconf 90' lang='lat' dir='ltr'><strong>his</strong></span> <span class='ocrx_word' id='word_1_55' title='bbox 844 1171 1030 1220; x_wconf 88' lang='lat' dir='ltr'><strong>servari</strong></span> <span class='ocrx_word' id='word_1_56' title='bbox 1073 1187 1170 1221; x_wconf 89' lang='lat' dir='ltr'><strong>non</strong></span> <span class='ocrx_word' id='word_1_57' title='bbox 1217 1187 1369 1236; x_wconf 88' lang='lat' dir='ltr'><strong>posse</strong></span> <span class='ocrx_word' id='word_1_58' title='bbox 1410 1170 1610 1236; x_wconf 91' lang='lat' dir='ltr'><strong>planum</strong></span> <span class='ocrx_word' id='word_1_59' title='bbox 1657 1186 1770 1219; x_wconf 88' lang='lat' dir='ltr'><strong>esse</strong></span> 
     </span>
     <span class='ocr_line' id='line_1_11' title="bbox 81 1252 373 1302; baseline 0.003 -3"><span class='ocrx_word' id='word_1_60' title='bbox 81 1252 373 1302; x_wconf 67' lang='lat' dir='ltr'><strong>arbitratum</strong></span> 
     </span>
    </p>

    <p class='ocr_par' dir='ltr' id='par_1_9' title="bbox 213 1328 1462 1397">
     <span class='ocr_line' id='line_1_12' title="bbox 213 1328 1462 1397; baseline -0.001 -15"><span class='ocrx_word' id='word_1_61' title='bbox 213 1329 381 1391; x_wconf 81' lang='grc' dir='ltr'><em>πόνος</em></span> <span class='ocrx_word' id='word_1_62' title='bbox 413 1330 545 1397; x_wconf 75' lang='grc' dir='ltr'><em>γάρ,</em></span> <span class='ocrx_word' id='word_1_63' title='bbox 583 1328 655 1391; x_wconf 81' lang='grc' dir='ltr'><strong>ὥς</strong></span> <span class='ocrx_word' id='word_1_64' title='bbox 687 1328 966 1397; x_wconf 78' lang='grc' dir='ltr'><em>λέγουσιν,</em></span> <span class='ocrx_word' id='word_1_65' title='bbox 1003 1328 1241 1391; x_wconf 82' lang='grc' dir='ltr'><em>εὐκλείας</em></span> <span class='ocrx_word' id='word_1_66' title='bbox 1272 1328 1462 1397; x_wconf 88' lang='grc' dir='ltr'><em>πατήρ.</em></span> 
     </span>
    </p>

    <p class='ocr_par' dir='ltr' id='par_1_10' title="bbox 78 1411 1776 2028">
     <span class='ocr_line' id='line_1_13' title="bbox 212 1411 1772 1478; baseline 0.001 -17"><span class='ocrx_word' id='word_1_67' title='bbox 212 1411 486 1462; x_wconf 82' lang='lat' dir='ltr'><strong>Possumus</strong></span> <span class='ocrx_word' id='word_1_68' title='bbox 554 1430 616 1462; x_wconf 86' lang='lat' dir='ltr'><strong>ex</strong></span> <span class='ocrx_word' id='word_1_69' title='bbox 676 1414 756 1462; x_wconf 87' lang='lat' dir='ltr'><strong>his</strong></span> <span class='ocrx_word' id='word_1_70' title='bbox 807 1413 1108 1463; x_wconf 88' lang='lat' dir='ltr'><strong>voluntatem</strong></span> <span class='ocrx_word' id='word_1_71' title='bbox 1161 1419 1213 1462; x_wconf 88' lang='lat' dir='ltr'><strong>et</strong></span> <span class='ocrx_word' id='word_1_72' title='bbox 1260 1413 1466 1462; x_wconf 89' lang='lat' dir='ltr'><strong>consilia</strong></span> <span class='ocrx_word' id='word_1_73' title='bbox 1513 1411 1772 1478; x_wconf 86' lang='lat' dir='ltr'><strong>utriusque</strong></span> 
     </span>
     <span class='ocr_line' id='line_1_14' title="bbox 81 1493 1772 1559; baseline 0.001 -18"><span class='ocrx_word' id='word_1_74' title='bbox 81 1493 386 1543; x_wconf 88' lang='lat' dir='ltr'><strong>coniiciendo</strong></span> <span class='ocrx_word' id='word_1_75' title='bbox 434 1494 650 1558; x_wconf 80' lang='lat' dir='ltr'><strong>assequi.</strong></span> <span class='ocrx_word' id='word_1_76' title='bbox 721 1494 825 1544; x_wconf 88' lang='lat' dir='ltr'><strong>Otii</strong></span> <span class='ocrx_word' id='word_1_77' title='bbox 873 1495 1134 1559; x_wconf 84' lang='lat' dir='ltr'><strong>impatiens</strong></span> <span class='ocrx_word' id='word_1_78' title='bbox 1180 1494 1371 1543; x_wconf 88' lang='lat' dir='ltr'><strong>iuvenis</strong></span> <span class='ocrx_word' id='word_1_79' title='bbox 1415 1494 1468 1542; x_wconf 91' lang='lat' dir='ltr'><strong>in</strong></span> <span class='ocrx_word' id='word_1_80' title='bbox 1500 1495 1655 1559; x_wconf 89' lang='lat' dir='ltr'><strong>partis</strong></span> <span class='ocrx_word' id='word_1_81' title='bbox 1689 1510 1772 1543; x_wconf 88' lang='lat' dir='ltr'><strong>ac·</strong></span> 
     </span>
     <span class='ocr_line' id='line_1_15' title="bbox 80 1573 1772 1640; baseline 0.002 -19"><span class='ocrx_word' id='word_1_82' title='bbox 80 1573 342 1637; x_wconf 85' lang='lat' dir='ltr'><strong>quiescere</strong></span> <span class='ocrx_word' id='word_1_83' title='bbox 387 1575 614 1634; x_wconf 90' lang='lat' dir='ltr'><strong>nolebat,</strong></span> <span class='ocrx_word' id='word_1_84' title='bbox 668 1576 758 1624; x_wconf 89' lang='lat' dir='ltr'><strong>sed</strong></span> <span class='ocrx_word' id='word_1_85' title='bbox 804 1579 1062 1640; x_wconf 87' lang='lat' dir='ltr'><strong>paternam</strong></span> <span class='ocrx_word' id='word_1_86' title='bbox 1106 1574 1312 1640; x_wconf 82' lang='lat' dir='ltr'><strong>gloriam</strong></span> <span class='ocrx_word' id='word_1_87' title='bbox 1356 1575 1558 1640; x_wconf 89' lang='lat' dir='ltr'><strong>propria</strong></span> <span class='ocrx_word' id='word_1_88' title='bbox 1592 1575 1772 1624; x_wconf 86' lang='lat' dir='ltr'><strong>virtute</strong></span> 
     </span>
     <span class='ocr_line' id='line_1_16' title="bbox 83 1654 1776 1719; baseline 0.002 -19"><span class='ocrx_word' id='word_1_89' title='bbox 83 1669 267 1719; x_wconf 83' lang='lat' dir='ltr'><strong>augere</strong></span> <span class='ocrx_word' id='word_1_90' title='bbox 313 1656 591 1704; x_wconf 90' lang='lat' dir='ltr'><strong>universam</strong></span> <span class='ocrx_word' id='word_1_91' title='bbox 636 1655 1036 1718; x_wconf 87' lang='lat' dir='ltr'><strong>Peloponnesum</strong></span> <span class='ocrx_word' id='word_1_92' title='bbox 1070 1655 1218 1703; x_wconf 87' lang='lat' dir='ltr'><strong>armis</strong></span> <span class='ocrx_word' id='word_1_93' title='bbox 1255 1654 1517 1703; x_wconf 77' lang='lat' dir='ltr'><strong>domando·</strong></span> <span class='ocrx_word' id='word_1_94' title='bbox 1588 1654 1776 1704; x_wconf 83' lang='lat' dir='ltr'><strong>Contra</strong></span> 
     </span>
     <span class='ocr_line' id='line_1_17' title="bbox 81 1734 1775 1800; baseline 0.001 -18"><span class='ocrx_word' id='word_1_95' title='bbox 81 1747 263 1794; x_wconf 84' lang='lat' dir='ltr'><strong>senex,</strong></span> <span class='ocrx_word' id='word_1_96' title='bbox 310 1740 368 1784; x_wconf 90' lang='lat' dir='ltr'><strong>ut</strong></span> <span class='ocrx_word' id='word_1_97' title='bbox 413 1735 641 1800; x_wconf 80' lang='lat' dir='ltr'><strong>sapienS,</strong></span> <span class='ocrx_word' id='word_1_98' title='bbox 693 1736 776 1799; x_wconf 93' lang='lat' dir='ltr'><strong>qui</strong></span> <span class='ocrx_word' id='word_1_99' title='bbox 823 1735 1118 1784; x_wconf 85' lang='lat' dir='ltr'><strong>felicitatem</strong></span> <span class='ocrx_word' id='word_1_100' title='bbox 1153 1750 1250 1783; x_wconf 90' lang='lat' dir='ltr'><strong>non</strong></span> <span class='ocrx_word' id='word_1_101' title='bbox 1285 1750 1347 1783; x_wconf 86' lang='lat' dir='ltr'><strong>ex</strong></span> <span class='ocrx_word' id='word_1_102' title='bbox 1379 1735 1522 1784; x_wconf 89' lang='lat' dir='ltr'><strong>bonis</strong></span> <span class='ocrx_word' id='word_1_103' title='bbox 1557 1734 1775 1784; x_wconf 84' lang='lat' dir='ltr'><strong>externis</strong></span> 
     </span>
     <span class='ocr_line' id='line_1_18' title="bbox 78 1813 1775 1880; baseline 0.001 -18"><span class='ocrx_word' id='word_1_104' title='bbox 78 1813 302 1878; x_wconf 89' lang='lat' dir='ltr'><strong>pendere</strong></span> <span class='ocrx_word' id='word_1_105' title='bbox 335 1815 667 1865; x_wconf 82' lang='lat' dir='ltr'><strong>intellexisset</strong></span> <span class='ocrx_word' id='word_1_106' title='bbox 700 1831 951 1880; x_wconf 89' lang='lat' dir='ltr'><strong>quemque</strong></span> <span class='ocrx_word' id='word_1_107' title='bbox 984 1815 1208 1863; x_wconf 86' lang='lat' dir='ltr'><strong>laborum</strong></span> <span class='ocrx_word' id='word_1_108' title='bbox 1247 1830 1306 1863; x_wconf 88' lang='lat' dir='ltr'><strong>ac</strong></span> <span class='ocrx_word' id='word_1_109' title='bbox 1330 1815 1635 1879; x_wconf 88' lang='lat' dir='ltr'><strong>proeliorum</strong></span> <span class='ocrx_word' id='word_1_110' title='bbox 1666 1820 1775 1864; x_wconf 87' lang='lat' dir='ltr'><strong>tae-</strong></span> 
     </span>
     <span class='ocr_line' id='line_1_19' title="bbox 81 1892 1774 1962; baseline 0.002 -21"><span class='ocrx_word' id='word_1_111' title='bbox 81 1892 253 1953; x_wconf 86' lang='lat' dir='ltr'><strong>deret,</strong></span> <span class='ocrx_word' id='word_1_112' title='bbox 302 1895 444 1946; x_wconf 90' lang='lat' dir='ltr'><strong>bonis</strong></span> <span class='ocrx_word' id='word_1_113' title='bbox 479 1896 676 1961; x_wconf 83' lang='lat' dir='ltr'><strong>placide</strong></span> <span class='ocrx_word' id='word_1_114' title='bbox 709 1912 767 1945; x_wconf 87' lang='lat' dir='ltr'><strong>ac</strong></span> <span class='ocrx_word' id='word_1_115' title='bbox 800 1895 1066 1962; x_wconf 87' lang='lat' dir='ltr'><strong>tranquille</strong></span> <span class='ocrx_word' id='word_1_116' title='bbox 1099 1895 1200 1945; x_wconf 84' lang='lat' dir='ltr'><strong>frui</strong></span> <span class='ocrx_word' id='word_1_117' title='bbox 1234 1895 1470 1962; x_wconf 79' lang='lat' dir='ltr'><strong>cupienS‚</strong></span> <span class='ocrx_word' id='word_1_118' title='bbox 1518 1895 1649 1945; x_wconf 88' lang='lat' dir='ltr'><strong>bella</strong></span> <span class='ocrx_word' id='word_1_119' title='bbox 1683 1895 1774 1944; x_wconf 91' lang='lat' dir='ltr'><strong>de-</strong></span> 
     </span>
     <span class='ocr_line' id='line_1_20' title="bbox 78 1976 345 2028; baseline 0.019 -5"><span class='ocrx_word' id='word_1_120' title='bbox 78 1976 345 2028; x_wconf 85' lang='lat' dir='ltr'><strong>trectabat.</strong></span> 
     </span>
    </p>

    <p class='ocr_par' dir='ltr' id='par_1_11' title="bbox 81 2054 1782 2846">
     <span class='ocr_line' id='line_1_21' title="bbox 214 2054 1775 2120; baseline 0.001 -15"><span class='ocrx_word' id='word_1_121' title='bbox 214 2055 426 2118; x_wconf 79' lang='lat' dir='ltr'><strong>Quinam</strong></span> <span class='ocrx_word' id='word_1_122' title='bbox 475 2056 622 2106; x_wconf 86' lang='lat' dir='ltr'><strong>huius</strong></span> <span class='ocrx_word' id='word_1_123' title='bbox 669 2057 904 2120; x_wconf 89' lang='lat' dir='ltr'><strong>colloquii</strong></span> <span class='ocrx_word' id='word_1_124' title='bbox 939 2061 1142 2105; x_wconf 87' lang='lat' dir='ltr'><strong>eventus</strong></span> <span class='ocrx_word' id='word_1_125' title='bbox 1179 2054 1357 2117; x_wconf 84' lang='lat' dir='ltr'><strong>fuerit,</strong></span> <span class='ocrx_word' id='word_1_126' title='bbox 1402 2071 1500 2105; x_wconf 88' lang='lat' dir='ltr'><strong>non</strong></span> <span class='ocrx_word' id='word_1_127' title='bbox 1546 2055 1775 2108; x_wconf 86' lang='lat' dir='ltr'><strong>traditur.</strong></span> 
     </span>
     <span class='ocr_line' id='line_1_22' title="bbox 81 2132 1779 2201; baseline 0.002 -18"><span class='ocrx_word' id='word_1_128' title='bbox 81 2132 185 2184; x_wconf 85' lang='lat' dir='ltr'><strong>Sed</strong></span> <span class='ocrx_word' id='word_1_129' title='bbox 221 2136 755 2200; x_wconf 85' lang='lat' dir='ltr'><strong>oraculumApollinis</strong></span> <span class='ocrx_word' id='word_1_130' title='bbox 791 2137 1089 2201; x_wconf 89' lang='lat' dir='ltr'><strong>Delphicum</strong></span> <span class='ocrx_word' id='word_1_131' title='bbox 1126 2140 1181 2184; x_wconf 92' lang='lat' dir='ltr'><strong>ut</strong></span> <span class='ocrx_word' id='word_1_132' title='bbox 1216 2137 1560 2186; x_wconf 88' lang='lat' dir='ltr'><strong>consuleretur</strong></span> <span class='ocrx_word' id='word_1_133' title='bbox 1590 2152 1649 2185; x_wconf 89' lang='lat' dir='ltr'><strong>ac</strong></span> <span class='ocrx_word' id='word_1_134' title='bbox 1682 2138 1779 2186; x_wconf 89' lang='lat' dir='ltr'><strong>deo</strong></span> 
     </span>
     <span class='ocr_line' id='line_1_23' title="bbox 81 2214 1780 2282; baseline 0.002 -19"><span class='ocrx_word' id='word_1_135' title='bbox 81 2215 145 2263; x_wconf 89' lang='lat' dir='ltr'><strong>lis</strong></span> <span class='ocrx_word' id='word_1_136' title='bbox 180 2214 459 2265; x_wconf 86' lang='lat' dir='ltr'><strong>dirimenda</strong></span> <span class='ocrx_word' id='word_1_137' title='bbox 505 2217 966 2279; x_wconf 87' lang='lat' dir='ltr'><strong>commendaretur,</strong></span> <span class='ocrx_word' id='word_1_138' title='bbox 1016 2217 1263 2282; x_wconf 84' lang='lat' dir='ltr'><strong>placuisse</strong></span> <span class='ocrx_word' id='word_1_139' title='bbox 1305 2217 1514 2265; x_wconf 88' lang='lat' dir='ltr'><strong>videtur.</strong></span> <span class='ocrx_word' id='word_1_140' title='bbox 1581 2217 1695 2266; x_wconf 88' lang='lat' dir='ltr'><strong>Una</strong></span> <span class='ocrx_word' id='word_1_141' title='bbox 1727 2217 1780 2266; x_wconf 91' lang='lat' dir='ltr'><strong>in</strong></span> 
     </span>
     <span class='ocr_line' id='line_1_24' title="bbox 82 2294 1780 2362; baseline 0.002 -20"><span class='ocrx_word' id='word_1_142' title='bbox 82 2300 268 2343; x_wconf 89' lang='lat' dir='ltr'><strong>terram</strong></span> <span class='ocrx_word' id='word_1_143' title='bbox 303 2294 638 2344; x_wconf 90' lang='lat' dir='ltr'><strong>Phocensium</strong></span> <span class='ocrx_word' id='word_1_144' title='bbox 674 2297 892 2360; x_wconf 87' lang='lat' dir='ltr'><strong>profecti</strong></span> <span class='ocrx_word' id='word_1_145' title='bbox 927 2303 1044 2345; x_wconf 90' lang='lat' dir='ltr'><strong>sunt</strong></span> <span class='ocrx_word' id='word_1_146' title='bbox 1077 2296 1369 2360; x_wconf 77' lang='lat' dir='ltr'><strong>Licymnius</strong></span> <span class='ocrx_word' id='word_1_147' title='bbox 1403 2302 1554 2360; x_wconf 90' lang='lat' dir='ltr'><strong>atque</strong></span> <span class='ocrx_word' id='word_1_148' title='bbox 1587 2296 1780 2362; x_wconf 84' lang='lat' dir='ltr'><strong>Tlepo-</strong></span> 
     </span>
     <span class='ocr_line' id='line_1_25' title="bbox 83 2373 1780 2440; baseline 0.002 -18"><span class='ocrx_word' id='word_1_149' title='bbox 83 2373 273 2435; x_wconf 82' lang='lat' dir='ltr'><strong>lemus,</strong></span> <span class='ocrx_word' id='word_1_150' title='bbox 321 2389 418 2437; x_wconf 89' lang='lat' dir='ltr'><strong>qno</strong></span> <span class='ocrx_word' id='word_1_151' title='bbox 452 2374 503 2424; x_wconf 91' lang='lat' dir='ltr'><strong>in</strong></span> <span class='ocrx_word' id='word_1_152' title='bbox 537 2376 715 2425; x_wconf 88' lang='lat' dir='ltr'><strong>itinere</strong></span> <span class='ocrx_word' id='word_1_153' title='bbox 749 2377 835 2425; x_wconf 91' lang='lat' dir='ltr'><strong>ille</strong></span> <span class='ocrx_word' id='word_1_154' title='bbox 870 2376 1165 2425; x_wconf 76' lang='lat' dir='ltr'><strong>interfectus</strong></span> <span class='ocrx_word' id='word_1_155' title='bbox 1202 2382 1295 2428; x_wconf 87' lang='lat' dir='ltr'><strong>est.</strong></span> <span class='ocrx_word' id='word_1_156' title='bbox 1363 2376 1657 2440; x_wconf 85' lang='lat' dir='ltr'><strong>Imprudens</strong></span> <span class='ocrx_word' id='word_1_157' title='bbox 1692 2394 1780 2426; x_wconf 89' lang='lat' dir='ltr'><strong>au-</strong></span> 
     </span>
     <span class='ocr_line' id='line_1_26' title="bbox 84 2452 1777 2521; baseline 0.002 -20"><span class='ocrx_word' id='word_1_158' title='bbox 84 2457 191 2502; x_wconf 90' lang='lat' dir='ltr'><strong>tem</strong></span> <span class='ocrx_word' id='word_1_159' title='bbox 263 2452 589 2518; x_wconf 86' lang='lat' dir='ltr'><strong>Tlepolemus</strong></span> <span class='ocrx_word' id='word_1_160' title='bbox 650 2457 941 2506; x_wconf 85' lang='lat' dir='ltr'><strong>avunculum</strong></span> <span class='ocrx_word' id='word_1_161' title='bbox 1016 2456 1200 2505; x_wconf 87' lang='lat' dir='ltr'><strong>occidit</strong></span> <span class='ocrx_word' id='word_1_162' title='bbox 1265 2461 1396 2505; x_wconf 87' lang='lat' dir='ltr'><strong>teste</strong></span> <span class='ocrx_word' id='word_1_163' title='bbox 1455 2457 1777 2521; x_wconf 79' lang='lat' dir='ltr'><strong>Apollodoro,</strong></span> 
     </span>
     <span class='ocr_line' id='line_1_27' title="bbox 82 2533 1782 2601; baseline 0.004 -20"><span class='ocrx_word' id='word_1_164' title='bbox 82 2549 230 2597; x_wconf 91' lang='lat' dir='ltr'><strong>quem</strong></span> <span class='ocrx_word' id='word_1_165' title='bbox 266 2533 510 2599; x_wconf 80' lang='lat' dir='ltr'><strong>Euripide</strong></span> <span class='ocrx_word' id='word_1_166' title='bbox 544 2542 751 2585; x_wconf 86' lang='lat' dir='ltr'><strong>auctore</strong></span> <span class='ocrx_word' id='word_1_167' title='bbox 794 2553 938 2586; x_wconf 90' lang='lat' dir='ltr'><strong>usum</strong></span> <span class='ocrx_word' id='word_1_168' title='bbox 983 2552 1097 2585; x_wconf 88' lang='lat' dir='ltr'><strong>esse</strong></span> <span class='ocrx_word' id='word_1_169' title='bbox 1145 2536 1388 2586; x_wconf 86' lang='lat' dir='ltr'><strong>diximus:</strong></span> <span class='ocrx_word' id='word_1_170' title='bbox 1441 2535 1782 2601; x_wconf 81' lang='grc' dir='ltr'><em>Τληπόλεμος</em></span> 
     </span>
     <span class='ocr_line' id='line_1_28' title="bbox 84 2606 1778 2684; baseline 0.002 -19"><span class='ocrx_word' id='word_1_171' title='bbox 84 2606 187 2665; x_wconf 78' lang='grc' dir='ltr'><strong>οὖν</strong></span> <span class='ocrx_word' id='word_1_172' title='bbox 218 2612 426 2674; x_wconf 82' lang='grc' dir='ltr'><em>κτείνας</em></span> <span class='ocrx_word' id='word_1_173' title='bbox 460 2615 558 2681; x_wconf 86' lang='grc' dir='ltr'><strong>οὐχ</strong></span> <span class='ocrx_word' id='word_1_174' title='bbox 591 2611 728 2667; x_wconf 79' lang='grc' dir='ltr'><em>ἑκὼν</em></span> <span class='ocrx_word' id='word_1_175' title='bbox 763 2615 1060 2680; x_wconf 85' lang='grc' dir='ltr'><em>Λικύμνιον</em></span> <span class='ocrx_word' id='word_1_176' title='bbox 1096 2617 1184 2682; x_wconf 76' lang='grc' dir='ltr'><strong>(τῇ</strong></span> <span class='ocrx_word' id='word_1_177' title='bbox 1228 2615 1489 2684; x_wconf 81' lang='grc' dir='ltr'><em>βακτηρίᾳ</em></span> <span class='ocrx_word' id='word_1_178' title='bbox 1533 2615 1636 2683; x_wconf 78' lang='grc' dir='ltr'><strong>γὰρ</strong></span> <span class='ocrx_word' id='word_1_179' title='bbox 1683 2617 1778 2668; x_wconf 85' lang='grc' dir='ltr'><strong>αύ-</strong></span> 
     </span>
     <span class='ocr_line' id='line_1_29' title="bbox 82 2694 1778 2763; baseline 0.001 -17"><span class='ocrx_word' id='word_1_180' title='bbox 82 2697 184 2746; x_wconf 85' lang='grc' dir='ltr'><em>τοῦ</em></span> <span class='ocrx_word' id='word_1_181' title='bbox 217 2694 590 2759; x_wconf 79' lang='grc' dir='ltr'><em>θεραπεύοντα</em></span> <span class='ocrx_word' id='word_1_182' title='bbox 624 2696 874 2763; x_wconf 84' lang='grc' dir='ltr'><em>πλήσσων</em></span> <span class='ocrx_word' id='word_1_183' title='bbox 917 2694 1160 2763; x_wconf 80' lang='grc' dir='ltr'><em>ἥμαρτε).</em></span> <span class='ocrx_word' id='word_1_184' title='bbox 1245 2697 1412 2748; x_wconf 90' lang='lat' dir='ltr'><strong>Noctu</strong></span> <span class='ocrx_word' id='word_1_185' title='bbox 1461 2703 1513 2749; x_wconf 90' lang='lat' dir='ltr'><strong>et</strong></span> <span class='ocrx_word' id='word_1_186' title='bbox 1557 2701 1605 2750; x_wconf 90' lang='lat' dir='ltr'><strong>in</strong></span> <span class='ocrx_word' id='word_1_187' title='bbox 1651 2700 1778 2750; x_wconf 89' lang='lat' dir='ltr'><strong>saltu</strong></span> 
     </span>
     <span class='ocr_line' id='line_1_30' title="bbox 84 2778 1337 2846; baseline 0.002 -20"><span class='ocrx_word' id='word_1_188' title='bbox 84 2778 251 2842; x_wconf 88' lang='lat' dir='ltr'><strong>aliquo</strong></span> <span class='ocrx_word' id='word_1_189' title='bbox 297 2778 396 2827; x_wconf 88' lang='lat' dir='ltr'><strong>hoc</strong></span> <span class='ocrx_word' id='word_1_190' title='bbox 443 2779 686 2828; x_wconf 89' lang='lat' dir='ltr'><strong>accidisse</strong></span> <span class='ocrx_word' id='word_1_191' title='bbox 731 2779 1009 2846; x_wconf 83' lang='lat' dir='ltr'><strong>fragmenta</strong></span> <span class='ocrx_word' id='word_1_192' title='bbox 1054 2778 1337 2828; x_wconf 85' lang='lat' dir='ltr'><strong>declarant:</strong></span> 
     </span>
    </p>

    <p class='ocr_par' dir='ltr' id='par_1_12' title="bbox 215 2855 1086 2924">
     <span class='ocr_line' id='line_1_31' title="bbox 215 2855 1086 2924; baseline 0.002 -16"><span class='ocrx_word' id='word_1_193' title='bbox 215 2855 457 2924; x_wconf 76' lang='grc' dir='ltr'><em>ἄμολγὸν</em></span> <span class='ocrx_word' id='word_1_194' title='bbox 489 2858 659 2910; x_wconf 85' lang='grc' dir='ltr'><em>νύκτα</em></span> <span class='ocrx_word' id='word_1_195' title='bbox 823 2887 890 2896; x_wconf 91' lang='grc'>-</span> <span class='ocrx_word' id='word_1_196' title='bbox 1019 2885 1086 2895; x_wconf 90' lang='lat'><strong>-·</strong></span> 
     </span>
    </p>

    <p class='ocr_par' dir='ltr' id='par_1_13' title="bbox 217 3010 1451 3086">
     <span class='ocr_line' id='line_1_32' title="bbox 217 3010 1451 3086; baseline 0.002 -18"><span class='ocrx_word' id='word_1_197' title='bbox 217 3010 386 3079; x_wconf 81' lang='grc' dir='ltr'><em>πολὺς</em></span> <span class='ocrx_word' id='word_1_198' title='bbox 420 3018 468 3071; x_wconf 83' lang='grc' dir='ltr'><strong>δ’</strong></span> <span class='ocrx_word' id='word_1_199' title='bbox 505 3017 709 3085; x_wconf 81' lang='grc' dir='ltr'><em>ἐνεῖρπε</em></span> <span class='ocrx_word' id='word_1_200' title='bbox 742 3020 952 3082; x_wconf 85' lang='grc' dir='ltr'><em>κισσός,</em></span> <span class='ocrx_word' id='word_1_201' title='bbox 987 3016 1196 3086; x_wconf 80' lang='grc' dir='ltr'><em>εὐφυὴς</em></span> <span class='ocrx_word' id='word_1_202' title='bbox 1228 3017 1451 3084; x_wconf 78' lang='grc' dir='ltr'><em>κλάδος,</em></span> 
     </span>
    </p>

    <p class='ocr_par' dir='ltr' id='par_1_14' title="bbox 88 3099 1784 3488">
     <span class='ocr_line' id='line_1_33' title="bbox 220 3099 1201 3166; baseline 0.002 -16"><span class='ocrx_word' id='word_1_203' title='bbox 220 3099 509 3166; x_wconf 83' lang='grc' dir='ltr'><em>χελιδόνων</em></span> <span class='ocrx_word' id='word_1_204' title='bbox 542 3103 769 3166; x_wconf 88' lang='grc' dir='ltr'><em>μουσεῖα</em></span> <span class='ocrx_word' id='word_1_205' title='bbox 900 3126 968 3138; x_wconf 78' lang='lat'><strong>—-</strong></span> <span class='ocrx_word' id='word_1_206' title='bbox 1134 3129 1201 3136; x_wconf 92' lang='lat'><strong>—</strong></span> 
     </span>
     <span class='ocr_line' id='line_1_34' title="bbox 91 3179 1784 3248; baseline 0.001 -19"><span class='ocrx_word' id='word_1_207' title='bbox 91 3179 146 3229; x_wconf 89' lang='lat' dir='ltr'><strong>ln</strong></span> <span class='ocrx_word' id='word_1_208' title='bbox 179 3179 404 3231; x_wconf 88' lang='lat' dir='ltr'><strong>Phocide</strong></span> <span class='ocrx_word' id='word_1_209' title='bbox 438 3183 578 3232; x_wconf 91' lang='lat' dir='ltr'><strong>illum</strong></span> <span class='ocrx_word' id='word_1_210' title='bbox 630 3184 809 3232; x_wconf 87' lang='lat' dir='ltr'><strong>saltum</strong></span> <span class='ocrx_word' id='word_1_211' title='bbox 857 3182 1016 3231; x_wconf 86' lang='lat' dir='ltr'><strong>fuisse</strong></span> <span class='ocrx_word' id='word_1_212' title='bbox 1064 3197 1126 3230; x_wconf 81' lang='lat' dir='ltr'><strong>ex</strong></span> <span class='ocrx_word' id='word_1_213' title='bbox 1172 3181 1417 3246; x_wconf 82' lang='lat' dir='ltr'><strong>Hesychii</strong></span> <span class='ocrx_word' id='word_1_214' title='bbox 1461 3180 1628 3231; x_wconf 87' lang='lat' dir='ltr'><strong>verbis</strong></span> <span class='ocrx_word' id='word_1_215' title='bbox 1663 3181 1784 3248; x_wconf 77' lang='grc' dir='ltr'><em>(τῆς</em></span> 
     </span>
     <span class='ocr_line' id='line_1_35' title="bbox 94 3258 1782 3329; baseline 0.002 -21"><span class='ocrx_word' id='word_1_216' title='bbox 94 3258 342 3322; x_wconf 79' lang='grc' dir='ltr'><em>Φωκίδος</em></span> <span class='ocrx_word' id='word_1_217' title='bbox 373 3262 823 3329; x_wconf 84' lang='grc' dir='ltr'><em>κατεσκεμμένου)</em></span> <span class='ocrx_word' id='word_1_218' title='bbox 860 3263 966 3311; x_wconf 92' lang='lat' dir='ltr'><strong>erui</strong></span> <span class='ocrx_word' id='word_1_219' title='bbox 998 3268 1180 3328; x_wconf 88' lang='lat' dir='ltr'><strong>potest,</strong></span> <span class='ocrx_word' id='word_1_220' title='bbox 1217 3263 1393 3326; x_wconf 77' lang='lat' dir='ltr'><strong>quibua</strong></span> <span class='ocrx_word' id='word_1_221' title='bbox 1422 3261 1650 3311; x_wconf 88' lang='lat' dir='ltr'><strong>addenda</strong></span> <span class='ocrx_word' id='word_1_222' title='bbox 1666 3268 1782 3312; x_wconf 85' lang='lat' dir='ltr'><strong>sunt</strong></span> 
     </span>
     <span class='ocr_line' id='line_1_36' title="bbox 88 3340 1781 3409; baseline -0.003 -14"><span class='ocrx_word' id='word_1_223' title='bbox 88 3340 215 3392; x_wconf 72' lang='lat' dir='ltr'><strong>haec</strong></span> <span class='ocrx_word' id='word_1_224' title='bbox 247 3342 494 3395; x_wconf 85' lang='lat' dir='ltr'><strong>Macrobii</strong></span> <span class='ocrx_word' id='word_1_225' title='bbox 541 3345 763 3409; x_wconf 84' lang='lat' dir='ltr'><strong>(Saturn.</strong></span> <span class='ocrx_word' id='word_1_226' title='bbox 800 3344 839 3405; x_wconf 90' lang='grc' dir='ltr'><strong>Ι,</strong></span> <span class='ocrx_word' id='word_1_227' title='bbox 876 3341 1010 3406; x_wconf 81' lang='lat'>18.):</span> <span class='ocrx_word' id='word_1_228' title='bbox 1057 3342 1164 3405; x_wconf 76' lang='lat' dir='ltr'><strong>„Et</strong></span> <span class='ocrx_word' id='word_1_229' title='bbox 1197 3358 1261 3392; x_wconf 91' lang='lat' dir='ltr'><strong>ne</strong></span> <span class='ocrx_word' id='word_1_230' title='bbox 1295 3343 1404 3407; x_wconf 90' lang='lat' dir='ltr'><strong>quis</strong></span> <span class='ocrx_word' id='word_1_231' title='bbox 1441 3342 1671 3407; x_wconf 90' lang='lat' dir='ltr'><strong>opinetur</strong></span> <span class='ocrx_word' id='word_1_232' title='bbox 1704 3343 1781 3391; x_wconf 90' lang='lat' dir='ltr'><strong>di-</strong></span> 
     </span>
     <span class='ocr_line' id='line_1_37' title="bbox 90 3421 1780 3488; baseline 0.001 -17"><span class='ocrx_word' id='word_1_233' title='bbox 90 3422 249 3472; x_wconf 85' lang='lat' dir='ltr'><strong>versis</strong></span> <span class='ocrx_word' id='word_1_234' title='bbox 284 3422 381 3474; x_wconf 89' lang='lat' dir='ltr'><strong>diis</strong></span> <span class='ocrx_word' id='word_1_235' title='bbox 414 3423 710 3476; x_wconf 77' lang='lat' dir='ltr'><strong>Parnassum</strong></span> <span class='ocrx_word' id='word_1_236' title='bbox 744 3427 958 3474; x_wconf 90' lang='lat' dir='ltr'><strong>montem</strong></span> <span class='ocrx_word' id='word_1_237' title='bbox 995 3421 1228 3485; x_wconf 80' lang='lat' dir='ltr'><strong>dicatum,</strong></span> <span class='ocrx_word' id='word_1_238' title='bbox 1263 3424 1397 3473; x_wconf 89' lang='lat' dir='ltr'><strong>idem</strong></span> <span class='ocrx_word' id='word_1_239' title='bbox 1432 3422 1701 3488; x_wconf 86' lang='lat' dir='ltr'><strong>Euripides</strong></span> <span class='ocrx_word' id='word_1_240' title='bbox 1730 3422 1780 3472; x_wconf 92' lang='lat' dir='ltr'><strong>in</strong></span> 
     </span>
    </p>
   </div>
  </div>
 </body>
</html>
