2144 3854
1149 299 1270 357 192

501 447 712 514 βροτοῖς
741 442 808 497 τὰ
839 443 992 512 μείζω
1023 443 1132 495 τῶν
1162 443 1337 512 μέσων
1368 444 1524 497 τίκτει
1554 443 1768 508 νόσους,

501 527 647 579 θεῶν
679 524 738 578 δὲ
766 517 1002 592 θνητοὺς
1028 524 1232 591 κόσμον
1268 528 1333 578 οὐ
1365 523 1546 592 πρέπει
1581 524 1779 593 φέρειν.

370 609 455 661 Sic
475 609 625 675 igitur
650 623 761 657 cum
787 623 913 671 quae
935 607 1125 656 volebat
1149 609 1462 673 impetrasset
1485 608 1767 669 Alcmaeon,
1794 621 1907 656 eum
1931 620 2036 656 mo-

368 689 452 738 nili
485 694 539 738 et
569 687 717 753 peplo
750 687 887 739 abiit.

499 767 823 832 Interpositus
857 771 936 815 est
966 767 1162 829 choruS,
1196 769 1334 817 cuius
1366 768 1464 817 hoc
1494 771 1657 817 exstat
1686 764 1893 830 fragma

495 848 728 912 γυναῖκα
756 842 845 897 καὶ
877 842 1134 910 ὠφέλειαν

496 925 588 979 καὶ
620 925 786 977 νόσον
817 923 974 989 ἀνδρὶ
1007 924 1187 992 φέρειν
1218 924 1466 993 μεγίσταν

495 1005 705 1069 ἐδίδαξα
737 1005 892 1077 τώμῷ
924 1007 1081 1073 λόγῳ.

365 1087 498 1138 Tum
530 1089 742 1137 famulus
786 1088 1126 1146 Alcmaeonis‚
1180 1103 1325 1151 quem
1372 1087 1619 1152 prioribus
1652 1086 1956 1152 temporibus
1984 1079 2058 1135 in‘

364 1166 552 1233 Phegei
584 1168 770 1216 familia
801 1167 959 1216 fuisse
992 1166 1259 1234 putandum
1294 1171 1397 1227 est,
1441 1173 1643 1216 evocato
1675 1165 1905 1231 Phegeu,
1947 1166 2036 1214 do-

365 1247 464 1296 lum
499 1246 806 1297 Alcmaeonis
839 1248 1014 1312 aperit,
1048 1263 1145 1296 non
1178 1247 1410 1314 Apollini,
1443 1247 1532 1296 sed
1563 1246 1863 1296 Callirrhoae
1893 1260 2037 1294 mun-

364 1326 481 1375 dum
513 1327 757 1392 reportari
789 1327 1055 1376 ostendens
1079 1325 1146 1391 ²⁸).
1216 1327 1325 1392 Quo
1358 1328 1527 1376 nuntio
1553 1327 1738 1388 audito,
1771 1325 2037 1374 vehemen-

361 1405 555 1455 tissima
586 1405 771 1470 Phegei
802 1406 875 1455 ira
919 1407 1228 1467 exardescit,
1272 1406 1356 1469 qui
1401 1407 1530 1455 filios
1573 1405 1846 1455 Temenum
1889 1408 2037 1467 atque

361 1485 604 1535 Axionem
635 1485 853 1546 advocat,
886 1501 1041 1550 reque
1073 1486 1297 1550 exposita
1329 1486 1564 1550 ignaviam
1598 1500 1769 1535 eorum
1795 1484 2037 1546 increpat,

362 1564 493 1629 quod
534 1579 631 1614 non
677 1563 925 1630 extemplo
976 1565 1038 1613 ad
1081 1565 1476 1614 interficiendum
1520 1565 1763 1631 perfidum
1795 1563 2035 1613 ulciscen-

361 1643 575 1708 damque
607 1644 763 1707 patris
795 1644 1020 1694 iniuriam
1057 1646 1380 1695 contendant:

492 1724 754 1791 „Atque
808 1741 1000 1774 eccos
1057 1726 1289 1791 segnis
1344 1740 1572 1774 somno
1621 1730 1685 1774 et
1740 1722 2034 1775 tardita-

1150 1838 1155 1845 »
1198 1804 1233 1853 d
1248 1807 1270 1854 ι’
1278 1821 1311 1853 η
1331 1822 1360 1854 e
1376 1806 1428 1854 !”

359 1881 503 1933 Vires
548 1884 641 1935 sibi
689 1888 827 1949 optat
870 1899 986 1933 esse
1029 1899 1140 1944 eas,
1184 1886 1361 1949 quibus
1409 1883 1652 1948 quondam
1696 1899 1816 1934 usus
1849 1883 1916 1934 sit
1958 1883 2032 1934 iu-

360 1963 525 2014 venis:

488 2070 555 2082 —
685 2069 751 2079 --
883 2069 951 2079 ·--
1030 2044 1034 2045 ⁷
1079 2072 1144 2079 ——
1273 2070 1339 2081 --
1468 2045 1615 2109 „qui
1628 2059 1661 2092 a

487 2121 631 2173 Nec
662 2137 778 2171 vos
810 2137 930 2172 nec
964 2123 1093 2172 ille
1125 2125 1397 2190 impune
1446 2123 1792 2173 inrideret
1824 2139 2033 2174 meam

492 2200 1169 2255 Grandaevitatem.”

485 2279 709 2330 Tandem
741 2282 834 2330 illis
868 2283 931 2331 ad
962 2282 1356 2348 persequendum
1390 2283 1786 2350 puniendumque
1806 2283 2033 2333 Alcmae-

357 2376 501 2412 onem
536 2377 593 2410 se
634 2365 828 2425 paratos
873 2377 986 2411 esse
1032 2363 1434 2424 ostendentibus,
1479 2363 1723 2427 quomodo
1765 2363 1926 2414 hostie
1971 2378 2033 2414 ex

355 2441 545 2492 insidiis
577 2440 876 2490 invadendus
911 2442 1004 2503 sit,
1038 2440 1397 2508 praecipit*'‘):

490 2519 655 2583 „Sed
687 2520 816 2570 tibi
850 2523 1103 2571 cautim
1138 2529 1233 2572 est
1270 2522 1636 2573 adeundum
1668 2522 1748 2572 ad
1771 2524 2031 2573 virum-’⁹

484 2601 625 2651 Filiis
658 2601 912 2666 profectiS,
947 2602 1086 2651 locus
1120 2604 1264 2652 datur
1295 2604 1444 2653 tertio
1480 2604 1619 2652 chori
1652 2604 1867 2654 carmini.
1918 2604 2032 2654 Hoc

356 2683 541 2747 excipit
583 2681 740 2729 nuntii
787 2682 1029 2743 narratio,
1089 2699 1304 2748 pugnam
1363 2683 1663 2748 caedemque
1726 2685 2029 2749 exponentis,

356 2762 470 2825 Qui,
503 2761 730 2826 quoniam
762 2761 935 2811 famuli
967 2761 1175 2826 perfidia
1207 2762 1474 2812 Alcmaeon
1505 2764 1783 2824 interierat,
1825 2763 1922 2830 hac
1952 2763 2030 2814 uti

355 2842 594 2892 sententia
624 2857 717 2906 pro
753 2840 966 2889 clausula
997 2842 1286 2891 narrationis
1319 2843 1512 2907 potuit:

486 2916 621 2979 ὄςτις
656 2918 712 2970 δὲ
745 2917 920 2986 δούλῳ
953 2917 1091 2983 φωτὶ
1122 2911 1348 2972 πιστεύει
1379 2919 1603 2985 βροτῶν,

481 2998 682 3065 πολλὴν
713 3001 840 3064 παρ’
873 2998 1002 3066 ἡμῖν
1034 3000 1241 3066 μωρίαν
1270 2999 1587 3066 ὀφλισκάνει.

484 3079 743 3129 Laetitiam
790 3085 842 3130 et
887 3082 1259 3144 gratulationem
1293 3082 1477 3148 Phegei
1510 3081 1783 3146 significant
1811 3081 2024 3134 haecce:

423 3245 476 3301 ²¹²)
503 3246 649 3302 Apoll.
678 3248 709 3291 l.
738 3249 794 3290 l.:
825 3246 1113 3305 μηνύσαντος
1141 3246 1191 3293 δὲ
1218 3244 1518 3305 θεράποντος.

392 3316 473 3371 ⁹⁵²⁸)
505 3317 693 3361 Pausan.
720 3319 751 3360 1.
781 3320 838 3362 1.=
869 3316 1260 3375 δολοφονηθέντα.
1316 3317 1545 3374 Apollod.=
1579 3315 1866 3378 ἐνεδρευθεὶς
1892 3315 2025 3364 ἄναι-

495 3401 654 3443 gaz-cu.
