2144 3854
1161 192 1201 246 8

351 353 574 421 phipolin
617 352 681 401 ad
719 349 856 399 illum
890 347 1074 398 cultum
1106 348 1294 399 animos
1327 347 1612 397 attendendi
1642 363 1816 398 caussa
1846 348 2013 410 fuerit,

351 433 604 484 adeundus
638 433 715 479 est
747 429 912 478 lumen
943 428 1021 477 rei
1052 428 1286 478 allaturus
1318 426 1639 491 Thucydides
1672 427 1710 490 1,
1745 429 1885 491 108„
1928 431 2014 496 qui

350 514 474 563 haec
505 509 708 560 tradidit
738 508 1025 558 memoriae:
1066 507 1275 569 „Paullo
1307 512 1423 572 post
1448 507 1647 569 accidit,
1675 509 1734 555 ut
1758 507 1933 559 Thasii
1950 510 2014 559 ab

349 588 733 642 Atheniensibus
762 586 1043 637 deficerent.
1090 587 1275 637 Caussa
1300 592 1462 636 autem
1493 586 1786 636 defectionis
1815 603 2014 654 empo-

347 670 446 718 ria
493 671 679 718 erant
722 667 787 715 in
819 666 1091 716 adversa
1137 666 1414 716 Thracia
1464 667 1586 715 sita
1628 672 1690 715 et
1722 668 2012 730 metalla,

350 747 526 812 quibus
558 747 629 795 illi
661 747 941 797 utebantur.
1009 747 1077 796 Et
1109 746 1324 811 profecti
1357 745 1558 794 navibus
1591 746 1813 795 Thasum
1857 747 2012 797 Athe-

349 827 548 877 nienses
589 841 750 890 pugna
795 827 951 875 navali
996 828 1219 874 vicerunt
1261 830 1408 890 atque
1440 824 1491 873 in
1523 830 1705 874 terram
1741 825 2013 876 descende-

347 911 473 956 nmt.
541 904 713 954 Missis
746 921 941 969 quoque
976 907 1065 955 sub
1090 905 1222 953 idem
1246 909 1441 968 tempus
1463 904 1526 952 ad
1551 903 1814 969 Strymona
1837 906 2013 955 decem

345 984 559 1033 millibus
595 984 904 1046 colonorum,
939 991 1045 1035 tum
1079 1000 1279 1033 suorum
1311 990 1420 1032 tum
1455 982 1733 1042 socialium,
1775 985 2011 1051 oppidum

342 1061 659 1125 Edonorum‚
704 1064 835 1128 quod
868 1069 971 1113 tum
1006 1063 1233 1113 Novem
1278 1064 1448 1119 viae,
1496 1077 1624 1111 nunc
1657 1064 2010 1130 Amphipo-

342 1141 427 1192 lis
475 1141 780 1207 appellatur,
825 1143 1049 1193 habitare
1094 1142 1338 1192 volebant.
1406 1142 1472 1190 Et
1518 1142 1604 1191 illo
1638 1143 1836 1206 quidem
1869 1143 2038 1209 potiti.

346 1226 487 1282 sunt;
533 1222 788 1288 progressi
820 1230 984 1272 autem
1018 1224 1066 1272 in
1101 1223 1460 1272 mediterranea
1494 1221 1763 1280 Thraciae,
1807 1223 1868 1272 ab
1902 1223 2012 1272 uni-

340 1302 496 1351 versis
542 1300 849 1363 Thracibus,
909 1302 990 1366 qui
1043 1302 1161 1352 illud
1206 1302 1441 1368 oppidum
1486 1301 1673 1351 Novem
1717 1303 1821 1351 vias
1866 1301 2013 1351 incoli

342 1381 604 1445 tenerique
649 1381 709 1430 ab
756 1380 1137 1432 Atheniensibus
1183 1397 1330 1446 aegre
1374 1381 1628 1442 ferebant,
1674 1381 1724 1430 in
1756 1381 2011 1431 Drabesco

341 1458 564 1510 Edonica
611 1460 766 1509 deleti
811 1460 969 1509 sunt''
1015 1459 1084 1524 *).
1182 1461 1340 1526 Finge
1397 1477 1456 1509 eo
1500 1467 1725 1524 tempore
1770 1461 2011 1526 scriptum

341 1538 640 1602 doctumque
665 1538 887 1587 Rhesum
913 1555 1043 1598 esse,
1078 1555 1174 1604 quo
1201 1540 1307 1588 loca
1327 1539 1412 1588 illa
1439 1540 1649 1588 metallis
1676 1537 2010 1604 emporiisqne

339 1617 508 1667 divitia
531 1617 860 1667 Athenienses
895 1617 1079 1667 colonis
1114 1633 1357 1683 occupare
1382 1621 1695 1679 conabantur,
1730 1622 1781 1667 et
1802 1617 2010 1667 habebis

339 1711 563 1746 caussam
599 1696 869 1747 laudandae
903 1698 996 1765 τῆς
1026 1695 1344 1763 ὑπαργύρου
1377 1695 1599 1763 χθονός,
1634 1696 1825 1746 videbis
1853 1698 2007 1747 totius

337 1776 617 1841 tragoediae
665 1777 954 1828 scribendae
1005 1778 1354 1841 docendaeque
1410 1777 1842 1843 opportunitatem.
1921 1776 2009 1827 llla

337 1858 502 1903 autem
547 1855 736 1912 colonia
781 1855 990 1906 deducta
1036 1874 1148 1907 esse
1180 1857 1378 1907 videtur
1411 1857 1486 1907 Ol.
1524 1860 1606 1915 78,
1640 1859 1686 1905 3.
1733 1856 1837 1906 sive
1879 1872 2008 1906 anno

337 1935 496 1982 466¹¹¹⁰
519 1930 617 1990 **).
671 1934 863 1997 Quodsi
896 1952 1021 1986 anno
1047 1938 1206 1985 4841110
1231 1936 1524 2001 Euripidem
1544 1941 1712 1987 natum
1737 1951 1849 1986 esse
1869 1941 2007 1986 recte

335 2013 386 2062 in
428 2029 673 2063 marmore
719 2014 867 2064 Pario
914 2017 1151 2081 scriptum
1186 2021 1290 2078 est,
1340 2015 1434 2064 fuit
1475 2016 1565 2064 illo
1612 2023 1838 2082 tempore
1881 2015 2004 2066 duo-

335 2092 568 2159 deviginti
601 2108 754 2144 annos
787 2099 946 2157 natuS,
982 2095 1112 2159 quod
1137 2094 1267 2144 idem
1292 2101 1487 2160 tempus
1515 2095 1705 2145 Gellius
1729 2095 2006 2160 significare

335 2172 545 2232 videtur,
580 2187 641 2221 eo
673 2175 848 2223 aetatis
881 2190 1004 2224 anno
1036 2175 1245 2240 primam
1278 2174 1492 2224 fabulam
1525 2176 1585 2224 ab
1612 2175 1853 2240 Euripide
1880 2175 2004 2225 scri-

334 2254 472 2315 ptam
506 2268 618 2301 esse
650 2253 878 2315 tradem,
923 2270 1083 2318 neque
1118 2253 1320 2315 CrateS,
1358 2271 1507 2319 quum
1540 2259 1744 2319 propter
1775 2255 2003 2303 immatu-

334 2346 439 2380 ram
474 2336 687 2381 aetatem
720 2332 1061 2398 philosophiae
1094 2333 1380 2399 Euripidem
1415 2339 1670 2398 expertem
1715 2334 1871 2383 fuisse
1908 2351 2002 2399 pu-

335 2411 538 2471 taverit,
572 2411 713 2460 aliam
749 2428 894 2476 quam
928 2414 1171 2462 ineuntem
1207 2414 1586 2463 adolescentiam
1621 2413 1788 2462 dicere
1823 2414 2003 2478 potuit.

459 2489 587 2539 Tres
622 2490 839 2540 colonias
864 2493 1190 2542 Athenienses
1225 2493 1275 2542 in
1303 2493 1554 2557 regionem
1581 2493 1714 2542 illam
1737 2492 2001 2552 Thraciae,

332 2583 457 2631 quae
502 2568 691 2619 Novem
734 2571 844 2620 viae
865 2604 873 2615 .
893 2572 1260 2637 appellabatur,
1313 2573 1577 2633 miserunt,
1629 2588 1831 2635 quarum
1873 2573 2002 2622 duae

231 2697 241 2707 ,
330 2647 525 2711 priores
559 2650 619 2698 ab
652 2649 825 2699 incolis
860 2651 1052 2701 deletae
1087 2656 1226 2712 sunt,
1271 2652 1419 2700 tertia
1464 2651 1660 2715 demum
1692 2656 1866 2700 tenere
1898 2655 1999 2700 ter-

330 2742 434 2775 ram
483 2732 535 2777 et
581 2728 798 2778 condere
844 2731 1161 2797 Amphipolin
1201 2731 1374 2797 potuit.
1441 2731 1539 2779 lam
1574 2730 1703 2778 enim
1736 2729 2001 2780 Phaedone

331 2807 566 2857 archonte
615 2807 692 2858 ΟΙ.
727 2811 808 2870 76,
844 2811 916 2871 1.,
966 2816 1111 2876 capta
1154 2826 1244 2877 per
1292 2809 1543 2859 Cimonem
1577 2809 1764 2869 Eione,
1810 2809 1998 2873 primos

330 2884 449 2933 illuc
496 2886 698 2935 colonos
742 2888 1007 2952 miserunt,
1053 2891 1134 2954 qui
1183 2889 1314 2955 caes}
1357 2893 1470 2938 sunt
1502 2904 1529 2936 a
1562 2886 1839 2938 Thracibus
1871 2884 1998 2951 ***).

396 3010 440 3064 *)
468 3012 593 3054 Adde
622 3014 767 3057 Thuc.
795 3015 867 3066 lv,
895 3013 992 3056 102.
1023 3019 1067 3057 et
1094 3014 1227 3058 Diod.
1256 3015 1336 3068 XI,
1362 3012 1434 3055 70.

375 3081 441 3134 **)
472 3082 616 3124 Thuc.
647 3083 720 3136 lv,
750 3083 858 3125 102:
900 3083 976 3126 καὶ
1009 3076 1150 3135 αὖθις
1177 3084 1305 3135 ἑνὸς
1332 3082 1529 3127 δέοντι
1555 3081 1881 3138 τριακοστῷ
1907 3079 1998 3126 ἔτει

468 3149 683 3202 ἐλθόντες
712 3152 758 3196 οἱ
783 3152 1016 3208 Ἀθηναῖοι
1035 3157 1128 3196 κτλ.
1176 3152 1486 3211 Undetriginta
1508 3151 1632 3194 annis
1651 3156 1751 3196 ante
1775 3152 1995 3195 conditam

467 3221 753 3276 Amphipolin
781 3222 909 3266 illum
937 3223 1133 3277 priorem
1164 3228 1370 3268 conatum
1397 3223 1565 3266 factum
1593 3237 1690 3265 esse
1719 3221 1848 3276 dicit,
1889 3221 1921 3264 i.
1952 3235 1993 3264 e.

467 3304 580 3333 anno
609 3289 707 3333 466.
871 3321 875 3325 -

346 3360 433 3414 ἨΜ’)
462 3361 669 3407 Aeschin.
701 3360 801 3403 fals.
830 3362 924 3418 leg.
946 3376 989 3416 p.
1007 3360 1104 3404 755.
1166 3363 1310 3408 Vater.
1330 3361 1497 3406 Vindio.
1517 3362 1656 3405 Rhea.
1688 3376 1731 3417 p.
1753 3358 1993 3404 CXXXIII.
