2144 3854
895 284 1020 364 253'

123 460 318 521 pestem
352 453 449 504 sibi
483 453 702 504 Iocastes
735 453 1100 504 matrimonium
1135 469 1248 504 esse
1282 453 1503 520 Oedipus
1531 468 1797 521 cognosce-

125 542 218 596 ret,
252 536 379 586 haec
413 535 608 584 miseria
641 535 959 584 vehementer
991 534 1279 597 augebatur,
1315 537 1357 584 si
1391 535 1510 584 illud
1545 536 1675 584 idem
1695 553 1800 585 ma-

126 617 412 666 trimonium
446 621 588 664 antea
622 614 876 664 felicitatis
925 619 1074 678 caput
1121 620 1173 662 et
1218 614 1619 676 fundamentum,
1667 618 1799 667 salus

126 696 352 762 perdito,
386 697 631 760 refugium
667 695 854 755 eiecto,
901 693 1039 742 littus
1075 692 1311 760 naufrago
1344 711 1456 743 esse
1489 697 1646 745 visum
1680 703 1801 749 erat.

126 777 266 825 Hanc
309 782 474 825 autem
521 771 810 825 senteutiam
855 773 998 837 primi
1044 773 1210 821 statim
1245 780 1473 823 auctores
1509 776 1802 841 effingendis

127 854 306 920 Oedipi
341 858 538 906 casibus
573 859 941 920 expresserant,
977 858 1030 901 ut
1065 868 1303 902 summam
1339 854 1552 904 hominis
1584 857 1800 907 felicita·

125 939 229 984 tem
263 953 504 986 summam
538 951 686 1000 saepe
720 935 992 994 miseriam,
1045 938 1151 982 tum
1201 950 1442 983 summam
1490 937 1803 1000 prudentiam

126 1031 363 1068 summam
411 1015 789 1081 imprudentiam
840 1029 952 1063 esse
1009 1014 1343 1064 ostenderent.
1429 1015 1550 1065 Laio
1599 1017 1805 1080 latrone,

127 1112 274 1160 quem
298 1097 518 1163 putabat,
553 1103 603 1145 et
631 1096 868 1160 Sphinge,
906 1100 1046 1160 peste
1070 1095 1439 1156 Thebanorum,
1475 1096 1678 1145 sublatis
1703 1097 1802 1147 Oe-

126 1177 274 1242 dipus
309 1178 357 1226 in
391 1178 587 1242 reginae
622 1177 986 1224 matrimonium
1019 1181 1342 1241 pervenerat,
1390 1177 1600 1240 patriam
1645 1178 1804 1239 exsul,

123 1272 330 1320 regnum
365 1273 551 1324 egenus
586 1258 795 1321 adeptus
831 1260 953 1305 erat.
1019 1255 1187 1319 ltaque
1223 1261 1273 1305 et
1305 1257 1489 1322 ingenti
1521 1273 1686 1307 rerum
1718 1275 1805 1324 ge-

125 1342 310 1388 starum
336 1339 491 1403 gloria
516 1338 744 1398 florebat,
780 1342 832 1385 et
854 1341 1076 1386 servator
1104 1337 1278 1385 civium
1304 1337 1558 1401 victorque
1579 1339 1806 1401 monstri,

126 1433 156 1466 a
188 1434 286 1482 quo
321 1419 502 1485 singuli
535 1420 597 1467 ad
640 1418 892 1467 interitum
935 1418 1068 1482 rapti
1116 1423 1283 1475 erant,
1334 1416 1702 1480 celebrabatur,
1753 1424 1806 1469 et

123 1514 283 1564 paene
315 1500 456 1549 divos
490 1499 752 1563 prudentia
785 1514 998 1561 aequare
1028 1497 1288 1546 videbatur
1320 1497 1483 1546 soluto
1511 1498 1805 1563 aenigmate,

127 1579 257 1642 quod
309 1579 530 1629 omnium
572 1579 771 1645 fugerat
815 1594 1035 1628 acumen.
1118 1578 1214 1637 lam
1264 1578 1412 1626 etiam
1462 1578 1669 1626 deorum
1717 1594 1804 1628 vo-

126 1658 363 1707 luntatem
399 1659 607 1707 elusisse
641 1659 901 1707 videbatur
932 1659 1079 1707 vitato
1113 1657 1367 1723 periculo,
1421 1658 1553 1722 quod
1585 1659 1807 1708 nascenti

126 1738 431 1801 obiecerant,
467 1754 578 1787 cum
613 1743 842 1802 parentes
877 1739 937 1787 ab
973 1754 1033 1788 eo
1066 1737 1384 1787 interfectum
1418 1739 1479 1786 iri
1530 1739 1805 1803 praedixis-

128 1823 254 1868 sent.
321 1819 596 1867 Defunctus
633 1819 760 1867 enim
795 1819 899 1868 fato
934 1824 1042 1868 erat
1074 1819 1142 1879 is,
1189 1819 1272 1882 qui
1307 1819 1536 1882 genuisse
1570 1819 1806 1870 credeba-

126 1904 225 1960 tur,
262 1900 446 1947 erroris
481 1900 702 1948 convicta
737 1906 876 1948 erant
910 1899 1134 1958 oracula,
1178 1903 1234 1947 ut
1281 1914 1451 1947 secum
1483 1898 1669 1948 habere
1702 1915 1807 1948 ma·

126 1985 254 2029 trem
291 1979 607 2044 superstitem
644 1995 741 2028 non
776 1979 988 2045 amplius
1024 1979 1291 2036 dubitaret,
1329 1995 1473 2043 quam
1526 1995 1587 2027 ne
1620 1980 1805 2045 impru-

125 2059 248 2108 dens
296 2058 633 2122 interficeret,
684 2060 843 2125 patria
886 2064 1130 2111 caruerat.
1211 2058 1365 2106 Simul
1409 2059 1584 2124 ingens
1632 2061 1808 2125 opibus

125 2143 407 2188 accesserat
437 2139 811 2200 incrementum,
845 2145 1051 2205 recepto
1083 2139 1395 2204 patrimonio,
1428 2140 1611 2189 iunctis
1647 2141 1808 2205 regnis

125 2219 336 2280 duobuS,
371 2235 580 2283 quorum
607 2221 815 2270 alterum
846 2237 874 2269 a
907 2226 1067 2285 patre,
1102 2219 1313 2270 alterum
1351 2236 1380 2268 a
1412 2221 1624 2286 coniuge
1657 2221 1808 2270 tradi-

124 2305 232 2350 tum
265 2305 399 2361 erat,
447 2306 742 2366 recuperata
776 2302 951 2366 patria,
987 2317 1049 2350 ex
1083 2318 1179 2366 qua
1211 2305 1421 2366 propter
1454 2300 1659 2350 deorum
1695 2317 1807 2352 ora-

127 2380 236 2430 cula
285 2380 617 2442 exsulaverat,
659 2381 903 2445 duplicata
947 2382 1184 2446 potentia·
1215 2388 1364 2445 atque
1413 2379 1671 2431 felicitate.
1736 2383 1810 2432 lbi

126 2459 543 2525 prudentissimus
590 2462 1033 2526 sagacissimusque
1084 2461 1365 2510 mortalium
1410 2462 1809 2527 imprudentissi-

126 2555 238 2590 mus
270 2540 724 2604 hebetissimusque
759 2556 872 2589 esse
906 2543 1219 2607 cognoscitur
1241 2578 1256 2602 ,
1292 2547 1346 2591 et
1378 2542 1463 2605 qui
1499 2557 1810 2592 communem

125 2620 382 2669 hominum
402 2619 728 2669 conditionem
757 2621 1072 2670 callidissime
1098 2622 1454 2686 interpretatus
1476 2627 1572 2680 est,
1606 2623 1647 2670 is
1669 2638 1810 2672 suam

126 2700 382 2766 ignorasse
415 2716 577 2765 neque
609 2699 711 2749 ullo
744 2701 1067 2766 investigandi
1101 2701 1266 2751 studio
1299 2702 1558 2765 exquirere
1586 2702 1813 2766 potuisse

127 2779 379 2846 arguitur:
413 2780 564 2838 idem,
602 2797 750 2845 quum
784 2781 834 2830 in
871 2797 1113 2830 summum
1147 2781 1435 2841 felicitatis,
1486 2797 1631 2845 quam
1667 2787 1810 2847 puta-

125 2859 229 2919 bat,
266 2858 513 2927 fastigium
548 2862 886 2923 escendisset,
935 2861 984 2910 in
1028 2861 1310 2928 voraginem
1359 2861 1529 2910 salutis
1564 2863 1722 2911 omnis
1756 2877 1812 2912 se

58 2981 63 2989 .
126 2938 314 2988 inscius
348 2942 706 3007 praecipitavit.
775 2941 829 2990 ln
861 2946 996 2991 tanto
1029 2957 1126 2991 non
1171 2941 1333 2991 solum
1382 2941 1666 3005 felicitatis,
1722 2942 1812 2992 sed

129 3019 277 3067 etiam
310 3019 468 3071 laudis
501 3023 890 3086 meritorumque
923 3021 1212 3087 naufragio,
1258 3023 1462 3087 abrepta
1496 3039 1607 3072 cum
1643 3026 1812 3072 exter-

130 3102 205 3150 nis
236 3103 381 3153 bonis
417 3103 583 3165 etiam,
619 3120 745 3167 quae
777 3103 978 3152 minime
1010 3102 1060 3152 in
1091 3102 1322 3152 fortunae
1356 3102 1468 3152 lusu
1500 3102 1665 3167 posita
1698 3118 1813 3152 esse

128 3181 351 3243 videtur,
403 3184 703 3233 conscientia
735 3188 877 3234 recte
920 3182 1190 3245 factorum,
1242 3183 1472 3247 quidnam
1518 3182 1814 3248 relinquitur

129 3262 340 3324 mortali,
373 3279 470 3328 quo
505 3279 562 3314 se
594 3266 744 3314 rebus
780 3264 1003 3312 humani·
1037 3263 1274 3313 maiorem
1307 3278 1420 3313 esse
1455 3263 1725 3329 significet,
1769 3262 1814 3311 si

92 3389 96 3391 ,
132 3339 462 3394 defluentibus
497 3343 587 3405 iis,
623 3360 750 3408 quae
784 3359 880 3392 non
915 3347 1031 3393 sunt
1064 3358 1152 3394 sua
1170 3379 1186 3405 ‚
1222 3348 1399 3408 sponte
1432 3342 1630 3392 abiiciat
1662 3343 1813 3392 etiam
1884 3353 1885 3356 ’

131 3420 212 3482 id,
258 3422 391 3486 quod
436 3422 596 3474 solum
639 3428 885 3491 perpetuo
927 3423 979 3473 in
1026 3423 1183 3490 ipsius
1227 3423 1432 3474 arbitrio
1464 3424 1682 3489 positum
1717 3427 1814 3482 est,

133 3499 283 3551 animi
336 3504 661 3555 constantiam
711 3510 859 3570 atque
891 3503 1233 3570 aequitatem‘3
1298 3503 1410 3556 Non
1444 3503 1627 3555 insanit
1660 3501 1812 3553 Oedi·
