2144 3854
1077 250 1198 306 118

421 398 556 463 „Mi
590 397 926 455 ausculta,
962 404 1147 458 nate,
1178 411 1422 464 pueros
1447 398 1735 448 eremari
1763 400 1968 452 iube.''

290 481 407 532 Inde
441 477 728 542 Menalippa
760 476 1057 536 arcessitur,
1105 493 1230 541 quae
1263 477 1482 526 vestibus
1515 477 1735 526 funereis
1769 488 1970 533 ornatos

288 558 516 626 parvulos
564 556 626 605 ad
676 571 850 622 rogum
895 562 1041 621 paret
1075 564 1448 622 componatque.
1515 557 1586 607 lbi
1619 554 1704 607 illa
1736 559 1799 608 ad
1829 561 1970 613 ‘refu-

287 637 481 687 tandam
516 636 670 700 patris
704 637 994 685 sententiam
1028 638 1296 685 orationem
1329 636 1461 685 iliam
1493 637 1666 686 habuit
1703 638 1971 690 celeberri-

286 733 414 766 mam
439 715 519 779 *).‚
567 716 707 765 cuius
739 716 927 765 initium
956 717 1171 781 quidem,
1203 717 1368 782 paullo
1394 732 1538 766 secus
1566 716 1766 779 dictum,
1803 721 1973 771 reddi-

217 842 230 861 „
287 797 360 845 dit
393 795 752 859 Aristophanes
788 796 994 859 Lysistr.
1032 798 1190 845 1124:

416 870 539 940 ἐγὼ
572 872 742 941 γυνὴ
776 871 893 940 μέν
926 874 1095 939 εἰμι,
1129 877 1263 934 νοῦς
1298 873 1344 925 δ’
1381 871 1547 926 ἔνεστί
1579 893 1686 941 μοι,

418 952 584 1021 αὐτὴ
634 954 682 1006 δ’
729 953 1028 1024 ἐμαυτῆς
1063 955 1142 1007 οὐ
1175 957 1393 1016 κακῶς
1425 955 1701 1024 γνώμης
1735 955 1970 1027 ἔχω**),

418 1028 545 1096 τοὺς
578 1034 624 1086 δ’
659 1033 717 1087 ἐκ
749 1036 949 1100 πατρός
979 1053 1035 1087 τε
1066 1035 1156 1087 καὶ
1186 1034 1507 1102 γεραιτέρων
1539 1038 1734 1104 λόγους

415 1109 645 1176 πολλοὺς
676 1114 931 1167 α’κούσασ’
962 1117 1043 1168 οὐ
1076 1116 1520 1184 μεμούσωμαι
1551 1121 1788 1181 κακῶς.

283 1198 462 1247 Matris
505 1196 622 1262 (non
667 1199 846 1262 patris)
893 1198 1200 1248 institutione
1246 1215 1302 1247 se
1349 1200 1590 1249 eruditam
1636 1218 1749 1251 esse
1783 1200 1974 1250 dixerat

281 1276 568 1342 Menalippa
585 1274 711 1344 ***).,
763 1279 893 1326 unde
926 1279 1104 1327 litteris
1140 1279 1418 1328 mandatam
1451 1279 1609 1330 fuisse
1641 1282 1773 1331 illius
1806 1281 1972 1347 philo-

284 1357 508 1421 sophiam
543 1366 763 1421 apparet.
832 1357 1061 1407 Insecuta
1095 1360 1223 1408 enim
1261 1363 1376 1407 sunt
1408 1359 1622 1410 haecce:

411 1435 546 1487 κούκ
580 1434 703 1500 ἐμὸς
737 1434 767 1486 ὅ
799 1439 993 1499 μῦθος,
1028 1436 1139 1487 ἀλλ’
1174 1436 1304 1505 ἐμῆς
1336 1433 1535 1502 μητρὸς
1568 1438 1730 1505 πάρα,

415 1514 487 1575 ὥς
521 1515 751 1579 οὐρανός
782 1532 836 1566 τε
869 1516 996 1581 γαῖά
1027 1519 1071 1566 τ’
1105 1510 1174 1582 ἦν
1207 1515 1389 1583 μορφὴ
1423 1516 1533 1581 μία,

414 1591 527 1647 ἐπεὶ
561 1594 608 1646 δ’
646 1594 1012 1662 ἐχωρίσθησαν
1046 1596 1288 1663 ἀλλήλων
1321 1595 1458 1662 δίχα,

416 1675 652 1728 τίκτουσι
684 1675 856 1727 πάντα
889 1676 1199 1729 κάνέδωκαν
1233 1676 1305 1738 εἷς
1339 1676 1495 1744 φάος,

416 1754 627 1824 δένδρη,
663 1758 887 1821 πετεινά,
922 1761 1111 1825 θῆρας,
1146 1756 1241 1819 οὕς
1272 1760 1328 1809 θ’
1363 1756 1501 1824 ἅλμη
1534 1755 1728 1824 τρέφει,

417 1836 574 1904 γένος
605 1855 659 1889 τε
690 1840 926 1904 θνητῶν.
1114 1901 1119 1904 ,

280 1918 362 1967 En
402 1935 589 1969 meram
639 1921 959 1984 Anaxagorae
1003 1920 1293 1982 sapientiam
1311 1915 1467 1985 ****).
1538 1918 1662 1967 Cum
1708 1917 1789 1966 his
1823 1916 1973 1967 Ennii

279 1997 558 2062 fragmenta
609 2000 891 2063 conspirare
938 1999 1195 2060 videntur,
1249 2015 1377 2062 quae
1423 2015 1500 2063 ap.
1547 1997 1760 2048 Varron.
1803 1995 1863 2048 L.
1910 1997 1971 2049 L.

280 2076 390 2142 Vll,
425 2081 508 2132 47.
543 2075 617 2145 (p.
651 2077 753 2144 ⁷4.)
791 2085 842 2128 et
874 2076 936 2139 V,
972 2080 1053 2129 19.
1091 2075 1161 2143 (p.
1196 2077 1267 2144 9.)
1304 2075 1707 2139 inveniuntur†):

413 2158 758 2226 „Quaeque
784 2158 1297 2223 caeruleofreto
1321 2164 1661 2208 orta-nare
1698 2155 1971 2225 coepta’'

409 2317 638 2380 „Coeli
674 2316 1380 2384 ingentessornice8.’'

280 2397 356 2446 An
390 2398 489 2446 huc
522 2398 774 2447 referendi
809 2398 906 2446 sint
949 2413 1152 2456 versuS,
1199 2413 1322 2462 quos
1360 2396 1464 2445 Cic.
1499 2394 1651 2444 Tusc.
1687 2395 1740 2457 1,
1774 2397 1858 2459 28,
1887 2397 1970 2445 69.

283 2479 512 2538 servavit,
548 2477 748 2525 dubito:

350 2591 392 2642 *)
421 2589 661 2645 Dionysius
687 2591 718 2632 1.
747 2590 806 2632 l.:
837 2588 1079 2645 βοηθοῦσα
1110 2583 1228 2645 αὐτὴ
1249 2586 1281 2644 ἤ
1317 2587 1591 2643 Μελανίππη
1621 2586 1972 2642 ἀποφαίνεσθαι

419 2661 648 2716 πειρᾶται,
680 2653 753 2702 ὅτι
783 2656 917 2716 τέρας
942 2655 1080 2703 οὐδέν
1103 2657 1239 2703 ἐστιν.
1295 2659 1420 2702 Adde
1438 2658 1650 2715 Gregorii
1669 2659 1827 2712 τοι-δα,
1856 2674 1972 2715 quae

418 2743 556 2785 supra
583 2729 826 2785 posuimus.

320 2799 386 2854 **)
416 2799 568 2843 Schol.
599 2800 668 2842 ed.
699 2799 868 2842 Oxon.:
900 2797 926 2843 ὁ
959 2799 1108 2856 στίχος
1138 2797 1186 2843 ἐκ
1214 2798 1362 2855 σοφῆς
1375 2799 1679 2854 Μελανίππης
1695 2794 1970 2856 Εὐριπίδου.

419 2870 488 2911 ef.
519 2870 693 2912 wenck.
725 2885 769 2924 p.
804 2869 929 2912 1603.

306 2939 384 2993 m)
414 2939 652 2994 Dionysius
679 2941 757 2993 lx,
785 2939 867 2982 ll:
898 2937 929 2995 ἦ
958 2938 1235 2994 Μελανίππη
1254 2936 1410 2994 Σοφή,
1439 2936 1491 2982 τὸ
1517 2939 1672 2996 δρᾶμα
1691 2934 1967 2997 Εὐριπίδου,

417 3007 835 3065 ἐπιγέγραπταιμὲν
854 3009 991 3064 σοφή,
1012 3006 1085 3054 δ’τι
1112 3013 1372 3066 φιλοσοφεῖ,
1401 3008 1478 3052 καὶ
1510 3006 1608 3053 διὰ
1640 3012 1819 3054 τοῦτο
1850 3026 1970 3054 τοι-

417 3076 603 3134 αύτης
641 3079 856 3137 μητρός
895 3079 1080 3135 ἐστιν,
1121 3081 1196 3124 ἵνα
1223 3080 1284 3136 μὴ
1317 3076 1553 3127 ἀπίθανος
1580 3072 1663 3137 ἤὴ
1695 3081 1965 3136 φιλοσοφία.

277 3149 389 3204 ****)
420 3149 657 3205 Dionysius
686 3151 716 3192 1.
748 3151 806 3192 1.:
832 3148 1105 3210 Ἀναξαγόρᾳ
1133 3150 1490 3209 προςεφοίτησεν
1512 3147 1790 3207 Εὐριπίδης·
1846 3148 1971 3193 Ἀνα-

413 3219 613 3277 ξαγόρου
643 3217 694 3263 δὲ
721 3217 854 3276 λόγος
883 3219 1029 3272 ἐστὶν,
1059 3220 1133 3265 ὅτι
1160 3218 1312 3265 πάντα
1343 3218 1390 3264 ἐν
1417 3221 1556 3264 πᾶσιν
1584 3213 1671 3277 ἦν,
1701 3218 1803 3267 εἶτα
1830 3215 1970 3264 ὕστε-

413 3306 497 3347 ρον
525 3287 753 3347 διεκρίθη.
779 3314 836 3322 -
862 3289 1103 3347 Ὁμολογεῖ
1127 3286 1210 3337 οὖν
1237 3291 1323 3347 τὴν
1346 3291 1645 3336 διδασκαλίαν
1665 3290 1753 3350 τὴν
1774 3288 1971 3350 ἀρχαίαν

415 3356 496 3405 διὰ
524 3361 610 3417 τῆς
632 3361 953 3417 Μελανίππης.
1009 3363 1077 3406 Cf.
1107 3362 1259 3407 Valck.
1290 3361 1419 3406 diatr.
1451 3377 1497 3419 p.
1529 3361 1600 3406 49.

330 3431 385 3485 ·1·)
415 3431 600 3488 Fragm.
628 3429 715 3474 inc.
745 3430 815 3474 61.
846 3435 892 3476 et
909 3430 980 3474 68.

2124 2420 2144 2445 ὃ·
