2176 3874
877 296 999 355 541

90 444 242 498 Falsa
284 443 497 511 quadam
531 445 700 510 specie
733 444 898 495 oblata
930 458 986 493 se
1019 442 1286 507 deceptum
1328 457 1445 493 esse
1487 440 1779 509 significavit

91 529 231 578 hisce
263 527 455 576 verbis:

222 598 332 658 ἀλλ’
369 603 539 672 ἡμέρα
572 622 656 658 τοι
689 603 859 658 πολλὰ
893 600 984 655 καὶ
1016 599 1239 668 μέλαινα
1270 598 1370 667 νὺξ

222 685 383 740 τίκτει
416 687 646 753 βροτοῖς.

89 768 271 822 Audita
318 769 413 818 hac
466 770 784 830 defensione,
845 769 931 815 aut
988 770 1245 815 accusator
1295 770 1382 816 aut
1430 767 1670 819 Alcmene
1716 770 1779 818 il-

90 850 195 901 lum
257 851 629 915 quaestionibus
690 846 984 914 quibusdam
1033 847 1328 896 convincere
1379 848 1597 912 studuit,
1644 850 1779 899 velut

92 931 286 981 hacce:

227 1010 403 1062 πόθεν
436 1008 494 1062 δὲ
527 1009 723 1075 πεύκης
752 1001 928 1058 πανὸν
961 1002 1166 1071 ἐξεῦρες
1196 1006 1407 1071 λαβεῖν;
1436 1025 1443 1033 ’

94 1089 367 1143 Damnatus
402 1094 647 1156 exilioque
680 1090 917 1139 multatus
953 1089 1184 1137 Rhodum
1221 1106 1332 1137 cum
1368 1090 1537 1139 amicis
1568 1090 1784 1155 migrare

96 1174 374 1224 constituit.
441 1171 670 1235 Apollod.
706 1171 740 1222 l.
777 1171 839 1218 l.:
874 1207 907 1230 „
922 1168 1140 1234 φεύγων
1176 1163 1278 1219 οὗν
1312 1172 1419 1235 μετ’
1456 1169 1556 1221 οὐκ
1590 1168 1786 1236 ὀλίγων

95 1241 226 1319 ἧκεν
257 1251 332 1312 εἰς
355 1244 547 1303 Ῥόδον
580 1250 731 1302 κάκεῖ
761 1248 1039 1316 κατῴκει.”
1110 1251 1362 1301 Homerus
1398 1253 1430 1304 l.
1466 1252 1501 1300 l.

229 1331 397 1399 αὐτὰρ
432 1328 507 1400 ὅγ’
545 1330 598 1394 ἐς
635 1325 826 1384 Ῥόδον
874 1325 981 1394 ἷξεν
1026 1330 1378 1397 ἀλώμενος
1428 1333 1635 1397 ἄλγεα
1678 1331 1786 1385 πά-

1094 1424 1285 1479 σχων

98 1494 180 1544 Ex
214 1494 325 1561 ipso
362 1500 530 1544 autem
564 1494 748 1545 iudicio
782 1496 1202 1560 prosequentibus
1241 1494 1504 1544 sodalibus
1530 1495 1788 1560 sociisque

97 1576 163 1625 ad
196 1576 337 1625 littus
372 1576 694 1625 descendisse
729 1577 939 1625 videtur.

229 1656 505 1719 Carminis,
541 1656 673 1720 quod
707 1657 805 1705 hoc
838 1656 950 1706 loco
982 1656 1393 1723 interponendum
1425 1655 1538 1714 fuit,
1572 1656 1670 1706 hoc
1703 1670 1788 1704 ex-

99 1742 201 1787 stat
232 1737 591 1800 fragmentum:

228 1814 470 1883 ἄτρέκεια
505 1810 551 1867 δ’
584 1818 806 1882 ἄριστον
839 1815 1037 1882 ἀνδρὸς

234 1895 294 1949 ἐν
326 1898 473 1949 πόλει
506 1897 718 1950 δικαίου
753 1897 909 1950 πέλει.

96 1978 290 2030 Deinde
332 1981 532 2029 nuntius
564 1981 651 2029 ille
685 1981 941 2029 ambustus
977 1994 1039 2028 ex
1073 1978 1382 2045 navigatione
1413 1979 1562 2029 rediit
1596 1984 1647 2029 et
1680 1996 1792 2029 nar-

96 2060 340 2110 rationem
374 2060 506 2110 illam
543 2061 917 2111 celeberrimam
968 2060 1100 2126 egit,
1147 2061 1211 2109 de
1245 2076 1342 2124 qua
1376 2077 1527 2126 supra
1560 2061 1792 2126 exposui-

97 2156 226 2193 muS.

226 2220 283 2269 In
329 2220 431 2270 fine
477 2221 716 2271 dramatis
763 2237 875 2270 cum
926 2220 1168 2271 Alcmene
1211 2221 1351 2269 malis
1399 2221 1727 2269 succumbens
1763 2237 1793 2270 e

97 2299 202 2348 vita
234 2299 538 2361 discederet,
573 2301 821 2350 Hercules
857 2301 922 2349 de
957 2301 1098 2349 coelo
1152 2300 1462 2349 descendens
1503 2307 1711 2350 matrem
1745 2302 1795 2351 in

102 2394 305 2443 campos
340 2378 572 2443 Elysios,
609 2381 694 2427 ubi
729 2380 1130 2444 Rhadamanthyi
1163 2386 1378 2443 nuptura
1412 2386 1537 2437 erat,
1573 2380 1793 2430 abduxit.

100 2456 342 2508 Testatur
375 2460 502 2508 haec
538 2459 840 2522 epigramma
876 2459 1177 2524 Cyzicenum
1212 2475 1259 2508 n.
1292 2462 1372 2509 20.
1409 2477 1458 2524 p.
1494 2462 1608 2508 6:33.
1648 2477 1793 2524 para-

99 2537 187 2604 lip.
223 2554 286 2587 ex
321 2541 431 2589 cod.
468 2539 654 2590 Vatia:
691 2536 721 2589 ὁ
756 2538 813 2590 δὲ
847 2537 1272 2604 τριςκαιδέκατος
1297 2531 1560 2601 ἹΙρακλέα
1592 2540 1795 2604 ἄγοντα

101 2614 203 2685 τὴν
235 2615 437 2684 μητέρα
485 2617 655 2669 αὐτοῦ
703 2621 1016 2687 Ἀλκμήνην
1062 2619 1135 2680 εἰς
1186 2619 1245 2670 τὸ
1290 2613 1543 2670 Ἠλύσιον
1589 2619 1794 2683 πεδίον,

102 2698 478 2762 συνοικίζοντα
525 2695 695 2765 αὐτὴν
736 2692 1132 2767 Ῥαδαμάνθυϊ,
1190 2699 1356 2752 αὐτὸν
1405 2697 1463 2751 δὲ
1508 2699 1580 2761 εἰς
1631 2695 1796 2764 θεοὺς

103 2779 272 2849 δῆθεν
305 2777 710 2845 ἐγκρινόμενον·

225 2855 468 2923 ’Λλκίδας
499 2861 530 2914 ὁ
564 2855 776 2927 θρασὺς
801 2854 1175 2927 Ῥαδαμάνθυϊ
1198 2859 1399 2925 ματέρα
1430 2861 1589 2914 τοῖνδε

325 2936 626 3011 Ἀλκμήναν
661 2942 815 2994 ὅσιον
846 2942 982 3008 πρὸς
1016 2942 1164 3010 λέχος
1198 2940 1423 3006 ἐξέδοτο.

101 3022 366 3074 Amaverat
412 3031 578 3074 autem
629 3026 876 3090 quondam
925 3027 1070 3074 etiam
1117 3026 1429 3090 Licymnium
1479 3024 1796 3074 Rhadaman-

103 3103 251 3165 thus,
286 3110 416 3153 teste
449 3105 750 3154 Philostrato
786 3106 930 3170 epist.
969 3104 1145 3155 XLVI.
1182 3122 1229 3170 p.
1264 3108 1343 3155 25.
1393 3105 1471 3155 ed.
1506 3105 1797 3155 Boissonad.

183 3243 197 3252 ς
234 3183 504 3234 Alcmenae
539 3201 649 3234 sors
684 3187 939 3234 materiam
990 3185 1356 3250 tragoediarum
1401 3186 1629 3251 praebuit
1675 3185 1798 3246 Ioni,

102 3263 450 3327 Astydamanti
514 3281 572 3314 ac
620 3265 886 3330 Dionysio,
947 3265 1194 3330 Licymnii
1261 3281 1393 3323 mors
1444 3264 1683 3325 Xenocli3
1732 3265 1798 3314 cf.

101 3341 298 3392 Welck.
357 3361 408 3410 p.
470 3347 585 3398 954.
650 3348 797 3398 1060.
861 3348 1006 3395 1233.
1055 3352 1109 3395 et
1156 3348 1303 3395 1022.
1385 3345 1690 3409 Respexisse
1736 3346 1797 3394 ad

103 3421 362 3490 Euripidis
398 3425 570 3476 drama
603 3426 964 3492 Aristophanes
1013 3426 1209 3476 videtur
1256 3426 1308 3476 in
1355 3424 1537 3490 Vespis
1583 3442 1626 3476 v.
1673 3428 1799 3475 375:
