2176 3874
965 297 1088 355 493

613 505 1438 561 D.Sciron.

316 633 561 698 ScironiS,
594 638 796 688 fabulae
829 637 1098 702 satyricae,
1145 644 1490 703 argumentum
1536 637 1871 689 abbreviatum

184 714 342 765 refert
375 717 600 781 Hyginus
637 735 678 767 c.
715 722 804 767 38:
870 717 1180 778 „Scironem‚
1219 720 1302 782 qui
1337 720 1398 768 ad
1432 734 1567 768 mare
1601 718 1713 768 loco
1748 736 1872 784 quo-

187 795 299 845 dam
335 806 604 864 praerupto
643 801 875 858 sedebat,
923 803 974 845 et
1020 798 1105 860 qui
1152 799 1245 846 iter
1291 800 1612 862 gradiebatur
1664 801 1874 864 cogebat

189 892 305 925 eum
339 879 434 926 sibi
470 881 626 943 pedes
664 881 840 937 lavare,
878 883 928 925 et
963 878 1034 926 ita
1068 878 1116 925 in
1151 894 1288 925 mare
1312 879 1681 943 praecipitabat.
1727 879 1875 928 Hunc

187 953 417 1006 Theseus
454 961 562 1023 pari
594 960 697 1008 leto
733 960 783 1006 in
817 973 953 1005 mare
988 957 1186 1014 deiecit,
1224 973 1286 1005 ex
1321 974 1416 1021 quo
1442 958 1662 1007 Scironis
1698 964 1875 1023 petrae

189 1043 302 1085 sunt
357 1036 567 1088 dictae.''
635 1039 760 1088 Cum
807 1040 982 1103 quibus
1028 1045 1305 1100 congruunt
1362 1054 1490 1101 quae
1535 1037 1800 1087 Pausanias
1835 1039 1875 1098 l,

189 1118 270 1177 44,
307 1121 417 1176 12.,
455 1120 746 1168 Plutarchus
792 1120 876 1168 vit.
914 1118 1071 1167 Thes.
1119 1135 1161 1167 c.
1197 1120 1307 1178 10.,
1343 1118 1550 1166 Diodor.
1584 1117 1671 1178 IV,
1709 1121 1787 1167 59.
1826 1125 1879 1167 et

190 1199 456 1247 scholiasta
473 1199 674 1264 Hippol.
694 1215 738 1250 v.
761 1203 872 1248 939.
901 1199 1143 1257 referunt,
1182 1198 1466 1261 adduntque
1491 1199 1794 1248 testudinem
1825 1199 1879 1247 in

190 1280 313 1326 mari
338 1278 510 1338 fuisse,
546 1296 674 1342 quae
697 1280 921 1327 deiectos
955 1280 1183 1344 hospites
1219 1280 1495 1327 devoraret.
1545 1277 1673 1326 Saxa
1708 1286 1877 1327 autem

189 1357 415 1407 Scironia
433 1360 667 1423 Megarae
687 1361 797 1408 urbi
818 1360 1125 1419 adiacebant,
1162 1366 1214 1407 et
1233 1358 1487 1407 ferebatur
1505 1374 1567 1407 ex
1585 1359 1766 1407 iisdem
1793 1359 1880 1407 Ino

192 1454 248 1487 se
291 1440 343 1487 in
388 1456 525 1487 mare
571 1440 962 1505 praecipitasse3
1021 1439 1086 1487 cf.
1135 1439 1290 1487 Solin.
1338 1455 1381 1487 c.
1431 1440 1523 1486 13:
1589 1438 1733 1503 „Cui
1766 1438 1881 1488 urbi

193 1534 310 1567 saxa
344 1519 564 1568 Scironia
601 1520 871 1585 propinqua
908 1526 1046 1579 sunt,
1097 1526 1330 1584 porrecta
1378 1534 1467 1567 sex
1511 1519 1727 1568 millibus
1762 1535 1881 1585 pas-

194 1614 367 1659 suum,
414 1600 476 1648 ob
525 1600 765 1648 honorem
814 1600 986 1648 ultoris
1032 1598 1222 1648 Thesei
1268 1606 1319 1647 et
1364 1600 1654 1647 memoriam
1703 1600 1882 1649 nobilis

193 1695 390 1743 pugnae
424 1681 497 1728 sic
532 1681 795 1728 nominata.
864 1681 941 1728 Ex
975 1681 1083 1728 istis
1119 1681 1323 1745 rupibus
1344 1680 1431 1727 Ino
1468 1696 1523 1728 se
1559 1696 1670 1728 cum
1703 1680 1880 1729 Palae-

191 1775 339 1807 mone
390 1759 495 1809 filio
542 1761 593 1809 in
638 1760 885 1825 profunda
927 1761 1253 1826 praecipitem
1303 1760 1518 1810 iaculata
1561 1760 1698 1810 auxit
1730 1761 1881 1810 maris

190 1840 445 1889 numina.”

326 1920 437 1970 Non
471 1922 634 1986 potuit
669 1923 926 1987 quisquam
961 1940 1053 1989 per
1085 1922 1242 1982 viam,
1297 1940 1423 1987 quae
1457 1924 1517 1973 ab
1552 1923 1737 1973 isthmo
1772 1922 1885 1972 Me-

192 2018 364 2065 garam
399 2009 546 2065 atque
580 2004 627 2050 iu
665 2005 879 2052 Atticam
914 2010 1120 2068 angusta
1156 2011 1206 2051 et
1239 2011 1506 2070 praerupta
1542 2006 1774 2062 ducebat,
1809 2004 1886 2053 in-

195 2083 380 2131 cedens
415 2083 674 2143 latronem,
709 2100 735 2130 a
765 2099 862 2148 quo
886 2084 1089 2131 obsessa
1108 2085 1386 2145 tenebatur,
1419 2086 1602 2145 vitare3
1641 2084 1887 2146 cf.Strab.

192 2160 279 2211 lx.
316 2178 366 2227 p.
401 2165 527 2210 2⁴10:
563 2158 898 2226 ὑπέρκεινται
929 2165 1023 2230 τῆς
1046 2158 1282 2231 Ἀττικῆς
1326 2162 1383 2213 αἱ
1411 2163 1764 2226 Σκειρωνίδες
1797 2159 1888 2213 πέ-

194 2258 344 2306 τραι,
389 2241 631 2306 πάροδον
688 2245 789 2294 οὐκ
843 2243 1209 2295 ἀπολιποῦσαι
1235 2245 1391 2308 ἱπρὸς
1439 2245 1707 2313 θαλάττῃ·
1753 2242 1889 2309 ὑπὲρ

197 2322 377 2373 αὐτῶν
412 2322 459 2373 δ’
497 2319 638 2372 ἐστὶν
687 2322 723 2389 ἦ
758 2322 880 2383 ὁδὸς
915 2323 950 2390 ἦ
986 2322 1069 2375 ἐπὶ
1104 2324 1379 2390 Μεγάρων
1412 2323 1502 2376 καὶ
1535 2330 1629 2394 τῆς
1655 2320 1889 2393 Ἀττικῆς

197 2401 302 2454 ἀπὸ
335 2407 435 2454 τοῦ
471 2402 697 2468 ἰσθμοῦ·
735 2401 874 2453 οὕτω
908 2402 965 2455 δὲ
1000 2405 1214 2469 σφόδρα
1235 2406 1502 2472 πλησιάζει
1526 2410 1641 2467 ταῖς
1674 2405 1892 2470 πέτραις

197 2483 234 2551 ἦ
267 2482 420 2544 ὁδός,
471 2480 597 2544 ὥςτε
641 2486 912 2550 πολλαχοῦ
962 2483 1051 2536 καὶ
1098 2485 1479 2552 παράκρημνός
1537 2486 1645 2538 ἐστι
1692 2486 1781 2538 διὰ
1828 2487 1889 2537 τὸ

198 2564 578 2630 ὑπερκείμενον
613 2566 739 2628 ὄρος
774 2565 1039 2630 δύςβατόν
1064 2584 1119 2617 τε
1146 2564 1234 2618 καὶ
1251 2566 1474 2633 ὑψηλόν.
1543 2569 1677 2634 Ergo
1712 2568 1764 2616 in
1797 2583 1891 2633 po-

199 2653 427 2697 testatem
454 2647 672 2695 Scironis
707 2641 989 2696 necessario
1023 2649 1384 2698 deveniendum
1404 2649 1503 2697 fuit
1523 2648 1741 2697 Theseo.
1790 2647 1893 2696 Sed

201 2729 244 2777 is
277 2743 377 2776 non
410 2728 577 2775 statim
614 2728 871 2782 interitum
907 2729 1172 2777 viatoribus
1209 2731 1430 2792 parabat,
1467 2744 1630 2791 neque
1656 2728 1892 2793 simplici-

175 2813 279 2857 ter
312 2825 370 2856 ac
405 2809 513 2856 siue
548 2808 760 2856 ludibrio
797 2807 1155 2868 interficiebat3
1200 2809 1367 2874 potius
1402 2814 1547 2857 antea
1580 2809 1797 2873 hospitio
1834 2824 1892 2856 ac

203 2889 428 2937 convivio
464 2895 702 2952 exceptos
738 2888 870 2936 laute
904 2889 1119 2937 habebat
1153 2887 1219 2952 ‘¹².)
1293 2891 1332 2936 A
1369 2889 1720 2937 comissatione
1755 2894 1893 2952 saty-

202 2983 287 3017 ros
326 2983 423 3016 non
449 2968 674 3016 abfuisse
711 2975 1098 3017 consentaneum
1131 2975 1224 3017 est.
1272 2969 1431 3018 Huius
1460 2975 1600 3017 actus
1620 2968 1894 3032 fragmenta

203 3049 448 3112 quaedam
481 3048 600 3096 satis
629 3048 836 3095 illustria
871 3053 1084 3098 exstant.
1154 3048 1227 3098 De
1251 3050 1593 3098 meretricibus
1621 3048 1896 3098 Corinthiis

206 3126 369 3177 facete
393 3129 616 3194 disputat
640 3127 771 3176 latro
798 3127 1107 3191 libidinosus,
1143 3129 1315 3180 dicens
1352 3130 1473 3179 alias
1513 3129 1706 3194 copiam
1728 3128 1896 3178 facere

264 3344 314 3399 ⁹⁶)
342 3345 467 3388 Mela
495 3347 554 3398 11,
583 3346 626 3401 3,
657 3345 766 3393 100:
824 3346 1062 3399 „Scironia
1093 3361 1223 3404 saxa,
1266 3361 1404 3391 saevo
1445 3346 1668 3403 quondam
1697 3343 1898 3388 Scironis

348 3415 610 3471 hospitio
654 3418 792 3461 ctiam
830 3432 943 3459 nunc
974 3418 1205 3462 infamia.''
1261 3419 1533 3462 Plutarchus
1562 3419 1594 3460 1.
1622 3417 1681 3458 L:
1724 3410 1897 3473 ὕβρει

350 3485 449 3529 καὶ
477 3489 673 3546 τρνφῇ
701 3491 1005 3548 προτείνοντα
1032 3487 1096 3533 wi
1128 3488 1245 3535 πόδε
1273 3493 1372 3541 τοῖς
1402 3487 1563 3543 ξένοις.
