2144 3854
1138 259 1218 316 76

354 406 523 468 Ennii,
576 420 672 469 quo
715 404 767 453 in
812 417 1003 452 summo
1049 402 1188 453 Pelio
1223 403 1517 455 constitutus
1567 403 1787 458 Phoenix
1818 416 2017 476 recepto

353 502 498 535 sensu
533 483 785 533 oculorum
817 488 1021 550 repente
1051 484 1100 533 in
1138 483 1246 535 loca
1278 485 1672 536 circumiacentia
1701 473 2018 557 prospexisse

352 567 784 614 commemoratur:
1844 571 1850 576 ·

477 642 612 705 „Ibi
658 648 788 692 tum
831 641 1197 710 derepente
1244 660 1321 692 ex·
1368 644 1507 694 alto
1554 647 1623 694 in
1667 647 1881 699 altum
1914 647 2015 698 de-

1163 725 1390 789 spexit
1424 723 1651 774 mare.'’

348 799 503 850 Simul
547 800 774 851 Chironis
821 802 1115 852 divinatione
1156 801 1413 852 Phoenicis
1464 805 1697 854 virtutem
1744 821 1774 854 a
1816 807 2018 857 crimine

347 880 599 930 liberatam
646 897 759 930 esse
802 888 1176 931 consentaneum
1223 891 1312 934 est.
1380 883 1609 934 Clausula
1657 889 1821 935 autem
1870 887 2016 938 huius

346 961 632 1009 narrationis
665 960 790 1009 haec
823 961 977 1011 fuisse
1009 961 1228 1010 videtur:

473 1035 719 1104 μέγιστον
751 1031 837 1104 ἆρ’
870 1033 939 1106 ἦν
969 1039 1005 1107 ἦ
1039 1039 1220 1105 φύσις·
1256 1038 1314 1090 τὸ
1347 1038 1449 1105 γὰρ
1481 1040 1650 1093 κακὸν

478 1116 650 1179 οὐδεὶς
679 1117 891 1185 τρέφων
923 1114 980 1171 εὖ
1014 1119 1242 1186 χρηστὸν
1276 1118 1343 1171 ἂν
1375 1119 1494 1187 θείη
1528 1120 1670 1173 ποτέ.

345 1198 728 1264 Relinquebatur
759 1202 1018 1266 Amyntori
1049 1203 1228 1252 orbitas
1262 1206 1407 1265 atque
1438 1203 1759 1267 poenitentia:

474 1271 516 1329 ὦ
547 1282 732 1348 γῆρας,
766 1273 885 1331 οἷον
914 1283 1026 1341 τοῖς
1058 1278 1269 1347 ἔχουσιν
1302 1274 1353 1331 εἴ
1380 1281 1560 1333 κακόν.

469 1437 610 1505 γυνή
641 1455 696 1490 τε
727 1439 942 1491 πάντων
974 1439 1301 1506 ἀγριώτατον
1333 1439 1514 1492 κακόν.

470 1519 692 1569 Sumtum
728 1537 756 1568 a
788 1521 967 1585 pellice
999 1521 1295 1584 supplicium
1330 1538 1442 1570 esse
1485 1521 1630 1586 plane
1673 1519 1794 1569 mihi
1841 1534 2013 1569 neces-

341 1599 520 1650 sarium
554 1615 665 1648 esse
709 1600 920 1648 videtur.
988 1599 1187 1662 Neque,
1233 1601 1346 1664 quin
1388 1600 1627 1662 Amyntor
1668 1602 1877 1647 mortem
1922 1598 2018 1649 sibi

340 1679 654 1737 consciverit,
690 1678 877 1739 dubito,
910 1679 1004 1728 nisi
1037 1679 1169 1728 forte
1203 1679 1285 1727 dei
1317 1678 1523 1727 alicuius
1547 1678 1823 1727 interventu
1849 1693 2013 1726 serva-

338 1764 417 1808 tus
452 1763 547 1818 est,
582 1758 664 1823 qui
697 1759 892 1823 quidem
926 1759 1073 1807 etiam
1107 1759 1170 1807 de
1201 1757 1489 1807 Alcimedae
1522 1752 1623 1806 vita
1655 1758 1819 1822 potuit
1840 1758 2014 1806 decer-

339 1854 471 1889 nere.
539 1837 639 1886 Sed
673 1837 736 1886 de
769 1837 866 1886 hoc
899 1844 1153 1903 postremo
1196 1837 1429 1886 dramatis
1461 1840 1576 1885 actu
1608 1836 1731 1886 nihil
1762 1836 2012 1902 proditum

340 1922 419 1967 est
450 1919 729 1967 memoriae.
1229 1962 1247 1988 ⁸
1399 1983 1402 1986 ἢ

468 1997 674 2047 Maximi
717 1997 954 2046 momenti
997 2002 1073 2047 est
1103 1997 1166 2046 ad
1199 1997 1565 2063 perspiciendas
1599 1995 1874 2046 fabularum
1906 1995 2011 2044 Eu-

336 2077 506 2143 ripidis
541 2093 738 2126 caussas
771 2078 1002 2138 narratio,
1038 2094 1160 2142 quae
1195 2080 1258 2128 de
1292 2079 1529 2126 daemone
1555 2076 1855 2140 Anagyrasio
1881 2075 2012 2141 apud

338 2157 540 2208 Suidam
587 2158 706 2206 etin
742 2158 847 2206 cod.
885 2157 1080 2206 Coislin.
1117 2174 1194 2222 ap.
1226 2157 1383 2207 Gaisf.
1418 2156 1563 2205 Prov.
1590 2173 1641 2221 p.
1676 2156 1789 2207 123.
1823 2155 2012 2204 inveni-

336 2243 433 2288 tur.
502 2236 757 2301 Anagyrus
792 2252 943 2301 pagus
978 2244 1084 2286 erat
1117 2239 1274 2287 tribus
1307 2236 1647 2296 Erechtheae,
1691 2235 1742 2282 in
1776 2251 1872 2298 quo
1906 2239 2013 2284 erat

335 2318 475 2366 lucus
509 2331 690 2378 araque
723 2315 950 2365 daemoni
983 2318 1283 2381 Anagyrasio
1314 2332 1469 2365 sacer.
1536 2314 1646 2364 Hoc
1666 2315 1834 2363 fanum
1861 2329 2012 2378 quum

337 2412 490 2446 senex
524 2395 721 2459 quidam
755 2394 1001 2455 violasset,
1035 2396 1179 2445 heros
1215 2397 1318 2444 sive
1351 2395 1558 2444 daemon
1593 2394 1789 2454 effecit,
1822 2397 1878 2442 ut
1904 2394 2010 2458 pel-

335 2477 417 2525 lex
450 2475 583 2524 senis
618 2474 771 2523 filium
808 2474 1029 2524 eiusdem
1062 2476 1327 2540 impotenti
1360 2491 1525 2523 amore
1559 2474 1825 2538 deperiret.
1873 2473 2012 2536 Quae

335 2571 484 2620 quum
519 2553 884 2603 adolescentem
919 2554 980 2602 ad
1013 2554 1310 2603 voluntatem
1345 2571 1483 2603 suam
1506 2570 1603 2603 non
1629 2554 1872 2618 potuisset
1896 2546 2010 2617 per-

335 2636 536 2693 ducere,
570 2635 728 2699 stupri
773 2634 996 2683 intentati
1038 2650 1150 2683 eum
1193 2635 1447 2683 criminata
1496 2639 1576 2683 est
1621 2632 1751 2697 apud
1797 2614 2007 2696 patrem.

333 2716 381 2764 Is
417 2732 529 2764 eum
563 2714 769 2779 privavit
802 2714 955 2761 oculis
991 2720 1340 2778 caecatumque
1371 2715 1419 2763 in
1439 2713 1592 2762 insula
1615 2711 1843 2775 exposuit
1863 2726 2010 2776 parva

334 2795 606 2858 sterilique.
688 2792 879 2841 Deinde
921 2793 1255 2856 indignatione
1301 2793 1609 2858 popularium
1651 2790 2010 2854 ignominiaque

334 2879 535 2924 coactus
571 2889 738 2930 senex,
774 2873 921 2920 domo
955 2874 1169 2934 incensa,
1203 2888 1314 2921 cum
1349 2872 1572 2921 omnibus
1605 2870 1746 2919 boni·
1782 2885 1839 2919 se
1873 2886 2008 2919 com-

332 2954 519 3014 bussit,
565 2952 730 3017 pellex
773 2953 822 2999 in
867 2957 1072 3016 puteum
1118 2968 1172 3001 se
1206 2951 1555 3017 praecipitavit.
1622 2939 1777 2999 Addit*
1805 2949 2008 2999 Suidas:

334 3031 533 3096 ἱστορεῖ
564 3029 620 3081 δὲ
644 3023 955 3095 Ἱερώνυμος
988 3027 1047 3081 ἐν
1079 3036 1151 3097 τῷ
1192 3028 1312 3094 περὶ
1354 3028 1792 3096 τραγῳδοποιῶν,
1834 3027 2007 3080 ἄπει-

333 3111 553 3175 κοὲζων
586 3110 848 3170 τούτοις
879 3109 999 3162 τὸν
1031 3105 1421 3177 Εὐριπίδου
1461 3109 1767 3161 Φοίνικα.
1840 3108 2007 3161 Verba

334 3193 623 3257 Hieronymi
656 3192 779 3240 haec
811 3191 1011 3241 fuerunt
1045 3191 1180 3258 (vide
1223 3191 1434 3241 eundem
1469 3209 1510 3240 s·
1543 3207 1588 3242 V.
1623 3187 1880 3255 ἐναύειν);
1924 3185 2006 3239 ἐν·

334 3275 526 3323 τεῦθεν
572 3266 870 3336 Εὐριπίδης
914 3268 1266 3338 ἐναυσάμενος
1309 3270 1404 3321 τὸν
1450 3270 1613 3337 λόγον
1658 3268 1864 3321 ἅπαντα
1895 3262 2007 3320 εἶτα

314 3351 563 3419 (μέντοι)
600 3356 673 3417 τῷ
710 3349 919 3403 Φοίνικι
963 3353 1274 3419 περιτίθησι.
1339 3351 1498 3401 Recte
1532 3352 1647 3416 quin
1674 3351 2006 3415 Hieronymus

333 3432 641 3492 iudicaverit,
674 3447 772 3484 non
803 3437 882 3483 est
914 3433 1250 3487 dubitandum.
1316 3432 1604 3498 Intelligitur
1633 3436 1798 3481 autem
1820 3445 1882 3480 ex
1910 3430 2007 3479 hoc
