2144 3854
910 270 1032 329 2⁰7

130 425 293 470 matus
327 419 625 479 intervenit,
669 417 948 485 Telephum
961 453 977 478 .,
1012 432 1160 480 quem
1194 415 1243 466 in
1277 414 1477 466 domum
1509 415 1644 482 regis
1677 416 1804 465 clam

129 502 391 567 irrepsisse
422 500 635 562 audivit,
667 504 724 548 ut
756 499 949 547 hostem
987 496 1183 545 Graeco
1216 497 1397 546 nomini
1431 496 1805 546 infestissimum

132 582 444 644 eundemque
490 581 850 646 speculatorem
899 576 1284 642 perfidissimum
1317 578 1565 644 extemplo
1598 577 1806 628 interfe-

133 667 303 710 cturus
316 658 365 724 ²⁸¹)
383 677 398 709 ε
1335 663 1338 667 “

265 739 442 799 κακῶς
473 739 632 790 ὄλοιτ’
665 738 751 798 ἄν,
784 734 935 799 ἄξιον
966 735 1070 802 γὰρ
1095 727 1323 788 Ἑλλάδι.

262 820 427 883 „Qui
457 820 650 869 illam
694 818 759 867 di
793 818 1096 885 deaeque
1139 834 1373 883 magno
1405 819 1805 868 mactassint

957 916 1007 947 m
1022 914 1054 947 a
1069 898 1162 947 lo''
1182 895 1278 964 Μ)

135 979 285 1028 cuius
319 978 459 1029 furor
492 995 604 1028 cum
623 970 698 1027 ‘ab
733 979 1105 1044 Agamemnone
1139 994 1398 1044 repressus
1434 982 1568 1026 esset
1602 1005 1665 1016 -

264 1054 378 1123 ὥρα
412 1069 468 1108 σε
498 1060 685 1123 θυμοῦ
717 1058 1001 1123 κρείσσονα
1033 1057 1253 1124 γνώμην
1285 1054 1420 1122 ἔχειν
1452 1083 1518 1093 -—

131 1138 385 1204 Telephus
418 1139 545 1204 ipse,
578 1157 797 1190 caussam
834 1141 1056 1189 dicturus
1071 1178 1084 1196 ,
1119 1142 1167 1188 iu
1201 1139 1419 1188 medium
1453 1138 1664 1205 prodiit:

262 1218 335 1285 μή
367 1236 461 1284 μοι
493 1219 812 1286 φθονήσητ’,
845 1219 1038 1285 ἄνδρες
1059 1212 1331 1286 Ἑλλήνων
1363 1220 1535 1284 ἄκροι,

261 1298 306 1351 εἰ
337 1299 543 1366 πτωχὸς
576 1298 654 1351 ὢν
684 1299 880 1367 ‘retina'
919 1299 978 1352 ἐν
1009 1299 1281 1352 ἐσθλοῖσιν
1311 1299 1496 1367 λέγειν.

265 1380 535 1444 „Palam
567 1384 818 1433 mutire
844 1383 1111 1451 plebeio
1147 1389 1246 1432 est
1278 1382 1568 1449 piacula
1584 1378 1670 1430 m''
1686 1380 1809 1443 ἳῖἷΜ).

133 1460 294 1510 Altius
336 1469 572 1528 repetens
617 1464 831 1529 primum
842 1502 857 1527 ,
905 1480 1083 1514 caussa
1126 1463 1247 1514 belli
1291 1479 1435 1528 quam
1477 1463 1601 1512 levis
1643 1461 1811 1522 fuerit,

134 1543 350 1591 ostendit
381 1571 449 1579 -—-

268 1621 405 1684 „Qu
423 1630 652 1673 antam
717 1623 1063 1690 Tyndareo
1123 1629 1334 1690 gnata
1388 1631 1452 1673 et
1509 1621 1814 1673 Menelai

994 1704 1217 1754 domas

274 1781 517 1833 Molem
606 1785 944 1834 excitarit
1017 1785 1192 1834 belli
1254 1790 1408 1850 past
1425 1801 1577 1852 orqa
1594 1801 1623 1832 e
1690 1782 1811 1832 Ili·-

994 1881 1030 1913 u
1041 1867 1098 1913 δ”
1123 1863 1277 1932 =·.==:==:==:=),
1311 1892 1376 1900 —

137 1947 242 1991 tum
278 1949 487 2007 quantus
521 1944 661 1993 furor
695 1945 998 1994 Graecorum
1016 1961 1032 1993 ι

269 2023 395 2081 „Et
432 2025 683 2074 civitat
700 2041 792 2074 em
825 2041 855 2074 v
872 2024 1026 2074 ideo
1048 2024 1265 2091 Argiv
1282 2041 1378 2074 am
1403 2023 1813 2085 incendier,’'

265 2183 478 2246 „Aere
514 2186 1265 2252 atqueferrofervere,
1313 2186 1493 2252 igni,
1527 2185 1813 2249 insigni-

992 2268 1105 2316 bus

270 2343 694 2411 Florere''†).

137 2423 233 2486 Qui
267 2439 435 2486 quum,
470 2440 621 2473 coeco
655 2425 842 2491 impetu
866 2426 916 2475 in
941 2442 1079 2476 suam
1101 2431 1284 2476 terram
1312 2425 1465 2486 facto,
1501 2427 1659 2475 omnia
1679 2426 1816 2476 ferro

139 2503 334 2567 ignique
367 2508 616 2553 vastarent
649 2531 715 2542 -—-

250 2696 254 2700 '
279 2694 413 2747 atque
442 2690 588 2733 amice
617 2690 811 2747 hospitio
834 2694 1040 2746 receptos
1068 2691 1342 2746 donatosque
1369 2691 1650 2744 muneribus,
1682 2706 1817 2747 quum

283 2763 570 2804 commodum
598 2762 706 2818 ipsis
735 2762 975 2815 videretur,
1007 2762 1277 2804 remittere.”

211 2834 254 2888 *)
282 2833 471 2876 Achillis
499 2846 736 2888 personam
762 2833 808 2874 in
837 2832 1118 2876 Lamachum
1136 2832 1327 2876 mutavit
1342 2832 1677 2888 Aristophanes,
1702 2834 1818 2876 haec

277 2904 323 2946 in
350 2905 543 2947 Acharn.
574 2919 619 2946 v.
650 2903 748 2946 570.
777 2902 969 2946 imitans.

191 2974 254 3028 *')
285 2975 419 3018 Ennii
449 2975 615 3030 fragm.
645 2988 688 3015 n.
717 2973 760 3016 6.

141 3044 250 3098 ***)
280 3044 410 3086 Ennii
437 3044 604 3100 fragm.
637 3059 680 3086 n.
709 3042 753 3085 4.

139 3114 255 3170 ****)
283 3115 391 3158 Attii
419 3114 587 3171 fragm.
617 3129 659 3156 n.
690 3114 760 3156 13.
817 3112 909 3155 Pro
935 3114 1112 3156 Helena
1138 3113 1482 3170 Aristophanes,
1519 3115 1638 3157 hanc
1678 3115 1816 3158 Tele-

279 3185 360 3241 phi
402 3186 646 3228 orationem
685 3198 765 3240 per
797 3183 997 3241 singulas
1032 3188 1182 3239 partes
1210 3199 1494 3240 persequens,
1538 3185 1817 3229 Simaetham

278 3256 429 3311 posuit
458 3256 755 3307 meretricem,
783 3254 979 3297 Acharn.
1009 3270 1055 3298 v.
1082 3252 1182 3297 524.

207 3325 258 3379 †)
287 3326 416 3368 Ennii
445 3326 612 3383 fragm.
640 3341 682 3368 n.
711 3325 755 3367 2.
812 3325 922 3368 Attii
942 3308 1119 3382 ⁴fragm.
1152 3339 1193 3367 u.
1225 3323 1296 3368 ll.
1353 3325 1579 3380 Euripidis
1608 3325 1750 3367 verba
1771 3324 1817 3367 in

279 3396 405 3438 hisce
433 3395 744 3452 Aristophanis
769 3397 912 3439 latere
939 3395 1163 3452 suspicor:
1191 3390 1450 3439 κάντεῦθεν
1468 3392 1582 3452 ἀρχὴ
1613 3396 1698 3439 τοῦ
1727 3410 1818 3439 πο·-

280 3462 418 3519 λὲμον
439 3466 692 3525 κατεῤῥοὶγη
702 3465 798 3510 sive
810 3465 1067 3512 κάντεῦθεν
1086 3464 1175 3523 ἤδη
1194 3465 1400 3522 πάταγος
1415 3456 1477 3522 ἦν
1489 3466 1580 3510 ταῖν
1594 3462 1815 3511 ἀσπίδων.
