2144 3854
984 311 988 315 .
1071 267 1194 325 238

308 414 695 481 Congredientes
741 411 918 462 deinde
950 412 1001 462 in
1034 418 1282 463 certamen
1315 413 1442 463 alter
1473 413 1889 480 magniloquentia
1916 422 1972 468 et

303 500 568 562 praerupta
600 494 860 542 verborum
893 492 1126 551 audacia,
1171 498 1278 542 tum
1324 510 1486 543 rerum
1520 495 1829 558 pondereet
1858 510 1970 561 gra·

304 577 457 624 vitate
504 573 839 621 adversarium
884 572 1142 636 percellit,
1201 574 1326 621 alter
1373 575 1626 636 acumine,
1679 575 1972 635 subtilitate,

302 654 601 713 calliditate,
656 653 858 718 argutiis
905 653 1001 702 vim
1049 653 1303 717 minasque
1337 653 1492 702 eludit
1525 657 1593 713 (v.
1627 654 1973 719 818--829.),

302 734 392 782 sed
428 738 676 797 postremo
711 748 799 780 suo
834 733 986 796 ipsius
1021 733 1182 796 gladio
1216 734 1370 781 instar
1394 715 1674 783 Palamedis
1699 734 1972 798 iugulatur,

301 813 632 877 respondente
677 812 872 861 Baccho
918 812 1170 861 diffamata
1213 814 1293 861 illa
1335 810 1370 878 ἦ
1401 812 1596 877 γλῶσσ’
1630 811 1876 877 ὀμώμοκε
1921 821 1975 864 et

300 890 352 942 τί
385 891 431 942 δ’
466 890 698 957 αἰσχρόν,
732 889 800 957 ἢν
833 890 904 958 μὴ
938 894 1074 942 τοῖσι
1106 892 1393 958 θεωμένοις
1428 892 1589 959 δοκῇς
1626 902 1676 944 et
1698 893 1776 954 τίς
1809 888 1973 955 οἶδεν,

302 970 348 1023 εἰ
378 969 438 1023 τὸ
474 973 568 1038 ζῆν
601 969 698 1036 μέν
730 967 837 1021 ἐστι
869 975 1188 1033 κατθανεῖνς
1241 974 1541 1038 Principium
1577 979 1741 1024 autem
1775 980 1827 1024 et
1859 975 1972 1025 fon-

300 1059 403 1103 tem
454 1053 813 1116 depravationis
859 1059 962 1102 tum
1010 1069 1200 1102 morum
1245 1060 1351 1103 tum
1394 1070 1604 1119 poeseos
1639 1055 1973 1118 quaerendum

301 1149 415 1182 esse
450 1133 499 1181 in
532 1133 840 1197 philosophia
874 1133 978 1181 sive
1011 1133 1059 1182 in
1093 1134 1354 1183 Socraticis
1403 1135 1587 1183 chartis
1642 1135 1829 1184 iudicat
1861 1135 1973 1187 Ari·

300 1213 566 1276 stophanes
600 1213 789 1273 iisdem,
825 1229 944 1275 quas
983 1219 1120 1262 recte
1156 1214 1401 1263 scribendi
1432 1215 1688 1280 magistras
1711 1231 1822 1264 esse
1846 1215 1975 1264 dixit

299 1292 550 1342 Horatius.
619 1291 954 1341 Damnandum
989 1308 1102 1341 esse
1133 1293 1520 1343 illiusiudicium
1547 1295 1974 1360 spernendamque

299 1375 595 1422 sententiam
629 1372 779 1420 hodie
815 1373 990 1435 quivis,
1042 1375 1124 1436 qui
1157 1373 1234 1422 vel
1267 1375 1581 1423 mediocriter
1607 1375 1751 1439 sapit,
1786 1374 1971 1424 intelli-

299 1453 399 1519 git:
452 1452 662 1502 absolvit
694 1453 821 1500 enim
871 1452 1124 1502 Socratem
1158 1457 1210 1501 et
1244 1455 1578 1515 comprobavit
1610 1454 1972 1519 philosophiam

301 1533 407 1582 eius
442 1531 745 1580 saeculorum
781 1534 992 1581 omnium
1027 1534 1318 1598 posteritas:
1354 1549 1515 1598 neque
1548 1534 1695 1583 huius
1715 1549 1886 1583 caussa
1911 1533 1971 1584 ab

299 1611 553 1677 Euripidis
589 1613 838 1675 segregari
873 1618 1052 1676 potest,
1086 1629 1247 1677 neque
1281 1614 1636 1678 Aristophanes
1669 1614 1779 1678 ipse
1803 1628 1972 1677 segre-

298 1692 403 1757 gari
437 1708 544 1740 eam
579 1693 749 1751 voluit,
786 1699 838 1740 et
870 1693 1017 1742 huius
1051 1709 1147 1742 non
1181 1693 1342 1742 minus
1379 1710 1520 1756 quam
1555 1694 1685 1742 illius
1712 1709 1971 1758 personam

298 1773 438 1821 falsis
471 1772 889 1821 criminationibus
924 1774 1156 1838 turpavit.
1224 1772 1438 1822 Miseret
1470 1788 1558 1822 nos
1595 1774 1825 1822 stultitiae
1861 1773 1971 1823 Ari-

299 1852 583 1916 stophaniS,
631 1852 673 1900 si
726 1852 1048 1901 eruditionem
1095 1853 1468 1902 Atheniensium
1516 1854 1800 1917 mutumque
1831 1854 1971 1919 inge-

299 1932 519 1992 niorum,
554 1947 616 1980 ex
651 1947 746 1996 quo
781 1947 970 1980 summa
1003 1933 1242 1983 beneficia
1276 1934 1338 1981 ad
1373 1933 1653 1982 universum
1687 1948 1840 1998 genus
1874 1932 1969 1981 hu-

297 2028 492 2061 manum
526 2017 957 2077 permanaverunt,
1001 2028 1147 2076 quem
1183 2016 1234 2060 et
1269 2011 1476 2060 Romani
1507 2013 1718 2061 victores
1753 2016 1803 2061 et
1837 2012 1968 2060 chri-

298 2092 441 2140 stiani
472 2092 662 2148 hostes,
698 2108 846 2155 quum
879 2092 1089 2154 reliquas
1123 2091 1294 2139 laudes
1329 2107 1497 2139 omnes
1533 2093 1845 2149 damnarent,
1882 2091 1968 2139 ad-

298 2171 462 2219 mirati
495 2176 624 2228 sunt,
660 2171 767 2219 sine
801 2186 896 2234 quo
929 2171 1079 2219 hodie
1115 2170 1333 2219 Graecos
1367 2186 1463 2220 non
1497 2171 1652 2236 pluris
1687 2187 1830 2235 quam
1868 2171 1968 2220 Ae-

296 2251 490 2315 gyptios
526 2249 603 2298 vel
635 2250 810 2299 Persas
846 2249 1152 2309 faceremus,
1205 2251 1364 2307 hunc,
1399 2252 1611 2313 inquam,
1648 2251 1689 2298 si
1722 2250 1968 2315 improba-

296 2330 368 2378 vit
399 2345 456 2378 ac
489 2335 716 2394 tanquam
749 2331 1076 2396 improbitatis
1114 2331 1459 2394 nequitiaeque
1494 2346 1718 2380 caussam
1766 2330 1968 2379 damna-

297 2409 384 2469 vit,
420 2409 461 2457 si
495 2409 663 2459 Meliti
697 2411 946 2475 Anytique
981 2412 1278 2460 accusationi
1310 2426 1489 2459 nomen
1523 2410 1834 2475 subscripsit,
1868 2410 1969 2458 sci-

295 2489 415 2538 licet
447 2489 764 2538 vehementer
799 2491 974 2554 dignus
1009 2496 1113 2551 est,
1164 2491 1302 2539 cuius
1347 2490 1580 2538 iudicium
1634 2506 1724 2538 nos
1758 2490 1968 2543 admire-

295 2585 420 2629 mur,
457 2569 540 2632 qui
574 2570 732 2618 lucem
767 2571 985 2619 veritatis
1018 2571 1316 2635 posthabitis
1350 2570 1499 2618 rebus
1526 2570 1748 2619 omnibus
1773 2585 1862 2619 nos
1890 2584 1969 2617 se-

296 2649 379 2711 qui
428 2644 724 2712 gloriemur!
812 2649 1182 2700 Resutationem
1231 2650 1573 2714 Aristophanis
1622 2650 1705 2725 qui
1760 2648 1968 2712 quaerit,

294 2726 502 2776 Periclis
537 2729 807 2778 orationem
839 2730 1097 2780 funebrem
1126 2731 1285 2790 adeat,
1321 2746 1415 2793 qua
1438 2732 1598 2792 neqoe
1629 2729 1970 2793 philosophiae

296 2808 514 2856 studium
551 2807 831 2858 fortitudini
867 2811 1236 2859 Atheniensium
1259 2825 1418 2872 neque
1451 2809 1754 2872 ingeniorum
1781 2808 1967 2856 cultum

295 2887 635 2936 exercitationi
669 2905 929 2953 corporum
954 2890 1177 2939 obfuisse
1209 2887 1502 2938 ostenditur.
1571 2887 1672 2935 Sed
1705 2888 1836 2936 enim
1871 2902 1967 2936 non

296 2971 372 3015 est
400 2982 522 3032 opus
551 2966 721 3016 alienis
748 2970 987 3019 testibus:
1023 2968 1316 3019 contradicit
1339 2967 1432 3017 sibi
1455 2967 1812 3032 Aristophanes
1841 2967 1966 3032 ipse,

295 3061 388 3095 nec
432 3046 595 3094 minus
632 3048 810 3096 acriter
841 3050 1033 3112 priscos
1067 3065 1232 3098 mores
1267 3053 1318 3097 et
1350 3044 1826 3112 μαραθωνομάχων
1855 3045 1966 3094 illo-

298 3141 406 3174 rum
438 3126 663 3190 ineptias,
700 3129 1055 3191 morositatem,
1090 3130 1427 3187 rusticitatem,
1461 3126 1847 3191 gloriositatem,
1884 3141 1965 3174 su-

294 3205 667 3269 perstitionem,
715 3207 885 3257 sordes
931 3209 982 3257 in
1029 3198 1256 3274 Vespis,'
1295 3223 1438 3271 quam
1483 3206 1598 3254 vitia
1639 3206 1883 3254 iuniorum
1915 3205 1966 3253 in

293 3283 516 3335 Nubibus
549 3286 853 3350 perstringit,
887 3304 1048 3352 neque
1081 3289 1275 3338 omnino
1309 3292 1492 3335 certam
1526 3285 1736 3349 aliquam
1762 3289 1960 3334 senten-

294 3363 415 3414 tiam
449 3366 610 3424 tueri,
663 3365 752 3414 sed
785 3368 941 3418 risum
973 3385 1172 3419 movere
1204 3383 1263 3416 ac
1294 3365 1544 3415 delectare
1576 3364 1683 3414 vult
1696 3366 1763 3426 ²¹²).
1832 3362 1962 3412 Con·

351 3476 400 3531 ⁹⁵)
429 3477 528 3519 Non
555 3477 950 3535 vituperationem,
999 3482 1078 3524 sed
1105 3481 1245 3523 risum
1279 3477 1405 3533 sequi
1452 3477 1643 3521 comicos
1681 3469 1758 3532 (οὖ
1799 3472 1961 3529 ψόγον,

434 3544 548 3591 ἁλλὰ
575 3546 628 3594 τὸ
657 3553 855 3607 γελοῖον)
887 3565 987 3596 cum
1018 3551 1096 3596 alii
1134 3555 1228 3595 tum
1264 3549 1523 3595 Aristoteles
1552 3550 1682 3591 docet
1707 3547 1832 3592 Poet.
1852 3543 1897 3598 4,
1917 3543 1960 3586 9.
