2176 3874
1118 266 1242 357 ‹ios
1325 388 1328 391 .

353 465 465 502 esse
498 450 719 499 morbum
752 446 1030 496 censuisse:
1081 446 1263 495 nullam
1306 443 1435 494 enim
1482 444 1633 493 fidem
1668 460 1782 494 esse
1811 444 2022 510 linguae,

352 546 478 596 quae
509 528 665 577 aliena
701 525 900 591 quidem
934 525 1050 574 vitia
1083 526 1270 590 optime
1304 539 1527 589 arguere,
1561 523 1777 588 propriis
1793 538 1891 574 non
1914 541 2022 577 me-

350 608 538 667 delam,
573 607 662 655 sed
707 606 1041 655 accessionem
1074 622 1253 672 parare
1295 603 1470 653 soleat.
1549 600 1830 653 Curandum
1873 605 2024 669 igitur

349 701 479 746 esse,
513 690 568 734 ut
600 690 800 750 pateant
830 686 1063 746 honesta,
1097 685 1318 734 celentur
1350 684 1527 747 turpia.
1596 682 1784 732 Deinde
1818 699 1874 733 se
1896 691 2020 750 ‘per-

347 765 676 815 turbationem
710 765 856 813 animi
889 765 1206 835 meditatione
1241 770 1290 813 et
1323 763 1650 826 temperantia
1684 763 1882 812 vincere
1915 770 2022 815 stu-

347 845 532 896 duisse.
600 844 835 908 Denique,
869 849 1124 908 postquam
1161 844 1238 893 his
1272 843 1391 892 nihil
1424 842 1712 907 profecerit,
1744 843 1873 892 mori
1905 858 2022 893 con-

346 924 585 976 stituisse.
653 925 796 973 Stare
842 924 1165 972 sententiam:
1219 928 1419 987 turpem
1478 923 1606 971 enim
1652 938 1744 987 per
1790 937 1847 972 se
1892 921 2023 972 h'unc

346 1003 572 1053 morbum
617 1019 730 1053 esse
774 1010 824 1051 et
877 1003 1111 1050 uxoribus
1156 1003 1335 1051 merito
1377 1002 1587 1050 maxime
1632 1001 1894 1063 infamem,
1940 1002 2024 1050 di·—

345 1098 588 1149 gnamque
612 1082 785 1144 fuisse,
822 1098 944 1146 quae
972 1081 1247 1130 miserrime
1263 1082 1466 1146 periret,
1503 1095 1824 1146 quaecunque
1839 1081 2022 1131 femina

345 1161 523 1212 nobilis
567 1163 728 1227 prima
771 1163 962 1226 polluto
1010 1165 1118 1208 toro
1164 1160 1422 1226 coniugiali
1478 1159 1680 1209 foedum
1740 1161 2019 1225 exemplum

346 1241 662 1307 proposuerit
693 1241 1057 1292 humilioribus,
1125 1241 1278 1290 Malle
1328 1257 1383 1289 se
1415 1240 1609 1304 perire,
1658 1255 1803 1303 quam
1848 1241 2023 1306 flagitii

346 1320 440 1369 sibi
474 1320 718 1369 consciam
751 1325 990 1384 perpetuo
1024 1335 1088 1369 ne
1122 1325 1351 1384 arguatur
1384 1319 1562 1368 timere
1596 1324 1649 1368 et
1697 1320 1926 1369 maritum
1961 1321 2022 1369 li-

345 1398 589 1462 berosque
636 1399 965 1448 dedecoraret
1021 1400 1267 1449 debilitari
1314 1399 1440 1447 enim
1492 1399 1704 1446 animum
1751 1398 2020 1449 liberorum

343 1477 660 1543 imminuique
722 1479 1074 1544 ingenuitatem
1139 1477 1437 1528 conscientia
1497 1478 1706 1526 materni
1765 1479 2021 1541 pater-nive

343 1556 533 1622 flagitii.
649 1561 656 1567 '
1345 1548 1350 1552 ⁶

474 1637 614 1686 Haec
659 1637 961 1698 rectissime,
1012 1638 1299 1697 verissime,
1355 1635 1722 1701 sapientissime
1778 1635 2022 1702 planeque

343 1715 750 1782 philosophorum
797 1717 1074 1782 praeceptis
1131 1717 1476 1766 convenienter
1533 1714 1785 1779 disputata
1843 1717 2022 1781 probat

345 1796 633 1845 scholiastes
667 1797 744 1844 his
768 1796 960 1845 verbis:
996 1796 1241 1855 πιθανῶς
1265 1792 1323 1846 δὲ
1347 1793 1438 1845 καὶ
1459 1790 1519 1845 τὸ
1541 1791 1712 1860 ἠρέμα
1734 1795 2019 1860 νοσηλευο-

342 1872 510 1940 μένην
538 1873 705 1940 αὐτὴν
723 1872 1074 1939 ἐνθυμεῖσθαι
1091 1879 1311 1927 τοιαῦτα
1326 1892 1338 1904 ·
1373 1874 1488 1925 τότε
1508 1873 1610 1940 γὰρ
1629 1874 2021 1940 γνωμικώτερυι

341 1955 619 2021 γινόμεθα,
643 1958 736 2023 τῆς
760 1955 970 2019 φύσεως
987 1955 1123 2022 ἡμᾶς
1137 1955 1225 2007 διὰ
1241 1959 1340 2006 τοῦ
1357 1955 1572 2015 πάθους
1589 1951 2018 2022 ἐκπαιδευούσης.

344 2035 519 2100 Neque
553 2036 799 2100 quomodo
834 2036 1130 2101 reprehendi
1162 2037 1353 2100 possint
1381 2036 1554 2092 video,
1604 2036 1696 2084 nisi
1742 2036 1851 2100 quis
1883 2036 2019 2085 forte

341 2115 630 2164 incredibile
663 2131 777 2164 esse
811 2116 958 2164 ducat
999 2120 1207 2163 mortem
1251 2114 1540 2179 turpitudini
1591 2114 1650 2161 ab
1698 2115 1798 2163 ulla
1832 2115 2018 2163 femina

344 2198 535 2242 amante
568 2182 816 2257 anteponi.
885 2193 1036 2243 Certe
1070 2200 1278 2258 possunt
1311 2194 1511 2264 eadem,
1558 2209 1685 2256 quae
1733 2194 1826 2243 viri
1869 2194 2018 2243 otiosi

344 2273 701 2338 excogitarunt,
737 2289 763 2321 a
796 2273 998 2332 femina,
1036 2288 1180 2336 quam
1202 2274 1343 2322 dolor
1368 2280 1551 2340 pungat
1576 2289 1736 2338 neque
1761 2274 2016 2336 quiescere

343 2352 495 2411 sinat,
530 2352 764 2400 inveniri:
811 2352 1132 2400 calliditatem
1182 2353 1310 2401 enim
1346 2355 1492 2402 affert
1525 2353 1842 2410 sollicitudo,
1890 2352 2016 2401 mul-

341 2437 488 2495 taque
522 2431 686 2479 animo
718 2431 967 2480 volventes
1000 2434 1192 2479 tentare
1227 2433 1390 2481 omnia
1425 2435 1561 2498 prius
1597 2433 1757 2482 solent
1775 2432 2016 2493 homines,

343 2527 487 2574 quam
523 2516 745 2559 extrema
779 2512 942 2561 subire
976 2510 1288 2559 constituant.
1926 2527 1927 2530 ¹

472 2589 582 2637 Non
617 2590 849 2640 debuisse
883 2590 1160 2638 Phaedram
1195 2591 1371 2640 nutrici
1416 2590 1712 2655 supplicanti
1752 2590 2015 2655 gratificari

341 2669 507 2718 statim
539 2668 842 2735 intelligitur.
908 2669 1048 2719 Haec
1082 2670 1210 2718 enim
1245 2671 1444 2730 mulier,
1499 2687 1611 2719 cum
1658 2670 1824 2718 vivere
1856 2670 2014 2717 domi-

339 2764 451 2799 nam
484 2763 623 2797 more
654 2751 898 2798 nutricum
933 2750 1144 2813 primum
1179 2765 1294 2798 esse
1329 2750 1475 2798 ducat
1506 2766 1669 2813 neque
1719 2749 1831 2797 fieri
1865 2764 2015 2812 posse

340 2827 541 2884 credat,
574 2832 660 2887 ut,
694 2829 937 2878 moriente
968 2829 1079 2890 illa,
1112 2831 1220 2893 ipsa
1254 2833 1503 2894 superstes
1539 2829 1627 2888 sit,
1674 2843 1872 2877 servare
1903 2842 2014 2876 eam

341 2907 474 2955 omni
499 2907 705 2967 ratione,
730 2909 876 2956 etiam
903 2908 1119 2970 invitam,
1156 2909 1420 2958 constituit.
1487 2906 1685 2956 Tribuit
1707 2912 1869 2956 autem
1896 2906 2014 2955 huic

340 3001 534 3050 quoque
580 2992 731 3050 poeta
775 2987 1158 3052 disputationem
1204 2989 1324 3038 satis
1379 2987 1610 3037 subtilem
1657 2993 1803 3050 atque
1849 2985 2010 3049 philo-

341 3064 625 3129 sophicam,
674 3066 811 3114 cuius
861 3083 1049 3115 summa
1092 3069 1218 3118 haec
1253 3074 1357 3128 est,
1404 3082 1501 3115 non
1548 3066 1731 3115 debere
1763 3065 2010 3125 mortaleS‚

341 3146 567 3208 quoniam
601 3160 760 3208 neque
794 3147 1067 3210 perfectam
1117 3149 1402 3213 sapientiam
1448 3147 1642 3210 assequi
1689 3160 1849 3208 neque
1882 3144 2009 3193 vitiis

340 3224 565 3274 omnibus
599 3224 738 3273 liberi
773 3241 885 3274 esse
918 3227 1137 3289 possint,
1170 3228 1366 3276 nimiam
1400 3242 1589 3274 morum
1625 3225 1898 3273 castitatem
1932 3223 2008 3272 af-

340 3303 559 3364 fectare,
609 3304 698 3353 sed
744 3306 988 3354 sustinere
1031 3322 1087 3355 se
1121 3307 1353 3355 obnoxios
1389 3321 1501 3354 esse
1534 3306 1711 3353 mentis
1746 3303 2006 3368 perturba-

341 3383 557 3433 tionibus
589 3385 679 3445 iis,
728 3400 852 3449 quae
887 3385 981 3433 nisi
1015 3402 1127 3434 cum
1171 3387 1268 3435 vita
1316 3385 1495 3451 deponi
1537 3388 1805 3448 nequeant3
1848 3398 2009 3446 neque

345 3463 628 3529 cuiusquam
662 3469 763 3514 tam
799 3480 970 3529 puram
1004 3466 1408 3530 innocentemque
1452 3480 1565 3515 esse
1597 3465 1773 3528 vitam,
1820 3467 1879 3514 ut
1910 3477 2008 3512 non
