<?xml version="1.0" encoding="UTF-8"?>
<!DOCTYPE html PUBLIC "-//W3C//DTD XHTML 1.0 Transitional//EN"
    "http://www.w3.org/TR/xhtml1/DTD/xhtml1-transitional.dtd">
<html xmlns="http://www.w3.org/1999/xhtml" xml:lang="en" lang="en">
 <head>
  <title>
</title>
<meta http-equiv="Content-Type" content="text/html;charset=utf-8" />
  <meta name='ocr-system' content='tesseract 3.04.00' />
  <meta name='ocr-capabilities' content='ocr_page ocr_carea ocr_par ocr_line ocrx_word'/>
</head>
<body>
  <div class='ocr_page' id='page_1' title='image "./euripidesrestitu01hartuoft_0022.png"; bbox 0 0 2144 3854; ppageno 0'>
   <div class='ocr_carea' id='block_1_1' title="bbox 1167 327 1207 382">
    <p class='ocr_par' dir='ltr' id='par_1_1' title="bbox 1167 327 1207 382">
     <span class='ocr_line' id='line_1_1' title="bbox 1167 327 1207 382; baseline 0 0"><span class='ocrx_word' id='word_1_1' title='bbox 1167 327 1207 382; x_wconf 80' lang='lat'>4</span> 
     </span>
    </p>
   </div>
   <div class='ocr_carea' id='block_1_2' title="bbox 346 469 2016 3000">
    <p class='ocr_par' dir='ltr' id='par_1_2' title="bbox 346 469 2016 1415">
     <span class='ocr_line' id='line_1_2' title="bbox 357 469 2010 538; baseline -0.004 -11"><span class='ocrx_word' id='word_1_2' title='bbox 357 475 609 538; x_wconf 79' lang='grc' dir='ltr'><strong>σώζονται</strong></span> <span class='ocrx_word' id='word_1_3' title='bbox 652 473 708 524; x_wconf 85' lang='grc' dir='ltr'><strong>δὲ</strong></span> <span class='ocrx_word' id='word_1_4' title='bbox 752 471 840 535; x_wconf 69' lang='grc' dir='ltr'><strong>οξ.</strong></span> <span class='ocrx_word' id='word_1_5' title='bbox 907 472 1108 523; x_wconf 76' lang='lat' dir='ltr'><strong>Rectius</strong></span> <span class='ocrx_word' id='word_1_6' title='bbox 1157 473 1207 521; x_wconf 83' lang='lat' dir='ltr'><strong>in</strong></span> <span class='ocrx_word' id='word_1_7' title='bbox 1241 471 1364 531; x_wconf 79' lang='lat' dir='ltr'><strong>vita,</strong></span> <span class='ocrx_word' id='word_1_8' title='bbox 1410 487 1534 534; x_wconf 88' lang='lat' dir='ltr'><strong>quae</strong></span> <span class='ocrx_word' id='word_1_9' title='bbox 1569 474 1647 520; x_wconf 91' lang='lat' dir='ltr'><strong>est</strong></span> <span class='ocrx_word' id='word_1_10' title='bbox 1678 470 1729 519; x_wconf 82' lang='lat' dir='ltr'><strong>in</strong></span> <span class='ocrx_word' id='word_1_11' title='bbox 1762 470 1868 522; x_wconf 85' lang='lat' dir='ltr'><strong>cod.</strong></span> <span class='ocrx_word' id='word_1_12' title='bbox 1903 469 2010 521; x_wconf 87' lang='lat' dir='ltr'><strong>Me-</strong></span> 
     </span>
     <span class='ocr_line' id='line_1_3' title="bbox 356 543 2011 618; baseline -0.004 -12"><span class='ocrx_word' id='word_1_13' title='bbox 356 557 498 615; x_wconf 81' lang='lat' dir='ltr'><strong>diol.,</strong></span> <span class='ocrx_word' id='word_1_14' title='bbox 540 555 772 618; x_wconf 84' lang='lat' dir='ltr'><strong>scriptum</strong></span> <span class='ocrx_word' id='word_1_15' title='bbox 819 557 898 602; x_wconf 89' lang='lat' dir='ltr'><strong>est</strong></span> <span class='ocrx_word' id='word_1_16' title='bbox 939 553 1036 602; x_wconf 89' lang='lat' dir='ltr'><strong>sic:</strong></span> <span class='ocrx_word' id='word_1_17' title='bbox 1082 549 1147 604; x_wconf 78' lang='grc' dir='ltr'><strong>τὰ</strong></span> <span class='ocrx_word' id='word_1_18' title='bbox 1179 551 1351 602; x_wconf 80' lang='grc' dir='ltr'><em>πάντα</em></span> <span class='ocrx_word' id='word_1_19' title='bbox 1385 549 1434 600; x_wconf 84' lang='grc' dir='ltr'><strong>δ’</strong></span> <span class='ocrx_word' id='word_1_20' title='bbox 1468 543 1537 616; x_wconf 79' lang='grc' dir='ltr'><strong>ἦν</strong></span> <span class='ocrx_word' id='word_1_21' title='bbox 1572 548 1740 600; x_wconf 83' lang='grc' dir='ltr'><em>αὐτοῦ</em></span> <span class='ocrx_word' id='word_1_22' title='bbox 1775 548 2011 615; x_wconf 75' lang='grc' dir='ltr'><em>δράματα</em></span> 
     </span>
     <span class='ocr_line' id='line_1_4' title="bbox 358 627 2013 699; baseline -0.001 -17"><span class='ocrx_word' id='word_1_23' title='bbox 358 627 460 699; x_wconf 77' lang='grc' dir='ltr'><strong>ςβ’,</strong></span> <span class='ocrx_word' id='word_1_24' title='bbox 496 632 708 694; x_wconf 81' lang='grc' dir='ltr'><strong>σώζεται</strong></span> <span class='ocrx_word' id='word_1_25' title='bbox 739 630 798 687; x_wconf 76' lang='grc' dir='ltr'><strong>δὲ</strong></span> <span class='ocrx_word' id='word_1_26' title='bbox 830 627 925 698; x_wconf 85' lang='grc' dir='ltr'><strong>οη’,</strong></span> <span class='ocrx_word' id='word_1_27' title='bbox 970 630 1174 683; x_wconf 78' lang='grc' dir='ltr'><em>τούτων</em></span> <span class='ocrx_word' id='word_1_28' title='bbox 1208 629 1265 682; x_wconf 86' lang='grc' dir='ltr'><strong>δὲ</strong></span> <span class='ocrx_word' id='word_1_29' title='bbox 1296 630 1573 681; x_wconf 79' lang='grc' dir='ltr'>νοθεύεται</span> <span class='ocrx_word' id='word_1_30' title='bbox 1604 628 1748 695; x_wconf 73' lang='grc' dir='ltr'><em>τρία,</em></span> <span class='ocrx_word' id='word_1_31' title='bbox 1805 629 2013 695; x_wconf 73' lang='grc' dir='ltr'><strong><em>Τέννης,</em></strong></span> 
     </span>
     <span class='ocr_line' id='line_1_5' title="bbox 346 707 2011 776; baseline -0.004 -12"><span class='ocrx_word' id='word_1_32' title='bbox 346 707 735 775; x_wconf 77' lang='grc' dir='ltr'><em>Ῥαδάμανθυς,</em></span> <span class='ocrx_word' id='word_1_33' title='bbox 771 711 1077 775; x_wconf 81' lang='grc' dir='ltr'><strong><em>Πειρίθους.</em></strong></span> <span class='ocrx_word' id='word_1_34' title='bbox 1136 712 1378 761; x_wconf 78' lang='lat' dir='ltr'><strong>Detractis</strong></span> <span class='ocrx_word' id='word_1_35' title='bbox 1411 711 1558 775; x_wconf 82' lang='lat' dir='ltr'><strong>igitur</strong></span> <span class='ocrx_word' id='word_1_36' title='bbox 1590 712 1666 760; x_wconf 86' lang='lat' dir='ltr'><strong>his</strong></span> <span class='ocrx_word' id='word_1_37' title='bbox 1702 710 1859 759; x_wconf 86' lang='lat' dir='ltr'><strong>tribus</strong></span> <span class='ocrx_word' id='word_1_38' title='bbox 1895 727 2011 776; x_wconf 86' lang='lat' dir='ltr'><strong>spu-</strong></span> 
     </span>
     <span class='ocr_line' id='line_1_6' title="bbox 353 791 2010 857; baseline -0.004 -14"><span class='ocrx_word' id='word_1_39' title='bbox 353 795 441 844; x_wconf 86' lang='lat' dir='ltr'><strong>riis</strong></span> <span class='ocrx_word' id='word_1_40' title='bbox 473 795 810 856; x_wconf 86' lang='lat' dir='ltr'><strong>relinquuntur</strong></span> <span class='ocrx_word' id='word_1_41' title='bbox 841 791 1038 853; x_wconf 78' lang='lat' dir='ltr'>LXXV,</span> <span class='ocrx_word' id='word_1_42' title='bbox 1074 809 1217 857; x_wconf 90' lang='lat' dir='ltr'><strong>quem</strong></span> <span class='ocrx_word' id='word_1_43' title='bbox 1250 806 1503 839; x_wconf 87' lang='lat' dir='ltr'><strong>numerum</strong></span> <span class='ocrx_word' id='word_1_44' title='bbox 1539 791 1865 839; x_wconf 81' lang='lat' dir='ltr'><strong>consentienti</strong></span> <span class='ocrx_word' id='word_1_45' title='bbox 1888 791 2010 839; x_wconf 88' lang='lat' dir='ltr'><strong>scri—</strong></span> 
     </span>
     <span class='ocr_line' id='line_1_7' title="bbox 354 870 2012 940; baseline -0.002 -18"><span class='ocrx_word' id='word_1_46' title='bbox 354 879 550 940; x_wconf 88' lang='lat' dir='ltr'><strong>ptorum</strong></span> <span class='ocrx_word' id='word_1_47' title='bbox 583 873 862 921; x_wconf 87' lang='lat' dir='ltr'><strong>testimonio</strong></span> <span class='ocrx_word' id='word_1_48' title='bbox 896 873 1173 921; x_wconf 87' lang='lat' dir='ltr'><strong>confirmari</strong></span> <span class='ocrx_word' id='word_1_49' title='bbox 1206 871 1442 918; x_wconf 72' lang='lat' dir='ltr'><strong>videmus.</strong></span> <span class='ocrx_word' id='word_1_50' title='bbox 1510 870 1698 918; x_wconf 90' lang='lat' dir='ltr'><strong>Horum</strong></span> <span class='ocrx_word' id='word_1_51' title='bbox 1739 870 2012 919; x_wconf 82' lang='lat' dir='ltr'><strong>dramatum</strong></span> 
     </span>
     <span class='ocr_line' id='line_1_8' title="bbox 354 948 2013 1016; baseline -0.004 -14"><span class='ocrx_word' id='word_1_52' title='bbox 354 968 452 1003; x_wconf 88' lang='lat' dir='ltr'><strong>non</strong></span> <span class='ocrx_word' id='word_1_53' title='bbox 485 952 693 1016; x_wconf 90' lang='lat' dir='ltr'><strong>amplius</strong></span> <span class='ocrx_word' id='word_1_54' title='bbox 728 958 838 999; x_wconf 91' lang='lat' dir='ltr'><strong>octo</strong></span> <span class='ocrx_word' id='word_1_55' title='bbox 875 954 1084 1015; x_wconf 86' lang='lat' dir='ltr'><strong>satyrica</strong></span> <span class='ocrx_word' id='word_1_56' title='bbox 1117 952 1335 1008; x_wconf 86' lang='lat' dir='ltr'><strong>suerunt,</strong></span> <span class='ocrx_word' id='word_1_57' title='bbox 1370 954 1501 997; x_wconf 86' lang='lat' dir='ltr'><strong>teste</strong></span> <span class='ocrx_word' id='word_1_58' title='bbox 1525 948 1718 998; x_wconf 76' lang='lat' dir='ltr'><strong>Thomu</strong></span> <span class='ocrx_word' id='word_1_59' title='bbox 1748 948 2013 1013; x_wconf 82' lang='lat' dir='ltr'><strong>Magistro:</strong></span> 
     </span>
     <span class='ocr_line' id='line_1_9' title="bbox 355 1023 2013 1098; baseline -0.002 -17"><span class='ocrx_word' id='word_1_60' title='bbox 355 1030 548 1098; x_wconf 73' lang='grc' dir='ltr'><strong>ἔγραψε</strong></span> <span class='ocrx_word' id='word_1_61' title='bbox 581 1027 676 1095; x_wconf 79' lang='grc' dir='ltr'><strong>μὲν</strong></span> <span class='ocrx_word' id='word_1_62' title='bbox 710 1023 810 1080; x_wconf 82' lang='grc' dir='ltr'><strong>οὗν</strong></span> <span class='ocrx_word' id='word_1_63' title='bbox 843 1029 1083 1095; x_wconf 80' lang='grc' dir='ltr'><em>δράματα</em></span> <span class='ocrx_word' id='word_1_64' title='bbox 1117 1028 1216 1080; x_wconf 87' lang='grc' dir='ltr'><strong>δύο</strong></span> <span class='ocrx_word' id='word_1_65' title='bbox 1249 1026 1337 1078; x_wconf 76' lang='grc' dir='ltr'><strong>καὶ</strong></span> <span class='ocrx_word' id='word_1_66' title='bbox 1370 1025 1687 1093; x_wconf 78' lang='grc' dir='ltr'><strong>ἐνενήκοντα</strong></span> <span class='ocrx_word' id='word_1_67' title='bbox 1727 1025 1792 1078; x_wconf 79' lang='grc' dir='ltr'><strong>τὰ</strong></span> <span class='ocrx_word' id='word_1_68' title='bbox 1824 1027 2013 1089; x_wconf 87' lang='grc' dir='ltr'><em>πάντα,</em></span> 
     </span>
     <span class='ocr_line' id='line_1_10' title="bbox 356 1103 2016 1175; baseline -0.002 -14"><span class='ocrx_word' id='word_1_69' title='bbox 356 1108 424 1163; x_wconf 81' lang='grc' dir='ltr'><strong>ἐν</strong></span> <span class='ocrx_word' id='word_1_70' title='bbox 469 1104 569 1170; x_wconf 86' lang='grc' dir='ltr'><strong>οἷς</strong></span> <span class='ocrx_word' id='word_1_71' title='bbox 615 1103 695 1175; x_wconf 79' lang='grc' dir='ltr'><strong>ἦν</strong></span> <span class='ocrx_word' id='word_1_72' title='bbox 743 1109 916 1160; x_wconf 84' lang='grc' dir='ltr'><strong><em>ὀκτὼ</em></strong></span> <span class='ocrx_word' id='word_1_73' title='bbox 961 1110 1134 1174; x_wconf 90' lang='grc' dir='ltr'><strong>μόνα</strong></span> <span class='ocrx_word' id='word_1_74' title='bbox 1182 1107 1558 1172; x_wconf 86' lang='grc' dir='ltr'><em>Σατυρικά·</em></span> <span class='ocrx_word' id='word_1_75' title='bbox 1601 1107 1837 1174; x_wconf 84' lang='grc' dir='ltr'><strong><em>νενίκηκε</em></strong></span> <span class='ocrx_word' id='word_1_76' title='bbox 1869 1106 1926 1159; x_wconf 81' lang='grc' dir='ltr'><strong>δὲ</strong></span> <span class='ocrx_word' id='word_1_77' title='bbox 1959 1104 2016 1158; x_wconf 81' lang='grc' dir='ltr'><strong>ἐν</strong></span> 
     </span>
     <span class='ocr_line' id='line_1_11' title="bbox 354 1187 2015 1255; baseline -0.004 -12"><span class='ocrx_word' id='word_1_78' title='bbox 354 1196 482 1244; x_wconf 79' lang='grc' dir='ltr'><em>πᾶσι</em></span> <span class='ocrx_word' id='word_1_79' title='bbox 514 1189 719 1249; x_wconf 82' lang='grc' dir='ltr'><strong><em>τούτοις</em></strong></span> <span class='ocrx_word' id='word_1_80' title='bbox 754 1189 981 1255; x_wconf 82' lang='grc' dir='ltr'><em>δράμασι</em></span> <span class='ocrx_word' id='word_1_81' title='bbox 1023 1191 1174 1250; x_wconf 82' lang='grc' dir='ltr'><strong><em>νίκας</em></strong></span> <span class='ocrx_word' id='word_1_82' title='bbox 1218 1187 1638 1253; x_wconf 82' lang='grc' dir='ltr'><strong>πέντε[καίδεκα].</strong></span> <span class='ocrx_word' id='word_1_83' title='bbox 1706 1190 1804 1238; x_wconf 88' lang='lat' dir='ltr'><strong>Hic</strong></span> <span class='ocrx_word' id='word_1_84' title='bbox 1836 1189 2015 1253; x_wconf 82' lang='lat' dir='ltr'><strong>satyri-</strong></span> 
     </span>
     <span class='ocr_line' id='line_1_12' title="bbox 355 1270 2013 1334; baseline -0.005 -11"><span class='ocrx_word' id='word_1_85' title='bbox 355 1288 523 1323; x_wconf 83' lang='lat' dir='ltr'><strong>corum</strong></span> <span class='ocrx_word' id='word_1_86' title='bbox 558 1287 790 1320; x_wconf 87' lang='lat' dir='ltr'><strong>numerus</strong></span> <span class='ocrx_word' id='word_1_87' title='bbox 826 1287 938 1321; x_wconf 91' lang='lat' dir='ltr'><strong>cum</strong></span> <span class='ocrx_word' id='word_1_88' title='bbox 969 1271 1158 1331; x_wconf 88' lang='lat' dir='ltr'><strong>indice,</strong></span> <span class='ocrx_word' id='word_1_89' title='bbox 1211 1287 1354 1334; x_wconf 90' lang='lat' dir='ltr'><strong>quem</strong></span> <span class='ocrx_word' id='word_1_90' title='bbox 1392 1286 1539 1334; x_wconf 84' lang='lat' dir='ltr'><strong>supra</strong></span> <span class='ocrx_word' id='word_1_91' title='bbox 1572 1270 1852 1332; x_wconf 81' lang='lat' dir='ltr'>posuimus,</span> <span class='ocrx_word' id='word_1_92' title='bbox 1899 1283 2013 1317; x_wconf 89' lang='lat' dir='ltr'><strong>con-</strong></span> 
     </span>
     <span class='ocr_line' id='line_1_13' title="bbox 353 1350 1468 1415; baseline -0.004 -14"><span class='ocrx_word' id='word_1_93' title='bbox 353 1353 502 1402; x_wconf 86' lang='lat' dir='ltr'><strong>venit.</strong></span> <span class='ocrx_word' id='word_1_94' title='bbox 570 1350 790 1398; x_wconf 83' lang='lat' dir='ltr'><strong>Fuerunt</strong></span> <span class='ocrx_word' id='word_1_95' title='bbox 822 1357 983 1400; x_wconf 88' lang='lat' dir='ltr'><strong>autem</strong></span> <span class='ocrx_word' id='word_1_96' title='bbox 1020 1352 1226 1415; x_wconf 74' lang='lat' dir='ltr'><strong>satyrica</strong></span> <span class='ocrx_word' id='word_1_97' title='bbox 1260 1351 1468 1398; x_wconf 81' lang='lat' dir='ltr'>haecce:</span> 
     </span>
    </p>

    <p class='ocr_par' dir='ltr' id='par_1_3' title="bbox 389 1426 1583 1487">
     <span class='ocr_line' id='line_1_14' title="bbox 389 1426 1583 1487; baseline -0.007 -8"><span class='ocrx_word' id='word_1_98' title='bbox 389 1433 434 1479; x_wconf 86' lang='lat'><strong>1.</strong></span> <span class='ocrx_word' id='word_1_99' title='bbox 469 1427 790 1487; x_wconf 80' lang='grc' dir='ltr'><strong><em>Αὐτόλυκος.</em></strong></span> <span class='ocrx_word' id='word_1_100' title='bbox 1247 1432 1291 1478; x_wconf 86' lang='grc'><strong>5.</strong></span> <span class='ocrx_word' id='word_1_101' title='bbox 1330 1426 1583 1486; x_wconf 82' lang='grc' dir='ltr'><strong><em>Κύκλωψ.</em></strong></span> 
     </span>
    </p>

    <p class='ocr_par' dir='ltr' id='par_1_4' title="bbox 387 1506 1583 1572">
     <span class='ocr_line' id='line_1_15' title="bbox 387 1506 1583 1572; baseline -0.005 -12"><span class='ocrx_word' id='word_1_102' title='bbox 387 1513 433 1560; x_wconf 85' lang='grc'><strong>2.</strong></span> <span class='ocrx_word' id='word_1_103' title='bbox 469 1508 733 1572; x_wconf 82' lang='grc' dir='ltr'><em>Βούσιρις.</em></span> <span class='ocrx_word' id='word_1_104' title='bbox 1245 1512 1291 1559; x_wconf 87' lang='grc'><strong>6.</strong></span> <span class='ocrx_word' id='word_1_105' title='bbox 1327 1506 1583 1572; x_wconf 80' lang='grc' dir='ltr'><strong>Σίσυφος.</strong></span> 
     </span>
    </p>

    <p class='ocr_par' dir='ltr' id='par_1_5' title="bbox 388 1586 1557 1652">
     <span class='ocr_line' id='line_1_16' title="bbox 388 1586 1557 1652; baseline 0 -15"><span class='ocrx_word' id='word_1_106' title='bbox 388 1593 434 1639; x_wconf 86' lang='lat'><strong>3.</strong></span> <span class='ocrx_word' id='word_1_107' title='bbox 458 1586 792 1651; x_wconf 78' lang='grc' dir='ltr'><strong><em>Εὐρυσθεύς.</em></strong></span> <span class='ocrx_word' id='word_1_108' title='bbox 1246 1592 1291 1638; x_wconf 75' lang='lat'><strong>7.</strong></span> <span class='ocrx_word' id='word_1_109' title='bbox 1327 1586 1557 1652; x_wconf 82' lang='grc' dir='ltr'><strong>Σκίρων.</strong></span> 
     </span>
    </p>

    <p class='ocr_par' dir='ltr' id='par_1_6' title="bbox 389 1666 1548 1730">
     <span class='ocr_line' id='line_1_17' title="bbox 389 1666 1548 1730; baseline 0 -13"><span class='ocrx_word' id='word_1_110' title='bbox 389 1672 434 1719; x_wconf 89' lang='grc'><strong>4.</strong></span> <span class='ocrx_word' id='word_1_111' title='bbox 474 1666 733 1730; x_wconf 83' lang='grc' dir='ltr'><em>Θερισταί.</em></span> <span class='ocrx_word' id='word_1_112' title='bbox 1246 1671 1292 1716; x_wconf 85' lang='grc'><strong>8.</strong></span> <span class='ocrx_word' id='word_1_113' title='bbox 1327 1667 1548 1726; x_wconf 82' lang='grc' dir='ltr'><strong><em>Συλεύς.</em></strong></span> 
     </span>
    </p>

    <p class='ocr_par' dir='ltr' id='par_1_7' title="bbox 357 1743 2013 1878">
     <span class='ocr_line' id='line_1_18' title="bbox 484 1743 2013 1811; baseline -0.003 -13"><span class='ocrx_word' id='word_1_114' title='bbox 484 1749 781 1811; x_wconf 77' lang='lat' dir='ltr'><strong>Autolycum</strong></span> <span class='ocrx_word' id='word_1_115' title='bbox 826 1747 953 1795; x_wconf 90' lang='lat' dir='ltr'><strong>enim</strong></span> <span class='ocrx_word' id='word_1_116' title='bbox 1000 1746 1207 1795; x_wconf 87' lang='lat' dir='ltr'><strong>alterum</strong></span> <span class='ocrx_word' id='word_1_117' title='bbox 1254 1747 1457 1796; x_wconf 85' lang='lat' dir='ltr'><strong>eandem</strong></span> <span class='ocrx_word' id='word_1_118' title='bbox 1492 1746 1707 1797; x_wconf 85' lang='lat' dir='ltr'><strong>fabulam</strong></span> <span class='ocrx_word' id='word_1_119' title='bbox 1743 1749 1888 1810; x_wconf 85' lang='lat' dir='ltr'><strong>atque</strong></span> <span class='ocrx_word' id='word_1_120' title='bbox 1921 1743 2013 1810; x_wconf 82' lang='lat' dir='ltr'><strong>Sy-</strong></span> 
     </span>
     <span class='ocr_line' id='line_1_19' title="bbox 357 1826 980 1878; baseline -0.006 0"><span class='ocrx_word' id='word_1_121' title='bbox 357 1830 485 1878; x_wconf 88' lang='lat' dir='ltr'><strong>leum</strong></span> <span class='ocrx_word' id='word_1_122' title='bbox 519 1828 673 1876; x_wconf 82' lang='lat' dir='ltr'><strong>fuisse</strong></span> <span class='ocrx_word' id='word_1_123' title='bbox 707 1826 980 1875; x_wconf 78' lang='lat' dir='ltr'><strong>statuimus,</strong></span> 
     </span>
    </p>

    <p class='ocr_par' dir='ltr' id='par_1_8' title="bbox 356 1903 2015 3000">
     <span class='ocr_line' id='line_1_20' title="bbox 487 1903 2015 1969; baseline -0.001 -16"><span class='ocrx_word' id='word_1_124' title='bbox 487 1907 580 1968; x_wconf 79' lang='lat' dir='ltr'><strong>Qui</strong></span> <span class='ocrx_word' id='word_1_125' title='bbox 614 1909 711 1955; x_wconf 89' lang='lat' dir='ltr'><strong>duo</strong></span> <span class='ocrx_word' id='word_1_126' title='bbox 747 1911 798 1953; x_wconf 82' lang='lat' dir='ltr'><strong>et</strong></span> <span class='ocrx_word' id='word_1_127' title='bbox 830 1904 1090 1967; x_wconf 82' lang='lat' dir='ltr'><strong>nonaginta</strong></span> <span class='ocrx_word' id='word_1_128' title='bbox 1122 1905 1336 1954; x_wconf 83' lang='lat' dir='ltr'><strong>dramata</strong></span> <span class='ocrx_word' id='word_1_129' title='bbox 1370 1906 1428 1953; x_wconf 90' lang='lat' dir='ltr'><strong>ab</strong></span> <span class='ocrx_word' id='word_1_130' title='bbox 1463 1904 1702 1969; x_wconf 80' lang='lat' dir='ltr'><strong>Euripide</strong></span> <span class='ocrx_word' id='word_1_131' title='bbox 1748 1903 2015 1968; x_wconf 87' lang='lat' dir='ltr'><strong>composita</strong></span> 
     </span>
     <span class='ocr_line' id='line_1_21' title="bbox 359 1983 2014 2048; baseline -0.004 -12"><span class='ocrx_word' id='word_1_132' title='bbox 359 2003 471 2036; x_wconf 88' lang='lat' dir='ltr'><strong>esse</strong></span> <span class='ocrx_word' id='word_1_133' title='bbox 502 1987 823 2043; x_wconf 82' lang='lat' dir='ltr'><strong>tradiderunt,</strong></span> <span class='ocrx_word' id='word_1_134' title='bbox 859 1988 938 2030; x_wconf 90' lang='lat' dir='ltr'><strong>aut</strong></span> <span class='ocrx_word' id='word_1_135' title='bbox 970 1983 1173 2032; x_wconf 89' lang='lat' dir='ltr'><strong>adiectis</strong></span> <span class='ocrx_word' id='word_1_136' title='bbox 1209 1985 1385 2048; x_wconf 90' lang='lat' dir='ltr'><strong>spuriis</strong></span> <span class='ocrx_word' id='word_1_137' title='bbox 1421 1983 1708 2048; x_wconf 90' lang='lat' dir='ltr'><strong>quibusdam</strong></span> <span class='ocrx_word' id='word_1_138' title='bbox 1742 1983 1918 2032; x_wconf 87' lang='lat' dir='ltr'><strong>fabulis</strong></span> <span class='ocrx_word' id='word_1_139' title='bbox 1953 1997 2014 2031; x_wconf 83' lang='lat' dir='ltr'><strong>ex</strong></span> 
     </span>
     <span class='ocr_line' id='line_1_22' title="bbox 358 2063 2013 2126; baseline -0.002 -11"><span class='ocrx_word' id='word_1_140' title='bbox 358 2065 604 2115; x_wconf 87' lang='lat' dir='ltr'><strong>nominum</strong></span> <span class='ocrx_word' id='word_1_141' title='bbox 640 2063 999 2126; x_wconf 87' lang='lat' dir='ltr'><strong>computatione</strong></span> <span class='ocrx_word' id='word_1_142' title='bbox 1031 2067 1114 2110; x_wconf 89' lang='lat' dir='ltr'><strong>aut</strong></span> <span class='ocrx_word' id='word_1_143' title='bbox 1145 2079 1207 2111; x_wconf 84' lang='lat' dir='ltr'><strong>ex</strong></span> <span class='ocrx_word' id='word_1_144' title='bbox 1242 2064 1343 2111; x_wconf 89' lang='lat' dir='ltr'><strong>sola</strong></span> <span class='ocrx_word' id='word_1_145' title='bbox 1377 2064 1655 2112; x_wconf 87' lang='lat' dir='ltr'><strong>coniectura</strong></span> <span class='ocrx_word' id='word_1_146' title='bbox 1689 2080 1800 2112; x_wconf 91' lang='lat' dir='ltr'><strong>eum</strong></span> <span class='ocrx_word' id='word_1_147' title='bbox 1842 2078 2013 2112; x_wconf 86' lang='lat' dir='ltr'><strong>nume-</strong></span> 
     </span>
     <span class='ocr_line' id='line_1_23' title="bbox 358 2141 2012 2207; baseline -0.002 -13"><span class='ocrx_word' id='word_1_148' title='bbox 358 2162 468 2195; x_wconf 90' lang='lat' dir='ltr'><strong>rum</strong></span> <span class='ocrx_word' id='word_1_149' title='bbox 503 2144 707 2192; x_wconf 70' lang='lat' dir='ltr'><strong>efficere</strong></span> <span class='ocrx_word' id='word_1_150' title='bbox 740 2146 1019 2205; x_wconf 85' lang='lat' dir='ltr'><strong>potuerunt.</strong></span> <span class='ocrx_word' id='word_1_151' title='bbox 1086 2141 1209 2189; x_wconf 89' lang='lat' dir='ltr'><strong>Nam</strong></span> <span class='ocrx_word' id='word_1_152' title='bbox 1256 2159 1400 2205; x_wconf 89' lang='lat' dir='ltr'><strong>quum</strong></span> <span class='ocrx_word' id='word_1_153' title='bbox 1447 2159 1536 2207; x_wconf 89' lang='lat' dir='ltr'><strong>per</strong></span> <span class='ocrx_word' id='word_1_154' title='bbox 1579 2143 1895 2205; x_wconf 81' lang='lat' dir='ltr'><strong>quadraginta</strong></span> <span class='ocrx_word' id='word_1_155' title='bbox 1925 2157 2012 2190; x_wconf 71' lang='lat' dir='ltr'><strong>sex</strong></span> 
     </span>
     <span class='ocr_line' id='line_1_24' title="bbox 358 2220 2013 2285; baseline -0.002 -12"><span class='ocrx_word' id='word_1_156' title='bbox 358 2239 509 2273; x_wconf 87' lang='lat' dir='ltr'><strong>annos</strong></span> <span class='ocrx_word' id='word_1_157' title='bbox 542 2222 732 2270; x_wconf 89' lang='lat' dir='ltr'><strong>fabulas</strong></span> <span class='ocrx_word' id='word_1_158' title='bbox 765 2223 824 2270; x_wconf 92' lang='lat' dir='ltr'><strong>ab</strong></span> <span class='ocrx_word' id='word_1_159' title='bbox 859 2220 1097 2285; x_wconf 84' lang='lat' dir='ltr'><strong>Euripide</strong></span> <span class='ocrx_word' id='word_1_160' title='bbox 1131 2222 1299 2270; x_wconf 90' lang='lat' dir='ltr'><strong>doctas</strong></span> <span class='ocrx_word' id='word_1_161' title='bbox 1333 2238 1443 2270; x_wconf 88' lang='lat' dir='ltr'><strong>esse</strong></span> <span class='ocrx_word' id='word_1_162' title='bbox 1479 2227 1725 2271; x_wconf 89' lang='lat' dir='ltr'><strong>constaret</strong></span> <span class='ocrx_word' id='word_1_163' title='bbox 1753 2221 1824 2283; x_wconf 86' lang='grc'><strong>*),</strong></span> <span class='ocrx_word' id='word_1_164' title='bbox 1859 2227 1910 2270; x_wconf 84' lang='lat' dir='ltr'><strong>et</strong></span> <span class='ocrx_word' id='word_1_165' title='bbox 1942 2221 2013 2270; x_wconf 91' lang='lat' dir='ltr'><strong>al-</strong></span> 
     </span>
     <span class='ocr_line' id='line_1_25' title="bbox 358 2300 2012 2367; baseline -0.001 -16"><span class='ocrx_word' id='word_1_166' title='bbox 358 2303 511 2351; x_wconf 87' lang='lat' dir='ltr'><strong>ternis</strong></span> <span class='ocrx_word' id='word_1_167' title='bbox 546 2302 652 2349; x_wconf 85' lang='lat' dir='ltr'><strong>fere</strong></span> <span class='ocrx_word' id='word_1_168' title='bbox 685 2302 819 2348; x_wconf 85' lang='lat' dir='ltr'><strong>annis</strong></span> <span class='ocrx_word' id='word_1_169' title='bbox 854 2300 1072 2363; x_wconf 84' lang='lat' dir='ltr'><strong>singulae</strong></span> <span class='ocrx_word' id='word_1_170' title='bbox 1103 2301 1394 2365; x_wconf 83' lang='lat' dir='ltr'><strong>tetralogiae</strong></span> <span class='ocrx_word' id='word_1_171' title='bbox 1427 2302 1476 2350; x_wconf 91' lang='lat' dir='ltr'><strong>in</strong></span> <span class='ocrx_word' id='word_1_172' title='bbox 1511 2307 1759 2350; x_wconf 85' lang='lat' dir='ltr'><strong>certamen</strong></span> <span class='ocrx_word' id='word_1_173' title='bbox 1792 2318 1819 2350; x_wconf 85' lang='lat' dir='ltr'><strong>a</strong></span> <span class='ocrx_word' id='word_1_174' title='bbox 1853 2301 2012 2367; x_wconf 87' lang='lat' dir='ltr'><strong>poetis</strong></span> 
     </span>
     <span class='ocr_line' id='line_1_26' title="bbox 359 2379 2011 2439; baseline -0.002 -8"><span class='ocrx_word' id='word_1_175' title='bbox 359 2381 546 2431; x_wconf 84' lang='lat' dir='ltr'><strong>deferri</strong></span> <span class='ocrx_word' id='word_1_176' title='bbox 579 2380 752 2428; x_wconf 86' lang='lat' dir='ltr'><strong>solitae</strong></span> <span class='ocrx_word' id='word_1_177' title='bbox 785 2384 968 2439; x_wconf 78' lang='lat' dir='ltr'><strong>essent,</strong></span> <span class='ocrx_word' id='word_1_178' title='bbox 1001 2379 1138 2428; x_wconf 90' lang='lat' dir='ltr'><strong>illum</strong></span> <span class='ocrx_word' id='word_1_179' title='bbox 1175 2381 1402 2429; x_wconf 84' lang='lat' dir='ltr'><strong>effectum</strong></span> <span class='ocrx_word' id='word_1_180' title='bbox 1434 2381 1587 2430; x_wconf 87' lang='lat' dir='ltr'><strong>fuisse</strong></span> <span class='ocrx_word' id='word_1_181' title='bbox 1611 2381 1885 2430; x_wconf 84' lang='lat' dir='ltr'><strong>fabularum</strong></span> <span class='ocrx_word' id='word_1_182' title='bbox 1909 2380 2011 2428; x_wconf 84' lang='lat' dir='ltr'><strong>Eu—</strong></span> 
     </span>
     <span class='ocr_line' id='line_1_27' title="bbox 358 2457 2012 2526; baseline -0.001 -17"><span class='ocrx_word' id='word_1_183' title='bbox 358 2461 532 2526; x_wconf 86' lang='lat' dir='ltr'><strong>ripidis</strong></span> <span class='ocrx_word' id='word_1_184' title='bbox 573 2474 827 2507; x_wconf 89' lang='lat' dir='ltr'><strong>numerum</strong></span> <span class='ocrx_word' id='word_1_185' title='bbox 873 2458 1049 2506; x_wconf 88' lang='lat' dir='ltr'><strong>coniici</strong></span> <span class='ocrx_word' id='word_1_186' title='bbox 1082 2463 1288 2523; x_wconf 85' lang='lat' dir='ltr'><strong>poterat.</strong></span> <span class='ocrx_word' id='word_1_187' title='bbox 1357 2457 1543 2508; x_wconf 88' lang='lat' dir='ltr'><strong>Verum</strong></span> <span class='ocrx_word' id='word_1_188' title='bbox 1575 2460 1844 2508; x_wconf 78' lang='lat' dir='ltr'><strong>modestius</strong></span> <span class='ocrx_word' id='word_1_189' title='bbox 1874 2459 2012 2508; x_wconf 87' lang='lat' dir='ltr'><strong>initio</strong></span> 
     </span>
     <span class='ocr_line' id='line_1_28' title="bbox 358 2537 2013 2604; baseline -0.002 -16"><span class='ocrx_word' id='word_1_190' title='bbox 358 2537 643 2604; x_wconf 84' lang='lat' dir='ltr'><strong>Euripidem</strong></span> <span class='ocrx_word' id='word_1_191' title='bbox 688 2553 1004 2601; x_wconf 82' lang='lat' dir='ltr'><strong>progressum</strong></span> <span class='ocrx_word' id='word_1_192' title='bbox 1050 2554 1161 2586; x_wconf 86' lang='lat' dir='ltr'><strong>esse</strong></span> <span class='ocrx_word' id='word_1_193' title='bbox 1205 2546 1255 2586; x_wconf 92' lang='lat' dir='ltr'><strong>et</strong></span> <span class='ocrx_word' id='word_1_194' title='bbox 1300 2538 1595 2602; x_wconf 82' lang='lat' dir='ltr'><strong>longioribus</strong></span> <span class='ocrx_word' id='word_1_195' title='bbox 1639 2538 1906 2588; x_wconf 86' lang='lat' dir='ltr'><strong>intervallis</strong></span> <span class='ocrx_word' id='word_1_196' title='bbox 1939 2537 2013 2586; x_wconf 83' lang='lat' dir='ltr'><strong>fa-</strong></span> 
     </span>
     <span class='ocr_line' id='line_1_29' title="bbox 356 2613 2012 2681; baseline -0.002 -13"><span class='ocrx_word' id='word_1_197' title='bbox 356 2617 496 2668; x_wconf 86' lang='lat' dir='ltr'><strong>bulas</strong></span> <span class='ocrx_word' id='word_1_198' title='bbox 531 2616 757 2665; x_wconf 87' lang='lat' dir='ltr'><strong>docuisse</strong></span> <span class='ocrx_word' id='word_1_199' title='bbox 791 2632 851 2665; x_wconf 88' lang='lat' dir='ltr'><strong>ex</strong></span> <span class='ocrx_word' id='word_1_200' title='bbox 886 2613 1157 2680; x_wconf 83' lang='lat' dir='ltr'><strong>fragmento</strong></span> <span class='ocrx_word' id='word_1_201' title='bbox 1191 2617 1591 2678; x_wconf 84' lang='lat' dir='ltr'><strong>didascaliarum‚</strong></span> <span class='ocrx_word' id='word_1_202' title='bbox 1635 2617 1766 2681; x_wconf 88' lang='lat' dir='ltr'><strong>quod</strong></span> <span class='ocrx_word' id='word_1_203' title='bbox 1800 2618 1858 2668; x_wconf 81' lang='lat' dir='ltr'><strong>G.</strong></span> <span class='ocrx_word' id='word_1_204' title='bbox 1894 2616 2012 2666; x_wconf 89' lang='lat' dir='ltr'><strong>Din-</strong></span> 
     </span>
     <span class='ocr_line' id='line_1_30' title="bbox 358 2696 2011 2761; baseline -0.002 -15"><span class='ocrx_word' id='word_1_205' title='bbox 358 2696 545 2746; x_wconf 87' lang='lat' dir='ltr'><strong>dorfius</strong></span> <span class='ocrx_word' id='word_1_206' title='bbox 580 2712 690 2744; x_wconf 89' lang='lat' dir='ltr'><strong>cum</strong></span> <span class='ocrx_word' id='word_1_207' title='bbox 724 2697 867 2760; x_wconf 79' lang='lat' dir='ltr'><strong>vulgo</strong></span> <span class='ocrx_word' id='word_1_208' title='bbox 901 2698 1285 2757; x_wconf 74' lang='lat' dir='ltr'><strong>communicavit,</strong></span> <span class='ocrx_word' id='word_1_209' title='bbox 1318 2697 1642 2761; x_wconf 84' lang='lat' dir='ltr'><strong>cognoscitur.</strong></span> <span class='ocrx_word' id='word_1_210' title='bbox 1706 2697 1759 2744; x_wconf 88' lang='lat' dir='ltr'><strong>ln</strong></span> <span class='ocrx_word' id='word_1_211' title='bbox 1791 2711 1850 2744; x_wconf 89' lang='lat' dir='ltr'><strong>eo</strong></span> <span class='ocrx_word' id='word_1_212' title='bbox 1884 2696 2011 2744; x_wconf 87' lang='lat' dir='ltr'><strong>enim</strong></span> 
     </span>
     <span class='ocr_line' id='line_1_31' title="bbox 359 2771 2011 2840; baseline -0.001 -15"><span class='ocrx_word' id='word_1_213' title='bbox 359 2775 424 2825; x_wconf 87' lang='lat' dir='ltr'><strong>de</strong></span> <span class='ocrx_word' id='word_1_214' title='bbox 444 2775 696 2824; x_wconf 89' lang='lat' dir='ltr'><strong>Alcestide</strong></span> <span class='ocrx_word' id='word_1_215' title='bbox 726 2776 910 2840; x_wconf 90' lang='lat' dir='ltr'><strong>scripta</strong></span> <span class='ocrx_word' id='word_1_216' title='bbox 941 2780 1052 2825; x_wconf 91' lang='lat' dir='ltr'><strong>sunt</strong></span> <span class='ocrx_word' id='word_1_217' title='bbox 1083 2777 1232 2824; x_wconf 87' lang='lat' dir='ltr'><strong>haec:</strong></span> <span class='ocrx_word' id='word_1_218' title='bbox 1265 2773 1324 2824; x_wconf 85' lang='grc' dir='ltr'><strong>τὸ</strong></span> <span class='ocrx_word' id='word_1_219' title='bbox 1359 2773 1416 2825; x_wconf 83' lang='grc' dir='ltr'><strong>δὲ</strong></span> <span class='ocrx_word' id='word_1_220' title='bbox 1451 2774 1625 2839; x_wconf 82' lang='grc' dir='ltr'><em>δρᾶμα</em></span> <span class='ocrx_word' id='word_1_221' title='bbox 1653 2771 1881 2840; x_wconf 75' lang='grc' dir='ltr'><em>ἐποιήθη</em></span> <span class='ocrx_word' id='word_1_222' title='bbox 1915 2772 1983 2835; x_wconf 67' lang='lat' dir='ltr'><strong>ig·</strong></span> <span class='ocrx_word' id='word_1_223' title='bbox 1998 2790 2011 2802; x_wconf 88' lang='lat'><strong>·</strong></span> 
     </span>
     <span class='ocr_line' id='line_1_32' title="bbox 359 2847 2011 2920; baseline -0.001 -16"><span class='ocrx_word' id='word_1_224' title='bbox 359 2851 612 2917; x_wconf 79' lang='grc' dir='ltr'><em>ἐδιδάχθη</em></span> <span class='ocrx_word' id='word_1_225' title='bbox 648 2849 730 2902; x_wconf 80' lang='grc' dir='ltr'><strong>ἐπὶ</strong></span> <span class='ocrx_word' id='word_1_226' title='bbox 764 2852 1071 2904; x_wconf 83' lang='grc' dir='ltr'><em>Γλαυκίνου</em></span> <span class='ocrx_word' id='word_1_227' title='bbox 1105 2855 1359 2920; x_wconf 77' lang='grc' dir='ltr'><strong>ἄρχοντος</strong></span> <span class='ocrx_word' id='word_1_228' title='bbox 1390 2850 1451 2904; x_wconf 88' lang='grc' dir='ltr'><strong>τὸ</strong></span> <span class='ocrx_word' id='word_1_229' title='bbox 1484 2855 1536 2904; x_wconf 59' lang='lat' dir='ltr'><strong>Z*</strong></span> <span class='ocrx_word' id='word_1_230' title='bbox 1567 2852 1667 2912; x_wconf 83' lang='grc' dir='ltr'><strong><em>(ὀλ.</em></strong></span> <span class='ocrx_word' id='word_1_231' title='bbox 1700 2847 1794 2905; x_wconf 86' lang='grc' dir='ltr'><strong>πε’.</strong></span> <span class='ocrx_word' id='word_1_232' title='bbox 1828 2852 2011 2910; x_wconf 61' lang='lat' dir='ltr'><strong>Dina).</strong></span> 
     </span>
     <span class='ocr_line' id='line_1_33' title="bbox 358 2929 2012 3000; baseline 0.001 -19"><span class='ocrx_word' id='word_1_233' title='bbox 358 2934 458 2981; x_wconf 90' lang='lat' dir='ltr'><strong>Pro</strong></span> <span class='ocrx_word' id='word_1_234' title='bbox 483 2929 536 2988; x_wconf 76' lang='grc' dir='ltr'><em>Ξ</em></span> <span class='ocrx_word' id='word_1_235' title='bbox 551 2934 886 2996; x_wconf 87' lang='lat' dir='ltr'><strong>reponendum</strong></span> <span class='ocrx_word' id='word_1_236' title='bbox 910 2950 1021 2983; x_wconf 88' lang='lat' dir='ltr'><strong>esse</strong></span> <span class='ocrx_word' id='word_1_237' title='bbox 1051 2935 1240 3000; x_wconf 84' lang='lat' dir='ltr'><strong>signum</strong></span> <span class='ocrx_word' id='word_1_238' title='bbox 1258 2935 1520 2984; x_wconf 90' lang='lat' dir='ltr'><strong>Zconiicio</strong></span> <span class='ocrx_word' id='word_1_239' title='bbox 1532 2931 1628 2997; x_wconf 87' lang='lat'><strong>**).</strong></span> <span class='ocrx_word' id='word_1_240' title='bbox 1664 2934 2012 3000; x_wconf 83' lang='lat' dir='ltr'><strong>Septendecim</strong></span> 
     </span>
    </p>
   </div>
   <div class='ocr_carea' id='block_1_3' title="bbox 358 3010 2108 3083">
    <p class='ocr_par' dir='ltr' id='par_1_9' title="bbox 358 3010 2108 3083">
     <span class='ocr_line' id='line_1_34' title="bbox 358 3010 2108 3083; baseline 0.002 -23"><span class='ocrx_word' id='word_1_241' title='bbox 358 3012 507 3076; x_wconf 81' lang='lat' dir='ltr'><strong>igitur</strong></span> <span class='ocrx_word' id='word_1_242' title='bbox 537 3010 726 3060; x_wconf 85' lang='lat' dir='ltr'><strong>fabulas</strong></span> <span class='ocrx_word' id='word_1_243' title='bbox 747 3027 903 3075; x_wconf 88' lang='lat' dir='ltr'><strong>usque</strong></span> <span class='ocrx_word' id='word_1_244' title='bbox 925 3014 988 3062; x_wconf 88' lang='lat' dir='ltr'><strong>ad</strong></span> <span class='ocrx_word' id='word_1_245' title='bbox 1015 3013 1094 3065; x_wconf 88' lang='lat'><strong>01.</strong></span> <span class='ocrx_word' id='word_1_246' title='bbox 1121 3017 1203 3072; x_wconf 88' lang='grc'><strong>85,</strong></span> <span class='ocrx_word' id='word_1_247' title='bbox 1227 3017 1274 3064; x_wconf 87' lang='lat'><strong>2.</strong></span> <span class='ocrx_word' id='word_1_248' title='bbox 1290 3051 1303 3074; x_wconf 94' lang='lat'><strong>,</strong></span> <span class='ocrx_word' id='word_1_249' title='bbox 1337 3029 1433 3077; x_wconf 91' lang='lat' dir='ltr'><strong>quo</strong></span> <span class='ocrx_word' id='word_1_250' title='bbox 1465 3018 1575 3062; x_wconf 84' lang='lat' dir='ltr'><strong>acta</strong></span> <span class='ocrx_word' id='word_1_251' title='bbox 1599 3018 1676 3062; x_wconf 86' lang='lat' dir='ltr'><strong>est</strong></span> <span class='ocrx_word' id='word_1_252' title='bbox 1701 3014 1930 3077; x_wconf 86' lang='lat' dir='ltr'><strong>Alcestis,</strong></span> <span class='ocrx_word' id='word_1_253' title='bbox 1962 3015 2012 3064; x_wconf 86' lang='lat' dir='ltr'><strong>in</strong></span> <span class='ocrx_word' id='word_1_254' title='bbox 2106 3079 2108 3083; x_wconf 23' lang='grc' dir='ltr'>ι</span> 
     </span>
    </p>
   </div>
   <div class='ocr_carea' id='block_1_4' title="bbox 359 3090 2012 3313">
    <p class='ocr_par' dir='ltr' id='par_1_10' title="bbox 359 3090 2012 3313">
     <span class='ocr_line' id='line_1_35' title="bbox 359 3090 2012 3158; baseline 0.002 -19"><span class='ocrx_word' id='word_1_255' title='bbox 359 3106 555 3139; x_wconf 86' lang='lat' dir='ltr'><strong>scenam</strong></span> <span class='ocrx_word' id='word_1_256' title='bbox 597 3090 657 3138; x_wconf 86' lang='lat' dir='ltr'><strong>ab</strong></span> <span class='ocrx_word' id='word_1_257' title='bbox 698 3090 936 3156; x_wconf 90' lang='lat' dir='ltr'><strong>Euripide</strong></span> <span class='ocrx_word' id='word_1_258' title='bbox 979 3092 1163 3142; x_wconf 88' lang='lat' dir='ltr'><strong>delatas</strong></span> <span class='ocrx_word' id='word_1_259' title='bbox 1211 3109 1323 3142; x_wconf 73' lang='lat' dir='ltr'><strong>esse</strong></span> <span class='ocrx_word' id='word_1_260' title='bbox 1357 3092 1617 3151; x_wconf 85' lang='lat' dir='ltr'><strong>docemur,</strong></span> <span class='ocrx_word' id='word_1_261' title='bbox 1664 3093 1795 3158; x_wconf 86' lang='lat' dir='ltr'><strong>quod</strong></span> <span class='ocrx_word' id='word_1_262' title='bbox 1829 3093 2012 3143; x_wconf 88' lang='lat' dir='ltr'><strong>factum</strong></span> 
     </span>
     <span class='ocr_line' id='line_1_36' title="bbox 361 3168 2008 3240; baseline 0.001 -22"><span class='ocrx_word' id='word_1_263' title='bbox 361 3184 473 3218; x_wconf 90' lang='lat' dir='ltr'><strong>esse</strong></span> <span class='ocrx_word' id='word_1_264' title='bbox 504 3168 715 3217; x_wconf 88' lang='lat' dir='ltr'><strong>arbitror</strong></span> <span class='ocrx_word' id='word_1_265' title='bbox 747 3170 847 3232; x_wconf 88' lang='lat' dir='ltr'><strong>sic,</strong></span> <span class='ocrx_word' id='word_1_266' title='bbox 880 3176 936 3220; x_wconf 89' lang='lat' dir='ltr'><strong>ut</strong></span> <span class='ocrx_word' id='word_1_267' title='bbox 967 3171 1044 3220; x_wconf 86' lang='lat' dir='ltr'><strong>bis</strong></span> <span class='ocrx_word' id='word_1_268' title='bbox 1078 3172 1276 3236; x_wconf 81' lang='lat' dir='ltr'><strong>singulis</strong></span> <span class='ocrx_word' id='word_1_269' title='bbox 1306 3171 1498 3234; x_wconf 81' lang='lat' dir='ltr'><strong>fabuIiS‚</strong></span> <span class='ocrx_word' id='word_1_270' title='bbox 1535 3173 1688 3221; x_wconf 89' lang='lat' dir='ltr'><strong>semel</strong></span> <span class='ocrx_word' id='word_1_271' title='bbox 1724 3171 1918 3240; x_wconf 80' lang='lat' dir='ltr'><strong>trilogia</strong></span> <span class='ocrx_word' id='word_1_272' title='bbox 1950 3189 2008 3220; x_wconf 85' lang='lat' dir='ltr'><strong>ac</strong></span> 
     </span>
     <span class='ocr_line' id='line_1_37' title="bbox 360 3248 1256 3313; baseline 0.001 -16"><span class='ocrx_word' id='word_1_273' title='bbox 360 3254 440 3297; x_wconf 87' lang='lat' dir='ltr'><strong>ter</strong></span> <span class='ocrx_word' id='word_1_274' title='bbox 470 3248 746 3313; x_wconf 86' lang='lat' dir='ltr'><strong>tetralogiis</strong></span> <span class='ocrx_word' id='word_1_275' title='bbox 778 3250 838 3297; x_wconf 89' lang='lat' dir='ltr'><strong>ab</strong></span> <span class='ocrx_word' id='word_1_276' title='bbox 873 3266 934 3299; x_wconf 90' lang='lat' dir='ltr'><strong>eo</strong></span> <span class='ocrx_word' id='word_1_277' title='bbox 967 3256 1256 3303; x_wconf 86' lang='lat' dir='ltr'><strong>certaretur.</strong></span> 
     </span>
    </p>
   </div>
   <div class='ocr_carea' id='block_1_5' title="bbox 378 3359 2011 3558">
    <p class='ocr_par' dir='ltr' id='par_1_11' title="bbox 378 3359 2011 3558">
     <span class='ocr_line' id='line_1_38' title="bbox 399 3359 1876 3421; baseline 0.003 -20"><span class='ocrx_word' id='word_1_278' title='bbox 399 3359 442 3413; x_wconf 86' lang='lat'><strong>*)</strong></span> <span class='ocrx_word' id='word_1_279' title='bbox 471 3359 652 3402; x_wconf 81' lang='lat' dir='ltr'><strong>suidas:</strong></span> <span class='ocrx_word' id='word_1_280' title='bbox 684 3359 942 3414; x_wconf 81' lang='grc' dir='ltr'><strong>ἐπεδείξατο</strong></span> <span class='ocrx_word' id='word_1_281' title='bbox 971 3360 1022 3404; x_wconf 62' lang='grc' dir='ltr'><strong>δὲ</strong></span> <span class='ocrx_word' id='word_1_282' title='bbox 1049 3359 1184 3414; x_wconf 75' lang='grc' dir='ltr'><em>ὅλους</em></span> <span class='ocrx_word' id='word_1_283' title='bbox 1214 3362 1451 3415; x_wconf 71' lang='grc' dir='ltr'><em>ἐνιαυτοὺς</em></span> <span class='ocrx_word' id='word_1_284' title='bbox 1477 3363 1545 3413; x_wconf 80' lang='grc' dir='ltr'><strong>κς’</strong></span> <span class='ocrx_word' id='word_1_285' title='bbox 1573 3365 1738 3421; x_wconf 75' lang='lat' dir='ltr'><strong>(scribe</strong></span> <span class='ocrx_word' id='word_1_286' title='bbox 1765 3364 1876 3420; x_wconf 58' lang='lat' dir='ltr'><strong>pas-⁹).</strong></span> 
     </span>
     <span class='ocr_line' id='line_1_39' title="bbox 378 3429 2011 3490; baseline -0.001 -15"><span class='ocrx_word' id='word_1_287' title='bbox 378 3429 444 3483; x_wconf 64' lang='lat' dir='ltr'><strong>f*)</strong></span> <span class='ocrx_word' id='word_1_288' title='bbox 470 3429 716 3475; x_wconf 74' lang='lat' dir='ltr'><strong>Levissima</strong></span> <span class='ocrx_word' id='word_1_289' title='bbox 742 3432 857 3474; x_wconf 80' lang='lat' dir='ltr'><strong>haec</strong></span> <span class='ocrx_word' id='word_1_290' title='bbox 885 3432 1070 3474; x_wconf 86' lang='lat' dir='ltr'><strong>mutatio</strong></span> <span class='ocrx_word' id='word_1_291' title='bbox 1099 3438 1165 3475; x_wconf 88' lang='lat' dir='ltr'><strong>est</strong></span> <span class='ocrx_word' id='word_1_292' title='bbox 1194 3434 1401 3487; x_wconf 87' lang='lat' dir='ltr'><strong>omnium,</strong></span> <span class='ocrx_word' id='word_1_293' title='bbox 1432 3436 1486 3477; x_wconf 91' lang='lat' dir='ltr'><strong>de</strong></span> <span class='ocrx_word' id='word_1_294' title='bbox 1517 3436 1673 3490; x_wconf 88' lang='lat' dir='ltr'><strong>quibus</strong></span> <span class='ocrx_word' id='word_1_295' title='bbox 1700 3432 1889 3490; x_wconf 78' lang='lat' dir='ltr'><strong>cog-itari</strong></span> <span class='ocrx_word' id='word_1_296' title='bbox 1914 3437 2011 3487; x_wconf 86' lang='lat' dir='ltr'><strong>pot-</strong></span> 
     </span>
     <span class='ocr_line' id='line_1_40' title="bbox 473 3500 2011 3558; baseline 0.002 -18"><span class='ocrx_word' id='word_1_297' title='bbox 473 3505 554 3542; x_wconf 76' lang='lat' dir='ltr'><strong>est.</strong></span> <span class='ocrx_word' id='word_1_298' title='bbox 594 3500 681 3542; x_wconf 86' lang='lat' dir='ltr'><strong>Alii</strong></span> <span class='ocrx_word' id='word_1_299' title='bbox 703 3503 775 3543; x_wconf 79' lang='lat' dir='ltr'><strong>vel</strong></span> <span class='ocrx_word' id='word_1_300' title='bbox 803 3505 830 3544; x_wconf 72' lang='lat' dir='ltr'><strong>f</strong></span> <span class='ocrx_word' id='word_1_301' title='bbox 855 3503 928 3544; x_wconf 76' lang='lat' dir='ltr'><strong>vel</strong></span> <span class='ocrx_word' id='word_1_302' title='bbox 949 3505 989 3545; x_wconf 84' lang='lat' dir='ltr'><strong>E</strong></span> <span class='ocrx_word' id='word_1_303' title='bbox 1007 3503 1174 3556; x_wconf 86' lang='lat' dir='ltr'><strong>(potius</strong></span> <span class='ocrx_word' id='word_1_304' title='bbox 1194 3505 1261 3558; x_wconf 78' lang='grc' dir='ltr'><strong>Ε)</strong></span> <span class='ocrx_word' id='word_1_305' title='bbox 1282 3507 1552 3557; x_wconf 82' lang='lat' dir='ltr'><strong>maluerunt3</strong></span> <span class='ocrx_word' id='word_1_306' title='bbox 1583 3505 1641 3547; x_wconf 85' lang='lat' dir='ltr'><strong>cf.</strong></span> <span class='ocrx_word' id='word_1_307' title='bbox 1668 3504 1834 3546; x_wconf 81' lang='lat' dir='ltr'><strong>Welck.</strong></span> <span class='ocrx_word' id='word_1_308' title='bbox 1853 3517 1893 3557; x_wconf 86' lang='lat' dir='ltr'><strong>p.</strong></span> <span class='ocrx_word' id='word_1_309' title='bbox 1913 3501 2011 3543; x_wconf 75' lang='lat'><strong>450.</strong></span> 
     </span>
    </p>
   </div>
   <div class='ocr_carea' id='block_1_6' title="bbox 974 3601 1102 3606">
    <p class='ocr_par' dir='ltr' id='par_1_12' title="bbox 974 3601 1102 3606">
     <span class='ocr_line' id='line_1_41' title="bbox 974 3601 1102 3606; baseline 0 0"><span class='ocrx_word' id='word_1_310' title='bbox 974 3601 1102 3606; x_wconf 95' lang='lat' dir='ltr'><strong> </strong></span> 
     </span>
    </p>
   </div>
   <div class='ocr_carea' id='block_1_7' title="bbox 1103 3601 1362 3607">
    <p class='ocr_par' dir='ltr' id='par_1_13' title="bbox 1103 3601 1362 3607">
     <span class='ocr_line' id='line_1_42' title="bbox 1103 3601 1362 3607; baseline 0 0"><span class='ocrx_word' id='word_1_311' title='bbox 1103 3601 1362 3607; x_wconf 95' lang='lat' dir='ltr'><strong> </strong></span> 
     </span>
    </p>
   </div>
  </div>
 </body>
</html>
