2144 3854
1127 253 1245 311 136

353 402 531 463 αὐτόν,
565 401 654 453 καὶ
686 395 1005 465 συλληφθεὶς
1038 396 1142 449 ὑπὸ
1178 394 1418 449 Θυέστου
1451 396 1539 448 καὶ
1578 393 1809 464 Ἀτρέως,
1842 397 2020 462 ἐλέους

350 480 496 549 ἔτυχε
527 477 673 546 παρὰ
706 477 951 539 Πέλοπος
983 477 1072 530 διὰ
1102 476 1198 529 τὸν
1215 473 1400 543 ἔρωτα.
1469 468 1882 557 Ἱπποδάμειῳᾶ
1905 478 2020 542 ἀνέ-

349 565 534 614 πειθεν
570 553 751 624 Ἀτρέα
781 556 872 610 καὶ
905 556 1145 625 Θυέστην
1176 557 1413 624 ἀναιρεῖν
1461 557 1655 622 αὐτόν,
1696 536 1883 613 εόδῦἵα
1898 557 2019 627 {sns-

351 643 483 692 σθαι
506 637 735 706 ἔφεδρον
758 638 1036 704 βασιλείας.
1111 640 1232 690 Τῶν
1264 637 1322 691 δὲ
1355 636 1749 705 ἀρνησαμένων,
1783 638 1937 708 αὐτὴ
1946 645 2022 708 τῷ

349 720 504 787 μύσει
533 717 627 780 τὰς
657 722 828 787 χεῖρας
861 717 1051 787 ἔχρισε·
1083 715 1276 781 νυκτὸς
1294 717 1397 786 γὰρ
1419 718 1655 785 βαθείας,
1685 718 2022 787 κοιμωμένου

351 798 544 863 Λαΐου,
575 797 636 852 τὸ
668 798 821 866 ξίφος
851 797 1112 852 ἑλκύσασα
1143 798 1233 853 καὶ
1276 798 1521 865 τρώσασα
1564 799 1660 852 τὸν
1706 800 2024 866 Χρύσιππον

351 877 776 948 ἐγκαταπήγνυσι
806 879 867 933 τὸ
899 880 1063 947 ξίφος.
1132 874 1475 948 Ἵῖπονοηθεὶς
1506 878 1563 932 δὲ
1595 880 1627 932 ὁ
1661 881 1824 943 Λάϊος
1852 876 1950 934 διὰ
1953 881 2023 934 τὸ

351 959 522 1027 ξίφος,
554 960 736 1028 ῥύεται
766 959 873 1014 ὑπὸ
904 961 1195 1029 ἡμιθνῆτος
1225 965 1324 1028 τοῦ
1359 960 1708 1027 Χρυσίππου
1756 959 1854 1029 τὴν
1895 959 2022 1031 ἀλή-

350 1044 511 1094 θειαν
559 1040 1000 1109 ὁμολογήσαντος.
1077 1035 1142 1093 ‘0
1189 1040 1246 1093 δὲ
1288 1041 1466 1104 θάψας
1513 1040 1612 1109 τὴν
1649 1035 2023 1108 Ἱπποδάμειαν

353 1118 611 1188 ἐξώρισεν,
646 1121 719 1183 ὥς
749 1122 1014 1183 Δοσίθεος
1047 1120 1105 1174 ἐν
1138 1121 1475 1184 Πελοπίδαις.
1539 1124 1779 1187 Fontem,
1825 1129 1884 1174 ut
1915 1137 2025 1173 sae-

352 1203 484 1269 pius,
516 1204 867 1265 dissimulavit3
901 1205 1031 1254 idem
1068 1204 1190 1254 fecit
1221 1219 1281 1253 eo
1324 1205 1463 1263 loco,
1512 1219 1605 1268 quo
1652 1204 1791 1254 Aeoli
1823 1202 2026 1268 Euripi-

355 1283 433 1332 dis
478 1289 820 1349 argumentum
867 1286 1083 1349 exponit.
1151 1284 1382 1333 Ceterum
1416 1283 1757 1348 supplementa
1789 1282 2028 1348 quaedam

356 1361 504 1412 huius
538 1363 829 1413 narrationis
876 1363 1253 1429 suppeditantur
1284 1363 1346 1411 ab
1381 1361 1634 1412 Athenaeo
1666 1362 1793 1413 xm.
1827 1381 1877 1429 p.
1910 1364 2025 1412 602.

355 1438 436 1503 F„
472 1440 711 1491 Pausania
734 1442 817 1503 Vl,
839 1445 921 1503 20,
944 1444 1013 1503 4.‚
1064 1442 1265 1492 Aeliano
1300 1442 1425 1491 Hist.
1451 1435 1596 1492 anim.
1623 1440 1708 1504 Vl,
1744 1443 1841 1504 14„
1874 1439 2028 1506 Apol-

355 1518 530 1570 lodoro
561 1520 647 1582 111,
681 1521 728 1582 5,
763 1524 811 1570 5.
876 1521 1103 1571 Latinum
1146 1526 1308 1570 autem
1356 1521 1574 1570 reddidit
1606 1522 1704 1570 hoc
1737 1521 1906 1573 drama
1937 1519 2028 1570 At-

357 1599 474 1662 tius,
508 1598 595 1663 qui
627 1598 916 1665 Euripidem
947 1600 1241 1664 tragicorum
1277 1600 1487 1649 omnium
1521 1600 1719 1649 maximi
1748 1599 1933 1651 fecisse
1958 1600 2030 1650 vi-

357 1678 502 1729 detur
535 1684 585 1728 et
615 1677 1016 1744 frequentissime
1046 1679 1264 1729 imitatus
1300 1685 1393 1731 est.

488 1757 751 1824 Prologum
784 1760 846 1809 ab
880 1758 1207 1824 Hippodamia
1240 1764 1402 1808 actum
1440 1774 1554 1809 esse
1575 1759 1813 1824 suspicor.
1854 1757 2032 1824 Finge-

360 1840 504 1888 batur
537 1838 844 1904 Chrysippus
879 1855 907 1888 a
940 1839 1061 1888 Laio
1095 1841 1328 1902 abreptus
1363 1837 1563 1889 Thebas
1597 1837 1918 1888 cummaxime
1947 1853 2042 1897 ail-⁸

361 1916 502 1978 ferri,
532 1916 716 1967 fratres
750 1923 912 1968 autem
945 1918 1075 1967 illius
1102 1934 1130 1966 a
1156 1917 1343 1983 Pelope
1365 1917 1427 1966 ad
1449 1917 1841 1983 persequendum
1866 1922 2034 1982 rapto-

362 2012 471 2046 rem
501 1997 988 2062 recuperandamque
1018 1997 1222 2047 fratrem
1266 1997 1433 2046 emissi
1475 2013 1601 2047 esse.
1668 1997 1867 2062 ltaque,
1916 1997 2036 2046 dum
2076 2043 2085 2049 .

363 2075 555 2126 reditus
587 2077 800 2127 filiorum
834 2081 1172 2143 exspectatur,
1218 2092 1427 2127 noverca
1479 2076 1746 2142 Chrysippi
1778 2092 1865 2136 ea,
1911 2089 2038 2141 quae

366 2156 482 2205 sciri
501 2172 706 2207 necesse
729 2163 851 2218 erat,
887 2158 951 2206 de
983 2157 1289 2206 matrimonio
1322 2172 1431 2218 suo,
1465 2157 1528 2206 de
1562 2155 1714 2221 spurii
1742 2156 1833 2205 filii
1866 2154 2039 2205 natali·

366 2236 476 2296 buS,
508 2236 572 2285 de
604 2237 757 2302 patris
789 2238 839 2286 in
870 2237 1001 2286 hunc
1034 2252 1218 2296 amore,
1253 2236 1462 2300 denique
1492 2235 1556 2284 de
1588 2235 1695 2284 Laii
1713 2236 1922 2302 perfidia
1947 2254 2039 2288 ex-

368 2315 597 2379 posuisse
629 2316 839 2366 videtur.
906 2316 1130 2381 Namque
1161 2316 1260 2376 hic,
1294 2331 1444 2378 quum
1478 2314 1695 2380 hospitio
1729 2313 1925 2382 Pelopis
1949 2333 2042 2382 per

370 2393 584 2459 quinque
617 2395 721 2446 dies
755 2400 977 2445 uteretur
1001 2393 1071 2458 *)‚
1107 2410 1272 2444 amore
1307 2398 1478 2457 captus
1512 2394 1793 2460 Chrysippi,
1826 2393 1951 2446 dixit
1982 2411 2042 2447 se

368 2472 495 2522 velle
528 2473 775 2538 aurigandi
806 2479 913 2524 arte
945 2475 1076 2524 hunc
1108 2475 1364 2523 instituere
1399 2490 1458 2523 eo
1491 2474 1724 2535 consilio,
1757 2478 1815 2524 ut
1845 2474 1896 2524 in
1929 2491 2041 2524 cur-

371 2568 478 2601 rum
524 2553 768 2603 sublatum
811 2552 1009 2604 Thebas
1043 2553 1312 2604 abduceret
1338 2550 1438 2618 **)‚
1508 2552 1796 2602 Gratulatur
1828 2553 1922 2604 sihi
1953 2570 2043 2605 no-

371 2647 515 2682 verca
548 2622 741 2683 remoto
772 2634 1010 2700 privigno,
1044 2634 1194 2699 patris
1222 2632 1431 2694 deliciis,
1466 2633 1547 2697 qui
1581 2648 1643 2682 ne
1665 2648 1873 2709 unquam
1894 2649 2044 2684 recu-

372 2717 608 2779 peretur,
654 2712 975 2764 vehementer
1009 2713 1157 2779 cupit.
1224 2711 1399 2762 Prodit
1430 2712 1492 2762 ad
1524 2712 1660 2761 illam
1691 2710 1904 2777 Pelops,
1935 2713 2045 2778 pie-

372 2807 463 2842 nus
498 2791 734 2843 desiderii
764 2809 1037 2860 parumque
1071 2792 1250 2855 celans,
1309 2796 1610 2857 quantopere
1641 2791 1856 2856 spurium
1888 2791 2044 2843 filium

448 3010 490 3062 ¹⁸)
516 3007 745 3051 Plutarch.
773 3006 918 3050 Amat.
946 3019 993 3061 p.
1019 3004 1119 3049 ⁷5⁰.
1148 3006 1209 3048 B:
1259 3003 1322 3062 τῷ
1361 3001 1488 3060 Λαΐῳ
1524 2999 1658 3045 πέντε
1693 2999 1837 3055 μόνον
1866 2998 2049 3061 ἡμερῶν

514 3075 732 3131 α’πέχοντι
757 3076 841 3131 τῆς
867 3075 1059 3132 πάτρας.

419 3146 487 3203 **)
513 3147 715 3202 Apollod.
744 3147 776 3188 1.
805 3148 863 3189 Le
895 3145 1182 3199 ἐπιξενοῦται
1211 3142 1398 3195 Πέλοπι,
1425 3139 1503 3185 καὶ
1530 3139 1697 3186 τούτου
1725 3142 1872 3186 παῖδα
1897 3137 2049 3196 ἅρμα-

517 3217 759 3272 τοδραμεῖν
787 3213 1040 3267 διδάσκων,
1082 3213 1295 3274 ἐρασθεὶς
1322 3209 1588 3270 ἀναρπάζει.
1653 3212 1904 3257 Athenaeus
1930 3210 1962 3252 1.
1991 3211 2046 3254 L:

519 3283 663 3330 Λάϊον
691 3286 948 3340 ξενωθέντα
978 3284 1104 3343 παρὰ
1134 3283 1307 3329 Πέλοπι
1334 3282 1412 3328 καὶ
1438 3280 1691 3341 ἐρασθέντα
1717 3281 1802 3326 τοῦ
1833 3279 1943 3324 υἱοῦ
1970 3276 2053 3323 av’-

518 3357 603 3401 τοῦ
629 3357 912 3415 Χρυσίππου,
944 3351 1000 3400 ὃν
1026 3354 1103 3401 καὶ
1132 3351 1404 3414 ἁρπάσαντα
1432 3351 1510 3397 καὶ
1539 3350 1826 3408 οἷναθέμενον
1846 3350 1911 3402 εἰς
1929 3344 2053 3408 ἅρμα

526 3427 589 3477 εἰς
619 3423 773 3485 Θήβας
801 3429 979 3482 φυγεῖν.
