2144 3854
941 240 1022 296 79

150 385 431 452 Χίμαιραν.
502 378 568 437 Ὃ
610 383 669 436 δὲ
699 383 1092 449 ἀγωνισάμενος
1136 383 1197 435 τὸ
1243 381 1438 450 θηρίον
1469 381 1684 446 ἀνεῖ[λε,
1730 383 1818 437 καὶ

150 461 358 527 αὐτίκα]
382 465 435 533 *)
478 464 876 532 ἐπιστρατεύσας
920 463 993 523 εἰς
1044 461 1144 530 τὴν
1196 463 1522 528 Τί[ρυνθον,
1566 470 1710 524 κατε]
1734 463 1817 531 **)

151 546 393 615 μέμψατο
423 547 519 599 τὸν
555 549 837 610 [Προῖτον·
883 543 1084 612 ἠξίωσε]
1124 542 1180 595 δὲ
1213 542 1301 595 καὶ
1334 542 1431 611 τὴν
1465 545 1818 612 Σθενέβοῃαν

151 630 224 691 εἰς
255 627 525 697 τιμωρίαν]
562 626 773 689 ἀπάξειν
798 624 925 692 ***).
992 624 1209 676 Μαθὼν
1243 623 1300 675 δὲ
1332 625 1426 676 τὸν
1451 628 1691 691 Προῖτον
1715 627 1819 692 πρὸ

161 710 450 777 Τί[ρυνθος
491 711 596 758 sive
639 707 933 773 Τιρύνθου]
961 705 1098 772 ****)
1133 704 1219 756 ἐπὶ
1250 705 1510 772 β[οηθείᾳ]
1548 707 1820 776 ἀναχωρῆ-

151 803 256 854 σαι,
288 788 636 855 ἀνα[βιβάσας
669 786 751 839 ἐπὶ
782 787 894 847 τὸν]
930 786 1173 854 πήγασον
1202 784 1300 853 τὴν
1334 786 1714 853 Σθενέβοῌαν,
1750 788 1821 850 ὥς

154 870 288 934 ἕξων
326 872 572 938 γυναῖκα]
602 870 683 934 †),
732 866 816 920 ἐπὶ
865 866 962 935 τὴν
1006 867 1285 919 θάλασσαν
1338 870 1504 934 ἥρ[θη
1551 868 1624 928 εἰς
1663 867 1818 931 ὕψος.

158 950 288 1019 Τὴν]
340 951 397 1003 δὲ
428 948 562 1003 κατὰ
594 951 792 1018 Μῆλον
822 947 920 1016 τὴν
953 953 1122 1015 νῆσον
1158 947 1248 1010 [εἰς
1279 949 1555 1000 θάλασσαν
1589 945 1822 1015 ἔῤ1ῥιψεν

150 1029 319 1100 αὐτὴν
350 1029 538 1098 (scribe
570 1028 766 1096 ἔρριψε,
800 1029 889 1082 καὶ
923 1024 1114 1098 αὐτὴν)
1141 1027 1237 1097 μὲν
1264 1029 1675 1089 ἀποθ[ανοῦσαν
1698 1027 1819 1092 ἐκεῖ]

149 1111 308 1174 ἁλιεῖς
341 1112 694 1178 ἀναλαβόντες
729 1107 958 1179 [ἔφερον]
995 1112 1066 1172 εἰς
1108 1111 1397 1178 Τίρυνθον,
1429 1111 1588 1163 πάλιν
1621 1108 1678 1163 δὲ
1718 1108 1823 1164 ἐπι-

150 1194 524 1260 στ[ρεψάμενος
557 1192 604 1253 ὁ]
643 1193 1066 1260 Βελλεροφόντης
1098 1193 1232 1259 πρὸς
1262 1192 1357 1244 τὸν
1391 1194 1632 1257 Προῖτον
1665 1187 1825 1254 αὐτὸς

149 1273 452 1340 ὡμολόγησε
495 1272 812 1340 πεπραχέναι
857 1279 1054 1326 ταῦτα·
1103 1271 1208 1335 δὶς
1258 1272 1380 1340 γὰρ
1426 1271 1822 1340 ἐπιβουλευ-

148 1354 357 1408 θέντα
396 1355 485 1407 ὑπ’
519 1354 851 1422 ἀμφοτέρων,
884 1355 1038 1422 δίκην
1066 1353 1336 1421 εἰληφέναι
1368 1353 1466 1422 τὴν
1498 1353 1824 1422 πρέπουσαν,

149 1441 244 1506 τῆς
266 1435 363 1503 μὲν
387 1437 460 1498 εἰς
491 1437 552 1488 τὸ
588 1438 697 1505 ζῆν,
730 1441 828 1489 τοῦ
864 1435 920 1488 δὲ
954 1436 1027 1498 εἰς
1059 1432 1119 1488 τὸ
1151 1438 1451 1490 λυπεῖσθαι.
1520 1439 1646 1487 Cum
1677 1456 1823 1490 exer-

150 1521 252 1570 citu
283 1519 433 1585 igitur
463 1519 756 1583 Tirynthum
790 1535 1016 1567 reversus
1052 1524 1128 1567 est
1176 1515 1627 1583 (ἐπιστρατεύσας)
1660 1520 1822 1569 Belle-

150 1599 370 1663 rophon:
406 1615 556 1663 quare
590 1613 686 1646 non
719 1603 796 1648 est
829 1598 1172 1671 dubitandum,
1216 1599 1331 1661 quin
1365 1599 1504 1647 chori
1536 1615 1712 1648 munus
1745 1599 1824 1649 vel

151 1678 375 1727 omnibus
407 1679 639 1727 militibus
672 1678 752 1726 vel
786 1679 911 1743 parti
944 1694 1114 1726 eorum
1148 1677 1423 1741 delegatum
1454 1679 1623 1728 fuerit.
1689 1680 1826 1728 Evo-

152 1764 262 1807 cato
297 1774 359 1807 ex
391 1759 590 1807 aedibus
623 1758 820 1818 Proeto,
856 1757 1264 1822 Bellerophontes
1299 1759 1511 1822 primum
1550 1761 1824 1809 accusando

148 1837 344 1887 videtur
375 1837 722 1903 arguendoque
755 1838 959 1886 efficere
992 1837 1260 1897 studuisse,
1295 1845 1348 1886 nt
1371 1838 1580 1887 Proetus
1601 1855 1823 1903 uxorem,

149 1933 274 1980 quae
317 1932 415 1966 non
456 1918 617 1965 minus
665 1919 838 1966 marito
883 1933 1028 1981 quam
1061 1917 1246 1982 hospiti
1280 1933 1335 1966 se
1367 1917 1582 1982 iniquam
1614 1923 1823 1986 praesti-

147 1999 308 2056 tisset,
342 1996 405 2046 ad
437 1997 734 2062 supplicium
770 1998 1058 2047 sumendum
1108 1998 1202 2048 sibi
1233 1998 1467 2048 traderet.
1537 1999 1640 2049 Sed
1674 2017 1824 2065 quum

147 2076 388 2137 ProetuS‚
435 2078 692 2141 promissis
727 2079 1073 2142 concessisque
1106 2078 1156 2126 in
1190 2078 1407 2143 speciem
1442 2079 1530 2141 iis,
1573 2097 1698 2145 quae
1731 2083 1822 2131 ho-

147 2172 263 2222 spes
295 2156 586 2222 postulabat‚
623 2158 789 2208 dolum
820 2165 1044 2224 pararet,
1095 2159 1270 2223 vixque
1303 2160 1532 2209 dimissus
1565 2177 1628 2211 ex
1659 2162 1822 2212 Belle-

221 2357 260 2410 “)
290 2355 463 2398 Welck.
493 2355 570 2399 καὶ
599 2353 752 2400 πάλιν.

203 2426 262 2480 ”)
292 2425 362 2467 W.
394 2426 458 2475 εἰς
485 2425 570 2482 τὴν
597 2427 832 2485 τιμωρίαν.

175 2495 264 2550 ***)
293 2496 366 2538 W.
408 2495 730 2553 κατεμέμψατο
759 2495 841 2541 τὸν
872 2499 1071 2554 Προῖτον
1099 2495 1244 2543 αὐτὸν
1272 2498 1323 2544 δὲ
1350 2498 1428 2543 καὶ
1454 2497 1539 2556 τὴν
1568 2503 1660 2545 zo.
1688 2498 1821 2548 ἀπει-

295 2564 435 2622 λήσας
460 2563 667 2620 ἀπάξειν.

147 2637 258 2692 ****)
291 2637 518 2680 Lacunam
551 2637 730 2692 reliquit
764 2637 837 2679 W.
878 2637 1002 2679 Idem
1043 2651 1148 2680 mox
1190 2636 1264 2682 ἐπὶ
1303 2636 1456 2695 βωμὸν
1492 2638 1608 2692 Διός
1634 2656 1715 2696 pro
1747 2642 1827 2688 ἐπὶ
1858 2668 1860 2670 -

293 2708 503 2766 βοηθείᾳ.
1410 2763 1413 2772 ,

213 2778 266 2832 †)
295 2779 366 2821 W.
395 2776 706 2835 Σθενέβοιαν,
747 2775 832 2822 σὺν
874 2773 993 2836 αὐτῇ
1035 2776 1108 2820 ἐπὶ
1138 2775 1224 2833 τὴν
1250 2777 1493 2825 θάλασσαν
1522 2783 1615 2824 κτλ.
1671 2782 1821 2827 Schol.

294 2849 354 2892 ad
379 2850 512 2892 Arist.
540 2850 648 2891 Pac.
676 2863 719 2891 v.
749 2846 845 2890 140.
876 2853 920 2891 ct
950 2848 1135 2891 Suidam
1162 2853 1338 2891 secutus
1378 2863 1496 2903 sum,
1529 2865 1717 2906 quorum
1745 2854 1821 2897 hic

296 2933 333 2964 s.
361 2935 404 2963 v.
435 2916 760 2978 τραγικώτερος
787 2921 904 2962 haec
934 2934 1035 2961 cum
1072 2919 1193 2962 iuius
1234 2920 1382 2962 verbis
1424 2922 1713 2978 congruentia
1747 2938 1820 2967 re-

293 2989 404 3033 fert=
432 2986 772 3048 Ἀριστοφάνης·
812 2986 1013 3043 ,,οὖκοῦν
1041 2987 1194 3047 ἔχρησε
1222 2990 1432 3046 πηγάσου
1459 2993 1610 3046 ζεῦξαι
1636 2994 1821 3053 πτερόν,

293 3056 419 3111 ὅπως
449 3059 642 3116 ἐφαίνου
674 3065 771 3111 τοῖς
797 3063 927 3111 θεοῖς
954 3059 1329 3118 τραγικώτερος;”
1376 3063 1629 3108 Αἰνίττεται
1669 3063 1721 3110 δὲ
1762 3065 1822 3110 τὰ

291 3130 396 3188 περὶ
432 3128 608 3189 Ἰκάρου
647 3130 887 3188 λεγόμενα,
930 3126 959 3187 ἢ
999 3129 1097 3175 ἐπεὶ
1135 3133 1264 3176 δοκεῖ
1291 3130 1316 3176 ὁ
1350 3132 1714 3191 Βελλεροφόντης
1737 3136 1822 3193 τὴν

299 3203 385 3246 τοῦ
426 3204 629 3260 Προίτου
669 3207 862 3258 γυναῖκα
913 3201 1026 3257 μετὰ
1067 3200 1151 3257 τὴν
1188 3204 1269 3258 τῆς
1305 3203 1534 3262 Χιμαίρας
1575 3201 1821 3263 ἀναίρεσιν,

297 3269 567 3318 ἐπανελθών
608 3274 671 3324 εἰς
712 3271 950 3330 Κόρινθον
989 3273 1156 3328 (scribe
1201 3274 1482 3330 Τίρυνθον),
1524 3272 1818 3334 ἐξαπατῆσαι,

294 3342 372 3386 καὶ
410 3340 481 3394 ὦς
507 3347 763 3399 γυναῖκα
801 3344 961 3398 (schol.
997 3342 1094 3387 καὶ
1130 3341 1285 3399 ἕξον)
1315 3343 1582 3403 ἐπιβιβάσας
1609 3347 1695 3391 τοῦ
1718 3347 1817 3402 (ἴπ-

291 3414 405 3468 που)
434 3413 642 3470 πηγάσου
670 3415 736 3465 εἰς
761 3413 901 3470 μέσην
930 3414 1065 3471 ῥῖψαι
1090 3413 1176 3472 τὴν
1202 3416 1462 3460 θάλασσαν.
