2144 3854
1126 301 1247 359 286

358 447 637 515 plaudentia
668 447 863 496 theatra
895 445 1084 497 soleant
1115 447 1359 498 admirari.
1425 449 1511 500 An
1559 450 1706 515 quia
1751 451 2018 516 publice

358 530 417 577 in
452 543 598 576 arce
630 526 1124 577 Atheniensium
1161 529 1505 578 coenaret?
1538 545 1599 579 an
1634 531 1746 595 quia
1780 529 2016 588 Macedo-

356 623 472 656 num
507 605 676 671 populi
709 622 820 656 eum
853 607 1127 665 laudabant,
1156 608 1294 657 coelo
1324 607 1522 672 dignum
1543 609 1846 660 iudicasti?
1882 611 2015 675 inde,

353 691 652 750 quantopere
685 686 898 735 carmina
931 688 1033 735 eius
1066 687 1499 751 praestantissimis
1534 690 1811 753 quibusque
1840 691 2016 740 civium

350 765 543 831 probati
577 766 690 826 sint,
722 767 882 814 verius
916 768 1212 831 rectiusque,
1249 783 1390 829 quam
1427 784 1485 816 ex
1513 768 1833 819 certaminum
1857 770 2015 820 ‘victo-

350 845 467 905 riis,
515 862 543 893 a
578 846 901 895 multitudinis
935 847 1134 895 arbitrio
1167 847 1518 911 pendentibuS,
1551 849 1799 898 aestimari
1827 855 2014 918 potest.

352 923 540 974 Verum
586 926 715 989 quod
755 926 1107 990 rempublicam
1151 926 1280 975 nulla
1314 943 1376 975 ex
1410 933 1552 991 parte
1585 928 1829 992 attingens
1863 929 2014 978 vitam

349 1010 596 1069 perpetuo
643 1005 848 1054 otiosam
897 1006 1129 1069 degeret,
1181 1022 1328 1071 saepe
1374 1008 1433 1055 ab
1479 1008 1648 1056 amicis
1681 1009 2013 1072 reprehensus

351 1088 445 1144 est,
481 1083 530 1131 id
565 1084 694 1148 quod
730 1101 791 1133 ex
826 1086 1064 1150 Antiopae
1097 1086 1264 1135 fabula
1295 1087 1601 1150 intelligitur,
1648 1089 1697 1136 in
1732 1102 1826 1151 qua
1859 1089 2012 1138 mani-

348 1161 479 1210 festo
523 1162 647 1212 fecit
680 1164 1002 1229 Amphionem
1038 1181 1258 1213 caussam
1291 1181 1382 1230 pro
1417 1173 1572 1215 semet
1605 1169 1715 1232 ipso
1749 1168 2010 1218 dicentem.

347 1241 508 1290 Huius
543 1243 672 1290 enim
706 1245 859 1292 oratio
895 1250 1001 1293 tum
1033 1245 1257 1294 universa
1291 1246 1402 1294 talis
1436 1251 1546 1308 est,
1581 1247 1711 1310 quali
1745 1247 2011 1312 Euripides

346 1321 419 1370 uti
452 1322 726 1386 potuisset,
773 1331 878 1371 tum
924 1324 1048 1372 haec
1092 1325 1242 1373 verba
1269 1325 1397 1373 vitae
1430 1326 1535 1375 eius
1567 1327 1790 1376 instituto
1823 1327 2011 1394 optime

344 1401 604 1449 convenire
636 1401 886 1450 videntur:

475 1476 612 1540 ὄςτις
643 1479 701 1531 δὲ
733 1482 955 1545 πράσσει
987 1482 1170 1542 πολλά,
1204 1480 1277 1550 μὴ
1310 1482 1562 1550 πράσσειν
1594 1484 1785 1549 παρόν,

472 1561 666 1626 μῶρος,
701 1562 875 1625 παρὸν
910 1564 1004 1630 ζῆν
1035 1561 1203 1630 ἡδέως
1237 1562 1555 1630 ἀπράγμονα
1587 1567 1694 1616 κτλ.

473 1637 575 1705 ἐγὼ
609 1638 706 1706 μὲν
741 1636 841 1692 οὖν
873 1643 1051 1710 ᾄδοιμι
1082 1642 1171 1694 καὶ
1202 1643 1405 1710 λέγοιμί
1436 1661 1487 1695 τι

472 1722 659 1787 σοφόν,
693 1722 971 1788 ταράσσων
1003 1723 1167 1790 μηδὲν
1200 1714 1277 1775 ὧν
1309 1725 1460 1785 πόλις
1491 1726 1650 1776 νοσεῖ.

340 1799 500 1851 Musis
534 1818 628 1851 non
666 1805 814 1853 vitam
851 1812 1054 1865 tantum,
1090 1807 1177 1856 sed
1212 1823 1315 1856 rem
1351 1823 1546 1871 quoque
1567 1804 1858 1854 familiarem
1883 1818 2007 1854 con·

339 1882 573 1931 secravit:
631 1884 826 1948 collegit
860 1886 990 1935 enim
1025 1886 1258 1935 librorum
1293 1888 1482 1951 copiam
1516 1891 1751 1946 tantam,‘
1779 1889 2008 1948 quantam

340 1975 500 2023 neque
545 1967 686 2011 antea
729 1966 982 2028 quisquam
1027 1966 1245 2030 privatus
1293 1967 1584 2030 possederat
1629 1979 1790 2029 neque
1832 1968 2006 2029 postea

338 2041 563 2107 possedit
618 2049 814 2106 praeter
863 2044 1180 2092 Aristotelem
1226 2045 1433 2104 (Athen.
1466 2046 1504 2096 Ι.
1539 2062 1589 2109 p.
1623 2047 1669 2093 3.
1707 2043 1811 2102 A.).
1902 2041 2004 2091 Sed

338 2136 486 2184 quum
520 2137 700 2170 vacuus
734 2123 1002 2171 ambitione
1034 2124 1248 2171 honores
1283 2125 1692 2188 magistratusque
1725 2121 1884 2170 nullos
1913 2137 2003 2185 pe-

335 2203 481 2259 teret,
517 2200 637 2248 nihil
671 2217 765 2250 non
800 2203 1003 2251 curabat
1023 2214 1215 2262 '‘rerum,
1252 2218 1376 2266 quae
1410 2204 1459 2250 in
1487 2202 1740 2267 republica
1763 2201 2004 2264 gereban-

334 2283 431 2340 tur,
465 2294 626 2343 neque
658 2280 905 2330 levissime
940 2283 1225 2330 movebatur
1249 2282 1446 2345 *patriae
1481 2283 1700 2342 casibus,
1735 2286 1786 2329 ut
1818 2280 1855 2328 ii
1889 2281 2003 2346 ipsi,

335 2357 419 2421 qui
452 2358 678 2408 fluctibus
714 2360 1010 2414 iactarentur
1046 2361 1282 2420 civilibus,
1317 2377 1412 2410 non
1452 2361 1702 2425 potuerint
1735 2360 2003 2408 vehemen-

333 2438 433 2486 tius
470 2453 615 2500 quam
649 2440 759 2501 ille,
806 2441 887 2504 qui
919 2442 1091 2506 procul
1139 2446 1413 2504 spectaret,
1457 2440 1534 2488 vel
1579 2441 1727 2488 rebus
1773 2439 2003 2489 secundis

332 2518 548 2579 gaudere
598 2519 674 2566 vel
721 2520 890 2568 dolere
938 2521 1171 2569 adversis.
1263 2520 1592 2581 Quamobrem
1639 2535 1789 2584 quum
1838 2520 2004 2568 st'udio

331 2596 502 2661 iraque
536 2598 737 2648 minime
771 2615 950 2648 vacuus
987 2606 1135 2661 esset,
1172 2616 1320 2664 quum
1358 2605 1547 2649 careret
1571 2600 1715 2649 animi
1740 2599 2003 2662 aequitate,

332 2690 427 2739 qua
459 2678 508 2726 in
544 2680 754 2740 partium
788 2680 1180 2745 populorumque
1207 2679 1383 2728 studiis
1417 2680 1678 2744 pensandis
1713 2678 1894 2727 veritas
1918 2693 2004 2726 co-

329 2758 597 2821 gnoscitur,
631 2774 781 2821 quum
815 2760 874 2806 ad
910 2760 1214 2823 dirigendam
1249 2759 1424 2807 civium
1458 2759 1786 2817 voluntatem,
1817 2757 1882 2806 ad
1914 2771 2001 2804 ex-

331 2835 582 2885 citandum
627 2837 703 2884 vel
750 2839 1152 2902 restinguendum
1204 2839 1474 2886 animorum
1519 2837 1745 2885 ardorem
1795 2835 2000 2907 aptiora,

329 2912 476 2979 qnam
512 2917 573 2964 ad
608 2917 815 2966 otiosam
850 2919 953 2966 veri
985 2918 1244 2982 pulcrique
1279 2918 1602 2982 cognitionem
1631 2915 1845 2964 carmina
1865 2929 2000 2963 com-

327 3009 515 3059 ponere
549 2996 725 3056 vellet,
772 3014 921 3061 quum
955 2999 1016 3046 ad
1053 2997 1417 3046 similitudinem
1450 3012 1646 3054 rerum,
1684 3010 1808 3058 quae
1840 2994 1889 3042 in
1923 3010 2002 3045 re-

328 3073 525 3137 publica
558 3077 868 3140 gerebantur,
903 3077 1126 3141 cupidius
1162 3077 1340 3126 famam
1366 3075 1667 3139 antiquitatis
1693 3073 2000 3135 deflecteret,

330 3157 443 3201 nata
476 3158 588 3201 sunt
619 3155 730 3217 illa,
777 3174 901 3221 quae
946 3174 973 3206 a
1008 3157 1296 3207 lentioribus
1330 3154 1807 3220 languidioribusque
1839 3153 2020 3227 homi-x

329 3231 474 3281 nibus
509 3234 557 3282 in
591 3234 725 3283 vitiis
760 3243 1032 3300 ponuntur:
1077 3238 1215 3286 cuius
1263 3235 1455 3300 generis
1489 3238 1567 3282 est
1600 3233 1764 3283 odium
1799 3232 1998 3297 Sparta-

329 3327 504 3361 norum
534 3314 663 3363 male
698 3316 940 3376 celatum,
993 3321 1044 3364 et
1077 3315 1292 3365 Menelai
1326 3314 1644 3377 Helenaeque
1677 3327 1917 3377 personae
1948 3311 1999 3359 in

332 3391 702 3442 similitudinem
727 3394 956 3444 detorsae
985 3395 1238 3445 hominum
1267 3392 1784 3452 Lacedaemoniorum,
1818 3390 1999 3439 Asiati-

330 3484 438 3519 cam
475 3471 716 3523 luxuriam
751 3489 812 3523 ex
846 3472 1120 3525 domestica
1152 3473 1428 3537 frugalitate
1461 3472 1791 3522 adamantium
1825 3474 1877 3519 et
1906 3469 1998 3518 ho·
