2144 3854
958 253 1037 312 51

145 424 224 460 ειν
243 421 255 434 ·
306 401 511 471 Ἀττικὴ
559 401 617 455 δὲ
666 401 703 470 ἦ
748 399 910 465 λέξις,
965 398 1179 469 κειμένη
1213 398 1335 469 παρ’
1373 433 1438 442 -
1485 403 1761 476 Εὐριπίδῃ
1793 407 1854 462 ἐν

137 483 449 555 Ἱππολύτῳ.
521 485 712 536 Deinde
760 490 846 534 aut
893 484 1100 534 Dianam
1147 490 1234 535 aut
1275 485 1554 537 Minervam
1602 491 1852 557 prodisse,

147 588 278 639 quae
312 571 575 620 veritatem
611 564 831 631 aperiret
862 570 917 614 et
951 565 1142 615 divinos
1176 565 1441 633 Hippolyti
1484 569 1699 622 honores
1734 589 1854 624 con-

149 653 401 711 stitueret,
438 662 645 697 necesse
679 651 771 694 est.
839 645 948 696 Nec
978 646 1134 710 >plane
1161 645 1365 697 Theseo
1400 649 1709 704 satisfactum
1740 670 1856 706 esse

148 734 275 784 deae
309 731 532 780 oratione
569 743 628 775 ex
663 726 761 775 hoc
794 725 1077 792 fragmento
1113 732 1347 793 apparet:

283 810 395 862 ἀλλ’
432 807 498 860 οὐ
530 805 634 874 γὰρ
670 804 854 872 ὀρθῶς
886 810 1058 858 ταῦτα
1090 807 1409 872 κραίνουσιν
1451 807 1590 863 θεοί.

151 894 506 947 Verumtamen
541 906 569 938 a
605 889 759 938 choro
797 888 919 938 felix
953 888 1277 955 Hippolytus,
1313 891 1454 956 quasi
1488 892 1668 943 damno
1707 893 1855 961 largi-

149 979 230 1026 ter
263 976 601 1037 compensate,
638 970 978 1035 praedicatur:

284 1044 328 1104 ὦ
362 1049 556 1116 μάκαρ,
594 1048 713 1110 οἵας
746 1046 923 1116 ἔλαχες
957 1048 1129 1114 τιμάς,

273 1125 542 1186 Ἱππόλυθ’
578 1130 742 1199 ἥρως,
802 1130 891 1183 διὰ
926 1131 1307 1199 σωφροσύνην·

282 1217 478 1267 οὔποτε
511 1216 736 1280 θνητοῖς
770 1212 958 1282 ἀρετῆς
993 1215 1125 1279 ἄλλη

283 1296 513 1362 δύναμις
544 1294 766 1363 μείζων·
800 1287 933 1363 ἦλθε
966 1293 1069 1362 γὰρ
1103 1293 1138 1362 ἢ
1171 1292 1369 1360 πρόσθ’

283 1377 318 1447 ἢ
353 1377 674 1445 μετόπισθεν

283 1463 378 1529 τῆς
411 1459 653 1526 εὐσεβίας
686 1457 838 1525 χάρις
872 1456 1054 1525 ἐσθλή.

285 1543 398 1592 Hac
444 1543 766 1606 reliquiarum
812 1539 1225 1606 interpretatione
1269 1553 1327 1586 ac
1371 1536 1703 1603 dispositione
1737 1541 1859 1591 satis

153 1614 424 1672 refutatam
459 1638 574 1671 esse
608 1623 822 1671 arbitror
856 1621 1151 1670 sententiam
1196 1617 1437 1677 Bentleii,
1486 1633 1632 1682 quam
1677 1620 1862 1685 reliqui

157 1700 268 1751 fere
314 1718 486 1752 omnes
535 1703 700 1751 secuti
747 1707 877 1752 sunt.
946 1700 1056 1749 Non
1103 1699 1233 1748 enim
1281 1703 1560 1748 correctum
1601 1698 1861 1751 dumtaxat

157 1788 306 1847 atque
339 1783 686 1847 interpolatum
710 1819 726 1844 ,
768 1798 867 1831 non
903 1776 1367 1846 διεσκευασμένον,
1403 1796 1500 1829 non
1533 1785 1862 1831 retractatum

155 1867 306 1927 atque
340 1863 609 1927 expolitum
647 1865 816 1911 drama
842 1868 920 1911 est
942 1861 1246 1927 Hippolytus
1271 1864 1552 1920 coronatus,
1590 1860 1679 1908 sed
1703 1862 1860 1911 omni-

158 1941 250 1992 bus
298 1944 518 2008 partibus
566 1949 715 2007 atque
759 1943 990 1991 universa
1049 1941 1338 1991 oeconomia
1395 1940 1649 1989 diversum
1710 1947 1861 2006 atque

157 2025 456 2074 contrarium
491 2024 593 2085 ita,
642 2029 698 2072 ut
732 2023 913 2089 singuli
945 2022 1208 2085 utriusque
1243 2020 1479 2070 dramatis
1510 2025 1681 2083 actuS,
1728 2022 1862 2072 inter

156 2121 214 2155 se
256 2105 504 2170 oppositi,
558 2105 669 2171 ipsa
715 2103 1051 2169 discrepantia
1103 2101 1360 2168 conspicui
1405 2106 1590 2151 essent.
1659 2101 1760 2151 Sed
1797 2103 1862 2154 de

156 2186 255 2236 hoc
301 2190 482 2251 poetae
529 2186 734 2234 consilio
783 2185 880 2233 alio
935 2184 1044 2233 loco
1098 2183 1295 2248 plenius
1348 2181 1625 2248 exposituri
1671 2198 1858 2236 sumuS.

156 2265 419 2315 Phaedrae
454 2265 748 2332 Sophoclis,
786 2282 930 2330 quam
977 2264 1120 2313 alteri
1153 2263 1411 2329 Euripidis
1445 2262 1758 2327 Hippolyto,
1793 2264 1863 2314 si-

155 2347 401 2396 miliorem
432 2346 592 2396 fuisse
619 2346 949 2412 Hippolytum
978 2346 1215 2410 priorem,
1251 2359 1314 2392 ex
1348 2342 1660 2408 Asclepiadis
1694 2360 1862 2395 narra-

156 2427 313 2488 tione,
350 2444 475 2491 quae
508 2428 560 2476 in
594 2427 753 2475 schol.
793 2426 977 2491 odyss.
1011 2425 1106 2485 Xl,
1154 2425 1268 2474 321.
1316 2428 1571 2483 servatur,
1618 2439 1864 2490 quamque

162 2523 226 2557 ex
271 2505 523 2570 Sophocle
565 2507 792 2554 haustam
846 2522 961 2555 esse
991 2505 1291 2554 Welckerus
1347 2503 1497 2564 vidit,
1557 2504 1862 2570 intelligitur.

163 2587 312 2654 Apud
347 2585 647 2651 Sophoclem
684 2585 1013 2651 Hippolytum
1048 2601 1111 2633 ex
1144 2585 1405 2634 Troezene
1437 2599 1530 2649 per
1563 2585 1786 2635 nuntium
1815 2592 1866 2636 et

163 2668 358 2717 litteras
392 2666 608 2716 accitum
644 2681 759 2714 esse
793 2670 845 2714 et
877 2680 1084 2726 regnum
1120 2664 1167 2711 ei
1202 2679 1313 2711 cum
1348 2665 1686 2726 matrimonio,
1724 2666 1866 2730 quasi

162 2747 367 2798 Theseo
401 2746 498 2795 iam
554 2746 824 2807 defuncto,
876 2744 1094 2793 oblatum
1148 2743 1325 2807 colligo
1384 2759 1447 2792 ex
1489 2744 1686 2807 verbis,
1738 2761 1868 2809 quae

161 2828 364 2879 nuntius
407 2842 640 2877 reversus
689 2826 861 2876 dicere
908 2824 1100 2891 potuit,
1145 2824 1278 2873 canis
1321 2822 1624 2874 mentionem
1673 2825 1866 2877 faciens

162 2909 362 2959 domino
395 2907 690 2958 assidentis:

295 2980 454 3040 ἔσαιν’
491 2984 570 3039 ἐπ’
608 2985 781 3051 οὐρὰν
818 2977 926 3037 ὦτα
959 2982 1263 3037 κυλλαίνων
1304 2981 1464 3036 κάτω.

162 3070 352 3122 Aberat
387 3071 517 3120 enim
551 3069 844 3120 adolescens
880 3069 1156 3130 Troezene,
1189 3081 1398 3132 regnum
1431 3065 1686 3130 Aethrae,
1735 3069 1868 3133 quod

164 3157 307 3218 pater
342 3153 389 3200 ei
424 3152 769 3215 commiserat,
805 3149 1183 3210 administrans3
1230 3146 1297 3198 cf.
1332 3146 1682 3212 Asclepiadem
1718 3153 1870 3214 atque

166 3231 401 3282 Ovidium
436 3231 559 3281 Her.
595 3230 681 3291 lv,
718 3234 833 3283 107.
902 3229 1134 3279 Theseus
1178 3244 1296 3278 vero
1342 3227 1473 3293 apud
1521 3227 1714 3278 inferos
1751 3235 1869 3278 'mo-

163 3312 370 3362 rabatur
406 3313 499 3375 sic,
534 3318 588 3362 ut
621 3313 686 3363 de
720 3313 886 3362 reditu
923 3310 1031 3360 eius
1065 3310 1211 3376 plane
1245 3309 1616 3375 desperaretur.
1683 3309 1869 3359 Intelli-

164 3386 298 3458 gitur
320 3394 417 3443 hoc
451 3408 515 3442 ex
546 3393 713 3442 verbis
740 3392 1018 3449 Phaedrae,
1053 3391 1268 3441 reditum
1289 3391 1595 3456 insperatum
1614 3390 1868 3439 mirantis:

300 3470 415 3539 ἔζης
449 3473 554 3539 ἄρ’,
590 3470 716 3524 οὐδὲ
749 3475 848 3541 γῆς
882 3470 1056 3536 ἔνερθ’
1092 3471 1235 3538 ᾤχου
1268 3468 1462 3522 θανών
1483 3489 1504 3530 ,-

163 3569 291 3617 quae
322 3554 616 3605 Welckerus
649 3555 810 3606 minus
843 3559 986 3605 recte
1018 3554 1377 3619 interpretatus
1412 3558 1505 3601 est.
1573 3548 1737 3601 Vidua
1773 3549 1867 3616 igi·

1193 3636 1225 3681 4
1248 3629 1275 3663 *
