2176 3874
1146 305 1270 361 496

370 454 474 502 dari
506 451 676 500 virtuti
710 454 761 498 et
793 449 948 513 gloria
979 448 1109 498 viros
1140 449 1301 498 fortes
1337 450 1581 500 celebrari
1613 451 1791 515 velint,
1824 454 2048 506 homines

369 534 546 598 partim
579 531 631 578 in
663 530 856 578 labores
893 545 950 578 ac
984 530 1203 594 pericula
1236 530 1456 578 insontes
1483 531 1748 581 deveniant
1777 534 1956 598 partim
1987 534 2051 583 li-

366 612 584 661 bidinum
621 609 831 658 stimulis
865 609 1065 675 impulsi
1116 615 1200 658 aut
1232 610 1412 658 mentis
1449 627 1620 660 errore
1653 613 1906 662 occoecati
1939 629 2051 664 cce-

368 691 470 740 lera
506 690 791 753 suscipiant,
829 706 956 753 quae
990 690 1176 753 magnis
1201 689 1454 739 doloribus
1481 692 1770 757 magnisque
1795 693 2053 758 suppliciis

370 772 609 835 expianda
644 771 756 820 sint.
826 770 901 819 Ad
940 786 1061 833 quos
1097 769 1335 818 malorum
1370 770 1534 818 fontes
1568 772 1688 820 licet
1722 779 1900 837 poetae
1931 789 2050 838 pas-

368 851 462 898 sim
497 850 798 914 respiciant,
844 854 1007 898 tameu
1051 866 1213 914 neque
1259 867 1320 898 eo
1356 850 1561 899 consilio
1595 854 1810 901 carmina
1847 868 2050 918 compo-

367 935 514 990 nunt,
565 934 622 977 ut
667 929 726 976 ad
764 930 1019 977 solvendas
1066 930 1393 978 dubitationes
1440 933 1751 993 gravissimas
1787 933 2050 998 quicquam

366 1009 648 1069 conferant,
683 1026 844 1072 neque
879 1009 940 1056 ad
975 1011 1195 1073 ipsorum
1232 1011 1501 1058 carminum
1537 1012 1744 1060 virtutes
1779 1012 2052 1062 aestiman-

366 1089 474 1147 das,
514 1096 678 1138 utrum
706 1090 846 1137 vacui
883 1090 1025 1154 culpa
1060 1105 1120 1136 an
1157 1090 1322 1138 onusti
1357 1090 1579 1139 laborent
1613 1093 1661 1153 ii,
1697 1107 1903 1156 quorum
1939 1108 2048 1142 sor·

363 1169 416 1218 in
451 1168 735 1218 discrimine
768 1175 1006 1228 versatur,
1043 1168 1250 1217 multum
1282 1169 1457 1221 refert.
1525 1171 1662 1220 Dixit
1703 1171 1904 1234 quidem
1937 1172 2050 1222 Ari-

365 1249 572 1298 stoteles
607 1247 807 1296 foedum
844 1264 955 1296 esse
991 1247 1254 1314 (μιαρόν),
1289 1249 1333 1297 si
1364 1250 1584 1299 insontes
1615 1251 1923 1316 plectantur3
1959 1252 2053 1301 sed

362 1329 459 1378 hoc
493 1344 662 1376 verum
700 1343 812 1375 esse
849 1343 990 1392 nego.
1062 1327 1246 1378 Verius
1281 1333 1360 1378 est
1394 1331 1726 1378 contrarium:
1763 1335 1904 1380 tanto
1939 1347 2050 1380 ma-

362 1409 439 1472 gis
475 1423 587 1456 esse
621 1406 751 1470 quod
789 1407 1130 1469 misereamur,
1166 1415 1345 1473 quanto
1379 1409 1538 1457 minus
1575 1426 1688 1458 esse
1710 1415 1877 1459 sontes
1911 1411 2051 1459 vide·

362 1494 508 1536 antur
543 1488 624 1550 qui
659 1487 901 1548 laborent,
939 1494 990 1536 et
1026 1490 1067 1536 si
1101 1489 1211 1537 fieri
1245 1489 1421 1554 possit,
1456 1494 1513 1537 ut
1546 1490 1770 1538 maximis
1797 1490 1938 1539 malis
1972 1490 2048 1539 af-

360 1567 554 1616 ficiatur
580 1566 662 1629 qui
689 1567 749 1613 ab
770 1568 996 1616 omnibus
1017 1569 1146 1617 vitiis
1167 1569 1447 1617 liberrimus
1485 1570 1565 1628 sit,
1600 1569 1727 1617 hanc
1759 1585 1874 1618 rem.
1893 1570 2050 1618 omni-

362 1664 444 1696 um
478 1648 624 1710 longe
658 1646 983 1694 miserrimam
1022 1648 1147 1697 fore.
1204 1649 1270 1695 Et
1298 1651 1613 1698 consentiunt
1649 1665 1846 1699 mecum
1876 1664 2049 1699 omnen

359 1733 542 1793 poetae
577 1732 726 1790 atque
761 1726 1018 1774 universae
1053 1727 1356 1790 antiquitatis
1392 1729 1648 1778 iudicium.

495 1806 621 1855 Nam
664 1806 878 1869 quinam,
918 1822 1134 1869 quaeso,
1171 1812 1223 1856 et
1262 1807 1435 1870 quales
1482 1812 1597 1857 sunt
1635 1809 1696 1869 ii,
1732 1808 1816 1873 qui
1850 1808 2052 1858 immani

359 1886 602 1937 malorum
649 1886 781 1934 mole
829 1902 919 1950 per
965 1893 1118 1935 totam
1153 1888 1301 1935 vitam
1341 1888 1776 1937 vehementissime
1821 1889 2051 1937 crucian-

359 1967 478 2016 tur‘!
525 1965 719 2029 Nempe
754 1965 960 2014 deorum
989 1967 1096 2027 filii,
1122 1967 1401 2015 mortalium
1433 1969 1651 2016 omnium
1678 1969 2051 2032 praestantissi-

360 2047 445 2104 mi,
482 2062 510 2093 a
536 2046 669 2094 vitiis
688 2046 945 2093 liberiores
976 2062 1121 2109 quam
1139 2045 1338 2110 reliqui,
1370 2047 1623 2111 iidemque
1650 2049 1827 2097 summi
1850 2047 2050 2112 generis

357 2124 559 2175 humani
591 2125 965 2172 benefactores:

494 2204 605 2254 οὔτ’
641 2198 722 2252 ἐπὶ
757 2201 992 2267 κερκίσιν
1027 2203 1148 2253 οὔτε
1180 2202 1359 2269 λόγοις

495 2283 658 2347 φάτιν
691 2285 814 2333 ἄϊον
848 2282 1088 2348 εὐτυχίας
1122 2282 1352 2349 μετέχειν

492 2363 693 2413 θεόθεν
726 2361 885 2412 τέκνα
917 2365 1142 2422 θνατοῖς
1177 2364 1307 2427 (lon.
1341 2362 1497 2424 506.).

362 2446 608 2509 Quidnam
637 2444 861 2508 Oedipus
899 2445 1161 2506 commisit,
1199 2445 1282 2509 qui
1316 2460 1507 2493 summa
1541 2457 1675 2501 cura,
1711 2457 1901 2492 summa
1933 2441 2047 2492 abs-

359 2526 599 2584 tinentia,
649 2524 1016 2572 carissimorum
1064 2526 1304 2574 bonorum
1347 2524 1538 2572 iactura
1583 2522 1774 2574 scelera
1819 2522 1925 2572 fato
1959 2522 2047 2572 de·-

362 2607 545 2655 stinata
579 2604 735 2652 vitare
781 2603 995 2664 studuit,
1048 2605 1187 2652 cuius
1223 2604 1355 2652 sacta
1400 2603 1561 2652 omnia

493 2682 779 2735 πεπονθότ’
817 2679 926 2733 ἐστὶ
959 2684 1163 2747 μᾶλλον
1197 2682 1230 2750 ἢ
1268 2682 1598 2747 δεδρακόταῖ

359 2765 554 2832 Nempe
577 2764 799 2813 mortalis
823 2771 965 2812 natus
991 2768 1086 2826 est,
1123 2770 1173 2813 et
1194 2765 1243 2813 in
1269 2765 1549 2814 mortalium
1577 2761 1854 2811 conditione
1882 2759 2049 2822 omnia

362 2846 468 2895 eius
493 2845 696 2893 crimina
720 2845 1046 2893 continentur.
1079 2846 1230 2908 Atqui
1253 2846 1362 2908 quis
1381 2860 1594 2907 unquam
1623 2843 1759 2891 illam
1783 2840 2044 2905 Sophoclis

358 2925 666 2988 tragoediam
696 2923 892 2971 foedam
922 2939 1035 2971 esse
1059 2924 1333 2973 iudicavit?
1382 2924 1438 2973 Si
1455 2922 1605 2972 foeda
1623 2930 1791 2971 essent
1811 2922 2044 2981 carmina,

359 3006 536 3070 quibus
560 3003 823 3052 insontium
848 3003 1091 3067 supplicia
1109 3010 1161 3052 et
1186 3004 1435 3053 cruciatus
1463 3003 1775 3064 exhibentur,
1806 3001 2043 3050 foedissi-

359 3100 470 3134 mae
491 3084 709 3133 omnium
735 3089 907 3131 essent
923 3082 1218 3143 MessiadeS,
1241 3085 1416 3148 quibus
1439 3082 1706 3132 servatoris
1729 3079 1927 3145 generis
1946 3079 2042 3128 hu-

497 3279 650 3317 notum
687 3274 800 3317 illud
841 3275 950 3319 θεοὶ
990 3271 1030 3320 δ’
1061 3273 1248 3329 ὤπαζον
1289 3270 1443 3328 ὀϊζύν,
1482 3272 1695 3317 celebrati
1726 3272 1916 3329 denique
1941 3273 2043 3316 sunt

500 3358 657 3388 versus
684 3345 934 3401 Euripidis:

611 3412 725 3465 Ζεὺς
751 3410 852 3472 γάρ,
880 3414 1027 3460 κακὸν
1054 3415 1137 3471 μὲν
1171 3393 1336 3473 Τρδσί,
1361 3415 1493 3470 πῆμα
1524 3410 1564 3457 δ’
1590 3410 1772 3458 Ἑλλάδι

607 3483 762 3531 θέλων
789 3484 1022 3542 γενέσθαι,
1051 3481 1179 3530 ταῦτ’
1212 3483 1482 3544 ἐβούλευσεν
1510 3481 1679 3541 πατήρ.
