2176 3874
1193 274 1318 335 35⁰

559 423 816 485 Παπαί,
837 420 1194 489 πρόςεισιν
1218 420 1398 490 ὁάνὴρ
1425 421 1631 485 αὐτὸς
1650 422 1759 476 ὅδε
1782 423 1814 476 ὁ
1838 425 2079 485 ,Ποίαν-

426 523 541 565 τος
573 507 763 564 παῖς,
816 503 914 554 οὐκ
960 502 1154 570 ἄδηλος
1195 507 1288 571 τῆς
1332 503 1711 570 ξυμφορᾶς,
1757 505 1951 570 μόλις
1993 506 2079 559 καὶ

423 587 656 651 χαλεπῶς
678 602 717 635 π
732 603 762 649 ρ
777 603 806 636 ο
822 584 854 650 β
871 602 905 635 α
920 583 938 635 ί
951 602 984 635 ν
998 601 1040 635 ω
1054 602 1102 635 ν.
1125 578 1196 635 Ὦ
1219 589 1318 636 τοῦ
1332 588 1562 651 χαλεποῦ
1579 583 1666 637 καὶ
1691 586 1872 638 δεινοῦ
1885 585 2080 654 ὁράμα-

421 670 544 726 τος]
615 663 795 726 Οὕτως
826 664 886 716 τό
933 681 986 715 τε
1023 663 1166 732 (γὰρ)
1218 660 1358 726 εἶδος
1388 665 1492 717 ὑπὸ
1525 669 1619 733 τῆς
1649 666 1816 718 νόσου
1850 665 2084 733 φοβερὸν

421 745 455 812 ἤ
499 762 553 796 τε
601 744 756 812 στολὴ
805 745 1002 812 ἀήθης·
1057 744 1209 811 δοραὶ
1265 744 1412 812 (γὰρ)
1463 747 1671 813 θηρίων
1722 748 2082 801 καλύπτουσιν

422 826 601 878 αὐτόν.
669 821 862 877 Ἀλλὰ
906 820 972 876 σὺ
1021 827 1283 892 ἄμυνον
1302 863 1316 884 ,
1372 820 1413 877 ὦ
1462 827 1770 880 δέσποιν’
1812 825 2079 896 Ἀθηνᾶ,

421 906 509 959 καὶ
539 905 610 973 μὴ
644 906 814 971 μάτην
848 912 1024 972 φανῇς
1056 906 1183 973 ἡμῖν
1213 906 1546 975 ὑποσχομένη
1580 907 1678 975 την
1711 909 1975 976 σωτηρίαν
2010 911 2079 975 '‘).

552 990 615 1038 Φ.
649 986 699 1038 τί
735 986 799 1054 δὴ
826 987 1166 1052 βουλόμενος,
1203 986 1336 1048 ὅςτις
1371 984 1420 1040 εἶ
1448 1007 1573 1040 ποτε
1608 989 1690 1052 σύ,
1726 988 1760 1056 ἢ
1795 990 1912 1041 τίνα
1943 991 2079 1042 τόλ-

421 1086 503 1135 μα
515 1087 549 1118 ν
581 1068 776 1133 λαβών,
813 1068 1037 1130 πότερον
1069 1066 1305 1135 ἁρπαγῆς
1329 1069 1481 1135 χάριν
1513 1069 1591 1138 ἢκ
1606 1087 1629 1121 ε
1644 1090 1662 1121 ι
1675 1089 1701 1131 ς
1737 1067 1845 1122 ἐπὶ
1877 1090 1905 1122 τ
1917 1073 1951 1139 ή
1967 1090 1999 1123 ν
2013 1071 2081 1123 δε

420 1146 517 1215 τὴν
557 1151 764 1212 ἄπορον
813 1147 1084 1213 στέγην,
1127 1147 1161 1214 ἢ
1212 1151 1609 1204 κατάσκοπο
1626 1169 1652 1212 ς
1693 1155 1788 1218 τῆς
1830 1150 2081 1220 ἡμετέρας

420 1227 697 1294 δυςτυχίας
709 1247 724 1287 ,·

545 1309 749 1372 „Quis
794 1316 863 1358 tu
911 1326 976 1358 es
1019 1313 1359 1370 mortalis,
1404 1314 1613 1380 quiin
1650 1312 1930 1363 deserta
1961 1312 2078 1363 Le·

1339 1409 1390 1440 m
1406 1394 1474 1442 ni
1492 1409 1524 1441 a

547 1470 636 1520 Et
670 1476 864 1519 tesca
896 1476 966 1519 te
1001 1477 1332 1537 apportas
1365 1473 1591 1522 loca?”

546 1550 660 1600 OA.
695 1566 724 1600 ο
738 1551 773 1599 ὔ
786 1566 813 1598 τ
829 1567 858 1600 ο
872 1568 891 1600 ι
922 1551 971 1615 γ’
1008 1549 1037 1601 ὁ
1055 1568 1086 1614 ρ
1099 1554 1133 1617 ᾇ
1148 1568 1174 1610 ς
1208 1550 1381 1613 ἄνδρα
1413 1550 1688 1618 ὑβριστήν.

553 1631 618 1681 Φ.
670 1625 748 1681 οὐ
782 1627 912 1696 μὴν
946 1630 1147 1691 εἰωθώς
1178 1648 1238 1697 γε
1269 1631 1532 1697 πρότερον
1565 1632 1596 1684 δ
1614 1635 1689 1683 εὔ
1708 1649 1739 1696 ρ
1758 1648 1788 1681 ο
1820 1629 1980 1699 ἥκεις.

546 1711 662 1764 ΟΔ.
711 1711 777 1762 οὐ
809 1709 911 1777 γὰρ
948 1711 1178 1773 εἰωθώς·
1215 1712 1317 1780 εἴη
1353 1712 1422 1764 δὲ
1455 1712 1564 1766 καὶ
1596 1717 1726 1764 νῦν
1760 1710 1834 1764 ἐν
1865 1710 2078 1781 καιρῷ

417 1791 660 1860 ἀφῖχθαι.

547 1874 611 1924 Φ.
685 1871 943 1940 πολλὴν
1003 1871 1234 1935 ἔοικας
1291 1874 1580 1940 φράζειν
1635 1870 1929 1940 άλογίαν
1985 1873 2079 1940 τῆς

418 1953 579 2018 δεῦρο
615 1951 645 2004 ὁ
657 1952 688 2004 δ
701 1970 729 2004 ο
741 1957 788 2003 ὕ.

550 2034 663 2084 ΟΔ.
718 2032 793 2084 ἓν
842 2032 1094 2084 τοίνυν
1134 2032 1306 2095 ἰ’σθι,
1358 2033 1435 2085 οὐ
1480 2031 1686 2099 χωρὶς
1734 2030 1957 2091 αἰτίας
2001 2047 2077 2094 με

414 2112 448 2181 ἥ
460 2132 494 2165 κ
507 2131 536 2165 ο
551 2130 623 2164 ντ
636 2131 670 2163 α
686 2152 699 2173 ,
733 2130 765 2164 κ
781 2130 814 2162 α
830 2110 848 2162 ὶ
882 2124 914 2163 σ
927 2112 991 2163 ol·
1023 2113 1071 2178 γ’
1108 2130 1137 2163 ο
1151 2113 1185 2163 ὐ
1198 2131 1230 2164 κ
1264 2113 1542 2177 άλλότριον
1575 2113 1967 2178 φανησόμενον.

546 2196 610 2244 Φ.
657 2194 829 2245 πόθεν
864 2193 929 2260 δή
946 2212 960 2253 3
995 2197 1154 2245 τοῦτο
1188 2196 1402 2259 πρῶτον
1437 2194 1574 2253 εἰκός
1606 2210 1669 2259 με
1703 2191 1912 2244 εἰδέναι.

547 2275 660 2325 ΟΛ.
696 2274 806 2324 ἀλλ’
842 2273 944 2339 εἰμὶ
969 2267 1202 2340 Ἀργεῖος
1234 2276 1341 2325 τῶν
1372 2273 1456 2326 ἐπὶ
1487 2274 1686 2339 Τροίαν
1718 2271 2074 2325 πλευσάντων.

543 2357 610 2406 Φ.
645 2355 816 2406 πόθεν
827 2373 844 2414 ,·
879 2353 985 2405 εἰπὲ
1018 2355 1196 2416 πάλιν,
1229 2354 1300 2415 ὡς
1333 2354 1453 2406 εἰδῶ
1488 2354 1816 2421 σαφέστερον
1849 2353 1948 2420 **).

547 2436 660 2486 ΟΔ.
729 2436 931 2487 οὐκοῦν
978 2433 1052 2487 ἔτι
1084 2436 1330 2502 δεύτερον
1372 2436 1603 2498 άκούεις,
1650 2437 1758 2488 τῶν
1804 2432 1887 2487 ἐπὶ
1911 2427 2076 2485 Ἴλιον

414 2516 843 2580 στρατευσάντων
872 2512 1091 2583 Ἀχαιῶν
1124 2512 1260 2568 εἷναί
1293 2535 1444 2583 φημι.

549 2599 614 2648 Φ.
680 2599 892 2658 καλῶς
926 2598 1090 2666 δῆτα
1125 2596 1255 2664 ἔφης
1288 2596 1410 2663 ἐμὸς
1444 2592 1620 2649 εἶναι
1653 2595 1883 2662 φίλος,
1917 2594 2075 2647 ὁπότε

410 2695 471 2744 γε
503 2680 612 2730 τῶν
657 2676 771 2744 ἐμοὶ
816 2678 1223 2745 πολεμιωτάτων
1246 2672 1497 2745 Ἀργείων
1528 2676 1780 2745 πέφηνας.
1855 2675 2075 2727 Τούτων

411 2758 479 2826 δὴ
511 2763 604 2827 τῆς
637 2759 841 2820 α’δικίας
875 2759 1126 2833 αὐτίκα
1159 2760 1380 2824 μάλιστα
1410 2758 1682 2824 ὑφέξεις
1715 2756 1929 2824 δίκην.

551 2840 664 2890 ΟΔ.
733 2837 855 2904 ἀλλ’,
899 2834 940 2892 ὦ
985 2841 1150 2906 πρὸς
1193 2842 1400 2905 θεῶν,
1446 2837 1717 2906 ἐπίσχες·
1755 2836 1970 2904 ἀφεῖναι
2011 2836 2072 2888 τὸ

412 2918 626 2985 βέλος
1120 2930 1125 2934 “

465 3037 514 3092 *)
542 3037 710 3080 Attius:

657 3108 902 3160 „Contra
939 3113 1020 3149 est
1049 3107 1276 3149 eundum
1307 3104 1513 3148 cautim
1540 3109 1592 3147 et
1621 3101 1953 3159 captandum
1980 3100 2070 3144 mi-

1231 3175 1332 3218 hi.”
1532 3178 1545 3188 '
1833 3187 1836 3190 ’

440 3246 517 3302 νε)
545 3247 726 3290 Vanam

658 3314 810 3359 πόθεν
837 3313 890 3359 δέ
899 3332 914 3369 3
937 3316 1073 3360 τοῦτο
1102 3317 1286 3374 πρῶτον
1315 3312 1485 3359 εἰδέναι
1511 3328 1567 3368 με
1595 3308 1693 3369 χρή.

652 3382 840 3443 Ἀργεῖός
869 3387 972 3442 εἰμι,
1001 3387 1086 3430 τοῦ
1110 3386 1228 3445 πρὸς
1244 3385 1381 3430 Ἴλιον
1408 3383 1586 3428 στόλου.

654 3455 834 3509 πόθεν;
863 3453 950 3512 λέγ’
978 3450 1133 3511 αὖθις,
1162 3455 1224 3508 αἱς
1250 3453 1390 3512 μάθω
1420 3453 1711 3511 σαφέστερον.
