2176 3874
1114 283 1237 343 5⁰4

352 435 499 486 etiam
533 433 575 480 si
609 446 734 495 quae
783 430 1100 480 horribiliora
1144 429 1332 480 invenit
1381 429 1587 479 lenitate
1634 431 1842 496 quadam
1875 435 2028 496 atque

350 510 726 564 mansuetudine
772 511 911 574 quasi
955 516 1093 558 veste
1137 511 1334 558 amicuit
1380 516 1430 558 et
1460 495 1782 576 personarum
1816 504 2029 578 tragica-

351 609 462 643 rum
495 592 658 640 vultus
693 604 788 638 non
823 590 983 639 minus
1020 591 1320 654 compositos
1368 606 1480 639 esse
1514 592 1698 653 voluit,
1748 607 1893 656 quam
1928 597 2029 641 sta-

351 678 562 721 tuarum.
633 670 790 731 Quam
824 671 1227 734 tranquillitatem
1254 671 1297 718 si
1323 672 1404 735 qui
1429 670 1735 720 Graecorum
1757 671 2032 721 imitatione

350 751 440 800 niti
475 749 807 808 arbitrantur,
840 750 1160 799 vehementer
1194 756 1376 812 errant,
1410 767 1559 814 quum
1592 751 1859 817 imaginum
1889 751 2030 800 habi-

351 836 456 880 tum
492 847 520 878 a
555 828 862 877 scenicorum
896 831 1168 880 actionibus
1216 847 1387 894 parum
1435 831 1746 896 distinguant.
1815 832 2030 896 Compo-

351 910 477 959 sitos
512 909 641 957 enim
667 908 831 957 vultus
866 914 917 958 et
942 915 1242 975 temperatos
1267 916 1435 974 gestus
1457 911 1722 976 imaginum
1747 927 1860 960 esse
1883 926 2032 975 opor-

351 994 427 1038 tet
459 993 739 1053 propterea,
775 988 905 1053 quod
941 996 1054 1038 sunt
1077 990 1209 1038 firmi
1232 1006 1289 1038 ac
1313 991 1559 1054 perpetui,
1593 1008 1755 1056 neque
1776 991 2032 1056 quisquam

352 1068 542 1117 diutius
577 1069 772 1116 intuens
808 1065 1128 1132 depravatum
1164 1075 1311 1134 atque
1344 1070 1610 1119 distortum
1644 1087 1907 1136 corporum
1942 1070 2033 1120 ha-

351 1149 511 1198 bitum
545 1164 642 1196 non
674 1148 936 1197 fastidiret.
1006 1147 1186 1196 Contra
1221 1165 1249 1196 a
1283 1149 1591 1199 scenicorum
1628 1151 1922 1209 actionibus,
1969 1149 2031 1198 ab

351 1228 460 1277 aliis
495 1228 547 1276 in
581 1228 703 1277 alIos
738 1232 907 1291 gestus
956 1227 1054 1275 cito
1101 1230 1497 1290 transeuntibus,
1545 1230 1676 1278 nulla
1724 1229 1804 1277 vel
1845 1227 2033 1278 doloris

350 1308 430 1356 vel
464 1307 687 1355 laetitiae
721 1306 797 1353 vel
833 1307 1029 1370 pavoris
1063 1307 1369 1356 vehementia
1404 1308 1561 1356 aliena
1596 1314 1686 1358 est.

485 1387 626 1434 Hanc
648 1385 1047 1435 dissertationem
1074 1385 1482 1448 praemittendam
1514 1403 1626 1436 esse
1655 1387 1773 1436 duxi
1797 1386 2035 1436 Hecubae

350 1465 564 1526 fabulae,
599 1481 693 1528 qua
728 1464 861 1514 haud
896 1465 1047 1514 facile
1079 1465 1180 1513 ulla
1214 1465 1371 1529 magis
1406 1466 1591 1529 tragica
1610 1467 1814 1515 inveniri
1847 1470 2032 1530 potest.

352 1545 492 1607 Quae
537 1561 636 1608 quo
675 1550 903 1608 tempore
941 1546 1153 1609 primum
1189 1550 1300 1593 acta
1339 1545 1420 1606 sit,
1462 1547 1558 1594 etsi
1599 1563 1628 1595 a
1665 1546 1860 1595 nemine
1895 1550 2034 1594 vete-

350 1641 461 1674 rum
491 1625 788 1688 scriptorum
818 1624 1087 1673 memoriae
1114 1625 1366 1689 proditum
1393 1631 1488 1684 est,
1513 1632 1680 1676 tamen
1701 1625 1752 1673 id
1775 1623 1853 1674 01.
1877 1627 1960 1682 88,
1987 1626 2036 1673 4.

349 1705 539 1754 factum
578 1719 691 1752 esse
735 1704 854 1752 satis
902 1705 1053 1753 certis
1100 1721 1161 1754 ex
1194 1705 1385 1754 indiciis
1420 1706 1722 1768 intelligitur.
1791 1705 1920 1754 Ante
1954 1703 2034 1752 Ol.

352 1784 483 1834 enim
532 1786 626 1845 89,
679 1785 726 1835 1.
771 1785 867 1833 hoc
925 1785 1095 1834 drama
1148 1786 1292 1850 vulgo
1357 1786 1632 1836 innotuisse
1679 1783 2037 1849 Aristophanes

352 1864 587 1923 ostendit,
624 1868 678 1911 ut
714 1865 797 1928 qui
827 1865 877 1913 iu
903 1857 1128 1914 Nubibus
1166 1866 1242 1914 bis
1270 1866 1334 1915 ad
1368 1866 1489 1916 illud
1524 1867 1830 1933 respexerit:
1864 1867 2039 1930 aperte

354 1944 487 1994 enim
520 1960 565 1993 v.
603 1946 730 1992 1165
766 1959 904 2008 seq.:

487 2013 529 2072 ὦ
562 2020 768 2085 τέκνον,
807 2015 849 2073 ὦ
882 2027 994 2085 παῖ,

484 2098 651 2164 ἔξελθ’
685 2102 868 2162 οἴκων,
902 2106 983 2154 ἄϊε
1017 2106 1119 2154 σοῦ
1151 2102 1365 2168 πατρός,

354 2181 418 2231 de
450 2181 707 2248 Euripidis
741 2184 995 2232 versibus:

486 2290 550 2298 —
621 2290 682 2298 -
752 2290 816 2297 —
886 2254 928 2313 ὦ
961 2260 1165 2323 τέκνον,
1204 2254 1246 2312 ὦ
1278 2264 1379 2312 παῖ

489 2339 881 2402 δυστανοτάτας
914 2342 1155 2408 ματέρος,
1190 2340 1373 2405 ἔξελθ’,

484 2417 651 2483 ἔξελθ’
687 2421 868 2487 οἴκων,
903 2424 983 2474 ἄϊε
1016 2422 1231 2488 ματρός,

355 2504 409 2550 et
441 2517 613 2552 versus
651 2505 746 2552 Ι118
779 2520 911 2569 seq.:

491 2581 711 2648 φροῦδα
743 2581 808 2634 τὰ
840 2582 1096 2651 χρήματα,
1133 2581 1349 2648 φρούδη
1382 2580 1550 2648 χροιά,

487 2663 702 2729 φρούδη
735 2665 898 2732 ψυχή,
933 2663 1146 2730 φρούδη
1182 2663 1229 2715 δ’
1265 2660 1447 2729 ἐμβάς,

358 2757 419 2791 ex
452 2746 615 2793 verbis
650 2747 876 2795 eiusdem
910 2747 1052 2795 hisce
1087 2747 1154 2809 (v.
1191 2742 1356 2811 162.):

483 2824 731 2888 φροῦδος
765 2823 1016 2891 πρέσβυς,
1052 2823 1286 2890 φροῦδοι
1318 2821 1517 2885 παῖδες,

355 2901 524 2953 effecti
558 2912 673 2955 sunt
707 2905 774 2970 ²³²).
841 2907 963 2956 Post
997 2906 1075 2958 Ol.
1112 2910 1276 2955 autem
1311 2909 1393 2964 88,
1429 2908 1476 2954 3.
1510 2905 1559 2953 in
1592 2904 1846 2955 theatrum
1870 2902 2039 2954 Hecu-

355 2982 475 3031 bam
510 2984 723 3034 delatam
759 3001 873 3035 esse
892 2987 1138 3052 colligitur
1158 3001 1219 3034 ex
1254 3001 1331 3046 eo,
1366 2984 1498 3048 quod
1529 2983 1718 3047 primus
1735 2983 2039 3033 Matthiaeus

357 3063 728 3125 animadvertit,
784 3065 958 3114 Delum
993 3066 1203 3114 insulam
1238 3081 1349 3114 cum
1383 3063 1620 3128 Apollinis
1656 3064 1806 3112 sacris
1842 3059 1908 3127 (v.
1942 3064 2040 3110 451

357 3141 526 3206 seqq.)
561 3144 676 3192 ideo
713 3145 1119 3206 commemorari,
1166 3144 1296 3208 quod
1344 3143 1459 3192 inde
1507 3142 1566 3190 ab
1601 3142 1679 3191 01.
1716 3145 1810 3199 88,
1844 3145 1894 3200 3.
1930 3158 2039 3191 eam

358 3221 568 3271 insulam
615 3223 711 3271 sibi
746 3225 1077 3273 Athenienses
1125 3225 1418 3273 vindicarint
1461 3227 1511 3271 et
1555 3222 1808 3271 sollemnia
1843 3220 2041 3271 Deliaca

359 3317 536 3351 curare
570 3305 850 3367 coeperint;
896 3304 960 3353 cf.
996 3303 1160 3352 Thuc.
1196 3304 1293 3365 111,
1328 3304 1441 3351 104.
1493 3301 1636 3350 Diod.
1669 3301 1792 3364 ΧΠ,
1827 3306 1907 3354 58.
1961 3301 2057 3352 Si:

418 3456 470 3510 ²¹‘)
502 3457 572 3503 Cf.
601 3457 872 3501 Zirndorfer·
901 3457 956 3500 de
976 3458 1175 3502 chronol.
1206 3457 1332 3501 fabb.
1361 3454 1516 3510 Eurip.
1545 3439 1589 3509 p.
1621 3452 1692 3496 39.
