2144 3854
889 286 969 343 29

95 436 178 502 qui
225 435 323 486 illis
366 433 666 500 temporibus
715 429 904 480 cladem
953 430 1141 480 civitati
1186 445 1273 480 sua
1305 429 1588 481 temeritate
1618 434 1764 496 atque

94 515 421 567 aemulatione
454 512 790 580 peperissent,
819 511 1042 564 imitatus
1075 510 1158 562 sit.
1226 511 1303 561 Ad
1337 513 1413 560 sui
1446 512 1576 560 enim
1610 511 1765 560 seculi

94 613 260 648 mores
292 609 527 662 personas
552 593 859 655 antiquorum
885 589 1093 638 heroum
1118 591 1216 638 iam
1243 591 1295 640 in
1320 592 1415 640 hac
1436 592 1604 641 fabula
1630 607 1765 641 com-

95 677 322 744 ponenda
353 672 588 733 detorsit,
622 671 756 719 velut
789 674 842 718 et
875 669 1187 718 vinolentiam
1210 669 1460 720 Thracum
1495 677 1547 720 et
1579 672 1767 737 suppli-

97 759 285 808 ciorum
336 753 674 804 crudelitatem
722 749 782 799 ad
830 750 1051 800 Rhesum
1108 750 1307 810 retulit,
1370 753 1767 811 ostentationem,

97 837 414 904 splendorem
457 831 714 894 cultusque
764 831 1078 879 iactationem
1132 831 1351 880 barbaris
1411 832 1636 880 omnibus
1692 831 1767 880 af-

99 917 239 966 finxit
292 920 342 964 et
390 912 680 961 affinitatem
743 927 917 975 regum
976 926 1067 974 pro
1124 911 1343 976 praemio
1404 911 1561 960 officii
1619 912 1772 960 voluit

99 993 524 1063 proponiDoloni
546 1030 561 1054 ,
610 992 749 1055 quasi
794 991 1010 1056 principi
1041 989 1320 1039 Persarum.
1388 991 1653 1040 Praeterea
1695 991 1772 1041 in-

97 1076 256 1142 signis·
292 1079 472 1139 poetae
520 1088 600 1121 ars
647 1073 694 1119 in
743 1087 802 1120 eo
838 1071 1162 1135 conspicitur,
1210 1072 1340 1134 quod
1384 1072 1577 1133 effecit,
1622 1076 1678 1121 ut
1711 1088 1774 1121 ex

95 1156 206 1218 his,
239 1171 363 1220 quae
395 1153 585 1202 Hector
620 1151 918 1214 Rhesusque
955 1151 1312 1215 colloquuntur,
1347 1153 1514 1201 statim
1539 1168 1614 1214 ea,
1647 1169 1774 1216 quae

97 1235 260 1301 paullo
305 1238 424 1302 post
469 1237 860 1296 consequuntur,
907 1230 1110 1280 divinari
1155 1236 1206 1281 et
1249 1248 1407 1296 paene
1450 1248 1549 1282 non
1594 1233 1774 1305 minus,

96 1331 240 1380 quam
276 1316 319 1363 si
351 1315 447 1363 iam
485 1312 614 1362 facta
648 1318 843 1373 esseut,
892 1327 984 1376 pro
1017 1312 1168 1360 certis
1202 1317 1348 1376 atque
1381 1314 1651 1377 exploratis
1683 1314 1775 1363 ha·

95 1395 204 1445 beri
231 1395 438 1461 possint.
474 1394 569 1456 Qui
596 1409 692 1458 quo
714 1392 906 1441 facilius
934 1392 1309 1456 praevideretur
1329 1399 1553 1454 eventus,
1576 1393 1775 1458 Ulyssis

95 1476 406 1542 prudentiam
451 1474 648 1522 illorum
695 1488 873 1522 caecae
905 1488 963 1520 ac
997 1473 1293 1522 temerariae
1327 1473 1654 1524 confidentiae
1685 1489 1774 1540 op-

95 1556 290 1622 posuit:
338 1555 477 1604 cuius
523 1569 605 1602 res
641 1559 782 1603 antea
814 1568 907 1618 per
941 1552 1171 1602 astutiam
1209 1551 1425 1602 feliciter
1458 1560 1624 1618 gestas
1659 1554 1776 1604 dum

99 1636 460 1700 cognoscimus,
494 1649 643 1697 quum
677 1633 972 1698 praesertim
1007 1633 1216 1681 eundem
1251 1649 1422 1682 rursus
1446 1634 1531 1683 isti
1553 1634 1777 1684 ferociae

99 1715 322 1765 insidiari
355 1715 592 1775 sciamus,
635 1718 686 1762 et
720 1730 747 1761 a
779 1712 1009 1762 Troianis
1043 1712 1167 1778 ipsis
1201 1714 1390 1763 obviam
1425 1714 1631 1763 missum
1663 1730 1779 1763 esse

35 1845 40 1849 ,
99 1795 347 1844 hominem
398 1795 622 1859 ignavum
675 1793 1037 1856 stolidumque,
1090 1793 1228 1841 cuius
1273 1794 1452 1842 indicio
1488 1794 1663 1842 doctus
1693 1794 1778 1842 ille

98 1875 294 1924 facilius
328 1890 414 1933 eo,
449 1890 546 1938 quo
581 1874 840 1933 tendebat,
876 1874 1173 1938 perveniret,
1206 1874 1332 1922 haec
1364 1875 1513 1938 igitur
1545 1878 1778 1939 reputan-

99 1961 176 2005 tes
211 1955 286 2003 vix
318 1969 582 2020 possumus
619 1953 876 2015 dubitare,
925 1954 1041 2016 quin
1074 1953 1211 2002 brevi
1245 1953 1471 2003 homines
1510 1953 1778 2004 insolentes

98 2041 150 2086 et
183 2035 407 2100 corporis
441 2035 622 2083 robore
656 2033 857 2082 nimium
891 2032 1050 2081 fretos
1085 2034 1435 2098 praecipitatos
1469 2035 1781 2099 conspecturi

99 2116 270 2174 simus.
349 2114 588 2175 Accedit,
641 2115 774 2178 quod
819 2129 955 2162 suam
1002 2118 1212 2177 uterque
1255 2115 1462 2180 gloriam
1515 2115 1575 2163 ab
1622 2115 1779 2165 altero
1838 2178 1840 2180 Ι

100 2196 354 2246 obscurari
399 2195 571 2245 nolens
622 2199 673 2243 et
720 2194 854 2243 solus
901 2210 1096 2243 omnem
1144 2210 1309 2243 rerum
1354 2195 1571 2244 feliciter
1602 2212 1780 2261 geren-

99 2277 270 2327 darum
315 2275 509 2324 laudem
555 2291 799 2340 occupare
848 2275 1082 2340 cupienS,
1128 2274 1198 2322 nil
1243 2290 1409 2324 rerum
1457 2277 1781 2326 communiter

98 2373 246 2423 agere
281 2357 598 2417 constituunt,
635 2355 723 2404 sed
758 2357 807 2405 in
842 2356 1082 2404 cubiculis
1118 2370 1215 2403 non
1241 2356 1404 2405 minus
1432 2357 1649 2420 quamin
1672 2357 1780 2406 acie

101 2436 267 2503 copias
301 2441 450 2502 atque
482 2436 687 2485 consilia
721 2453 981 2502 separare,
1033 2452 1159 2500 quae
1206 2438 1329 2486 ratio
1363 2438 1632 2502 perniciem
1669 2453 1780 2487 cer-

100 2516 291 2566 tissime
341 2516 468 2565 solet
512 2516 776 2565 adducere.
859 2518 972 2567 Non
1023 2517 1212 2578 minus,
1271 2533 1414 2582 quam
1467 2517 1780 2581 colloquium,

103 2596 251 2646 etiam
286 2611 499 2656 carmen,
532 2594 582 2642 in
611 2611 706 2658 quo
732 2597 950 2645 canendo
978 2597 1110 2645 vices
1135 2598 1396 2646 stationum
1417 2602 1779 2662 permutantur,

101 2681 271 2742 aptum
317 2681 367 2725 et
411 2691 530 2724 vere
575 2675 825 2739 poeticum
861 2681 954 2731 est.
1021 2677 1237 2726 Alternis
1272 2683 1436 2726 autem
1470 2678 1689 2742 strophis
1722 2678 1782 2727 fit

102 2756 394 2823 significatio
448 2756 687 2820 temporis
744 2755 822 2803 vel
868 2755 1303 2820 appropinquantis
1348 2756 1474 2804 lucis
1535 2757 1781 2806 venustis-

100 2837 251 2898 sima,
304 2836 481 2885 similis
533 2835 606 2897 ei,
662 2851 786 2899 quae
829 2836 1040 2885 habetur
1083 2835 1134 2884 in
1184 2835 1523 2898 Phaethonte,
1578 2837 1780 2886 alternis

98 2916 376 2982 vigiliarum
424 2917 558 2965 vices
605 2921 940 2981 exponuntur,
990 2921 1098 2965 tum
1141 2914 1412 2977 Dolonem,
1459 2917 1542 2980 qui
1588 2917 1780 2982 pridem

99 2997 343 3058 debuerit,
376 2997 592 3047 nondum
625 2997 819 3045 redisse
854 2997 1092 3046 mirantur
1123 2997 1325 3060 milites,
1359 3002 1613 3062 postremo
1639 3014 1779 3047 caus-

101 3093 204 3127 sam
240 3077 451 3128 abeundi
484 3078 548 3126 de
582 3093 730 3126 scena
766 3076 1055 3126 ostendunt:
1090 3078 1153 3127 ad
1187 3077 1366 3142 Lycios
1402 3078 1557 3139 enim,
1603 3079 1780 3143 quibus

102 3163 276 3222 quarta
307 3157 471 3222 vigilia
505 3158 765 3221 obtigerit,
802 3157 1084 3206 excitandos
1121 3174 1176 3206 se
1210 3158 1346 3206 abire
1381 3158 1648 3207 declarant.

233 3227 468 3302 Sequitur
512 3253 627 3303 pars
672 3237 906 3286 dramatis
951 3238 1324 3299 actuosissima,
1373 3254 1467 3301 qua
1501 3239 1562 3286 ad
1597 3239 1780 3288 exitum

100 3314 440 3382 ‘perducuntur
473 3334 598 3382 quae
628 3317 679 3366 iu
713 3316 958 3382 prioribus
993 3322 1284 3383 praeparata
1319 3323 1449 3380 sunt,
1484 3318 1575 3376 sic,
1610 3322 1666 3366 ut
1693 3333 1780 3367 ex-

104 3398 439 3461 spectatione,
475 3403 640 3459 metu,
676 3397 1007 3448 sollicitudine
1040 3402 1350 3464 spectatores
1385 3398 1613 3462 suspensi
1639 3403 1779 3447 tene-

104 3480 266 3528 antur.
300 3536 302 3539 ,
334 3477 585 3530 Prodeuut
616 3478 667 3529 in
700 3494 916 3541 scenam,
951 3479 984 3532 i.
1012 3495 1055 3529 e.
1090 3479 1153 3529 ad
1188 3478 1421 3529 Hectoris
1455 3478 1634 3537 cubile,
1669 3478 1780 3527 loco
