2144 3854
933 262 1016 318 67

139 411 204 459 de
265 410 355 469 iis,
416 423 540 471 quae
601 422 834 472 praesens
887 408 1038 469 vidit,
1103 410 1413 472 expositura:
1480 424 1575 474 qua
1634 412 1700 460 de
1755 429 1811 463 re

138 490 263 538 haec
297 492 409 537 suut
443 488 591 537 verba
625 487 850 536 Diodori:
907 484 999 546 τὰς
1035 483 1092 537 δὲ
1121 490 1222 539 τοῦ
1258 489 1458 542 Πελίου
1491 487 1809 558 θυγατέρας,

137 570 257 634 α”ρτι
289 565 705 632 καταβεβηκυίας
736 564 840 616 ἀπὸ
873 570 974 618 τοῦ
1009 565 1228 632 στέγους
1259 569 1394 634 πρὸς
1425 568 1523 637 τὴν
1572 569 1809 639 καθέψη-

137 659 223 700 σιν
280 647 370 700 καὶ
412 645 720 712 παραδόξως
763 643 822 696 ἐν
864 650 978 707 τοῖς
1021 647 1303 713 βασιλείοις
1348 648 1566 712 ἰδούσας
1613 652 1709 704 τόν
1755 671 1811 706 τε

125 723 335 780 Ἰάσονα
367 725 456 780 καὶ
487 719 610 786 τοὺς
643 725 883 791 ἀριστεῖς,
917 731 1210 795 περιαλγεῖς
1242 726 1327 779 ἐπὶ
1359 734 1424 795 τῇ
1444 740 1703 799 συμφορᾷ
1725 752 1809 801 γε-

131 806 345 860 νέσθαι·
382 810 502 860 οὔτε
533 805 634 872 γὰρ
669 805 977 872 ἀμύνασθαι
1007 806 1106 875 τὴν
1129 808 1378 876 Μήδειαν
1406 809 1540 877 ἔχειν
1565 811 1812 875 ἐξουσίαν

134 892 254 940 οὔτε
286 888 345 940 τὸ
378 885 616 954 πραχθὲν
649 887 834 949 αὐταῖς
868 889 1035 953 μύσος
1059 889 1128 941 δι’
1162 889 1369 956 ἀπάτην
1390 890 1808 956 διορθώσασθαι.

132 970 334 1036 Διόπερ
366 968 562 1028 ταύτας
594 966 690 1034 μὲν
722 968 952 1037 ὁρμῆσαι
985 969 1186 1036 λέγεται
1219 972 1506 1038 στερίσκειν
1529 972 1691 1036 αὑτὰς
1711 981 1810 1029 τοῦ

130 1052 252 1118 ζῆν·
300 1050 394 1101 τὸν
428 1046 484 1100 δὲ
524 1044 762 1110 Ἰάσονα,
812 1051 1192 1119 κατελεήσαντα
1244 1050 1309 1103 τὰ
1342 1053 1492 1120 πάθη
1508 1090 1523 1114 ,
1569 1070 1811 1122 παρακα-

130 1133 337 1198 τασχεῖν
362 1128 524 1191 αὐτὰς
551 1128 655 1193 καὶ,
690 1129 914 1197 θαρῤεῖν
937 1131 1391 1199 παρακαλέσαντα,
1427 1134 1702 1199 δεικνύειν,
1738 1137 1812 1200 ὠς

127 1210 186 1273 ἐκ
219 1211 404 1272 κακίας
436 1210 535 1278 μὲν
567 1210 724 1264 οὐδὲν
755 1212 1022 1281 ἥμαρτον,
1073 1214 1338 1276 ἀκουσίως
1388 1215 1444 1267 δὲ
1490 1216 1558 1268 δι’
1603 1216 1810 1286 ἀπάτην

124 1291 391 1360 ἠτύχησαν
417 1291 486 1360 *).
555 1295 809 1361 Occupata
841 1297 988 1360 igitur
1022 1297 1157 1363 regia
1201 1298 1581 1363 interfectisque
1626 1302 1809 1350 satelli-

124 1375 274 1437 tibus,
309 1377 372 1424 ad
403 1375 707 1425 Alcestidem
740 1376 926 1441 prodiit
960 1377 1130 1436 lason,
1168 1378 1317 1427 simul
1351 1378 1582 1428 Medeam
1609 1385 1659 1429 et
1684 1382 1808 1431 reli·

126 1473 248 1520 quas
282 1456 450 1505 Peliae
481 1455 610 1504 filias
647 1457 861 1506 educens
914 1473 1214 1522 suorumque
1250 1463 1446 1508 caterva
1479 1461 1707 1525 stipatus,
1759 1462 1809 1511 Is

125 1553 236 1586 cum
271 1537 483 1601 virgines
539 1537 820 1586 consolatus
868 1543 1004 1586 esset
1031 1542 1103 1588 ,et
1145 1554 1270 1601 quae
1313 1540 1422 1603 ipse
1470 1555 1580 1594 cum
1626 1540 1811 1592 Medea

125 1616 319 1665 fecerat
352 1615 512 1679 palam
545 1622 835 1680 purgasset,
868 1618 1050 1665 Acasto
1085 1618 1313 1681 quidem,
1348 1618 1518 1668 Peliae
1552 1620 1687 1682 filio,
1723 1622 1808 1685 qui

126 1701 235 1744 erat
266 1696 317 1744 in
348 1711 552 1745 numero
586 1696 999 1760 Argonautarum,
1046 1714 1248 1761 reguum
1282 1703 1541 1763 paternum
1573 1702 1811 1762 restituit,

127 1776 383 1825 sororibus
419 1779 581 1824 autem
617 1776 722 1823 eius
759 1791 814 1823 se
846 1776 1007 1840 ipsum
1041 1784 1422 1841 prospecturum
1457 1795 1569 1828 esse
1612 1781 1809 1845 pollici-

124 1862 203 1905 tus
238 1862 314 1903 est
349 1853 673 1920 (matrimonia
708 1854 1018 1918 significans,
1065 1857 1114 1904 iu
1161 1872 1285 1919 quae
1319 1859 1531 1922 singulas
1565 1860 1809 1925 principi-

123 1937 215 1984 bus
248 1936 638 1999 Argonautarum
675 1935 1001 1984 collocaturus
1038 1934 1182 2000 erat),
1218 1936 1430 2000 denique
1464 1937 1585 1988 dixit
1614 1955 1670 1988 se
1697 1956 1808 1989 cum

121 2015 413 2079 Argonautis
466 2015 514 2063 iu
559 2014 796 2063 Isthmum
849 2014 1154 2064 Corinthium
1202 2016 1542 2081 profecturum
1590 2035 1703 2068 esse
1758 2025 1811 2069 et

120 2096 356 2160 perfectis
407 2094 641 2159 Neptuno
692 2094 844 2143 sacris
901 2096 1192 2159 quibusdam
1239 2113 1412 2145 navem
1461 2098 1595 2162 Argo
1646 2100 1806 2149 eidem

121 2179 537 2225 consecraturum.
605 2174 794 2237 Quibus
830 2175 978 2225 dictis
1014 2177 1296 2228 concionem
1343 2177 1559 2239 dimisit,
1609 2194 1805 2229 omnes-

120 2271 217 2320 que
250 2255 603 2304 discesserunt.

252 2335 332 2384 Ex
364 2335 458 2384 hac
492 2334 676 2384 Iasonis
712 2335 935 2385 oratione
970 2335 1209 2399 quaedam
1241 2335 1516 2402 fragmenta
1549 2336 1808 2403 depromta

123 2423 266 2466 suut:
303 2420 354 2464 et
389 2416 602 2480 primum
637 2415 836 2479 quidem
871 2416 932 2463 ad
967 2417 1309 2482 purgationem
1343 2417 1465 2467 facti
1498 2424 1645 2483 atque
1661 2435 1807 2469 accu-

123 2496 364 2546 sationem
397 2495 564 2544 Peliae
598 2496 846 2559 pertinere
879 2496 1108 2545 videntur
1138 2498 1353 2546 haecce:

255 2573 355 2625 ούκ
389 2569 496 2624 ἔστι
527 2571 592 2624 τὰ
627 2575 770 2624 θεῶν
804 2574 961 2636 ἄδικ’,
997 2571 1055 2625 ἐν
1090 2574 1424 2642 ἀνθρώποισι
1456 2574 1514 2629 δὲ

253 2657 436 2714 κακοῖς
470 2658 737 2706 νοσοῦντα
772 2653 1028 2719 σύγχυσιν
1063 2653 1264 2721 πολλὴν
1295 2652 1412 2722 ἔχει.

117 2735 340 2800 Reliquis
373 2735 664 2801 fragmentis
711 2742 903 2801 gratum
951 2736 1166 2785 animum
1198 2737 1248 2785 iu
1280 2736 1511 2786 Medeam
1547 2737 1806 2801 sociosque

118 2815 354 2878 declarat,
388 2833 548 2880 neque
583 2832 670 2876 se,
706 2833 767 2865 ex
802 2816 1035 2882 periculis
1071 2820 1314 2866 servatum
1348 2818 1594 2882 rebusque
1629 2833 1806 2867 secun-

116 2897 192 2945 dis
243 2900 495 2959 utentem,
540 2897 892 2948 beneficiorum
947 2896 1234 2946 memoriam
1290 2896 1629 2962 depositurum
1691 2912 1804 2948 esse

118 2976 263 3026 dicit:

246 3051 306 3107 ἐν
337 3059 474 3107 τοῖσι
506 3055 602 3121 μὲν
637 3055 889 3108 δεινοῖσιν
924 3054 994 3115 ὠς
1027 3053 1172 3121 φίλοι
1204 3054 1378 3122 φίλων
1390 3060 1411 3106 .'

248 3135 378 3188 ὅταν
412 3135 468 3189 δὲ
501 3137 728 3203 πράξωσ’
766 3132 840 3197 εὗ,
877 3137 1203 3189 διωθοῦνται
1235 3135 1407 3203 χάριν,

248 3216 401 3270 αὐτοὶ
433 3218 502 3270 δι’
539 3212 739 3281 αὐτοὺς
774 3218 1010 3286 εὐτυχεῖν
1041 3216 1357 3286 ἡγούμενοι·

245 3328 503 3338 --.-
638 3330 701 3338 ..ι-ι
836 3329 896 3336 ———
1029 3327 1094 3335 —-
1231 3327 1290 3335 -n

186 3457 228 3510 *)
260 3458 478 3499 Conatum
507 3470 588 3512 pro
618 3457 739 3501 facto
767 3469 934 3512 ponens
974 3454 1180 3510 Hyginus
1222 3453 1431 3498 Peliadas
1461 3465 1490 3496 a
1519 3450 1666 3507 patria
1694 3463 1804 3505 pro-

251 3526 421 3582 fugisse
449 3527 599 3570 resert.
1423 3581 1453 3626 5
1478 3578 1504 3608 *
