<?xml version="1.0" encoding="UTF-8"?>
<!DOCTYPE html PUBLIC "-//W3C//DTD XHTML 1.0 Transitional//EN"
    "http://www.w3.org/TR/xhtml1/DTD/xhtml1-transitional.dtd">
<html xmlns="http://www.w3.org/1999/xhtml" xml:lang="en" lang="en">
 <head>
  <title>
</title>
<meta http-equiv="Content-Type" content="text/html;charset=utf-8" />
  <meta name='ocr-system' content='tesseract 3.04.00' />
  <meta name='ocr-capabilities' content='ocr_page ocr_carea ocr_par ocr_line ocrx_word'/>
</head>
<body>
  <div class='ocr_page' id='page_1' title='image "./euripidesrestitu01hartuoft_0389.png"; bbox 0 0 2176 3874; ppageno 0'>
   <div class='ocr_carea' id='block_1_1' title="bbox 1058 280 1179 338">
    <p class='ocr_par' dir='ltr' id='par_1_1' title="bbox 1058 280 1179 338">
     <span class='ocr_line' id='line_1_1' title="bbox 1058 280 1179 338; baseline 0.008 -1"><span class='ocrx_word' id='word_1_1' title='bbox 1058 280 1179 338; x_wconf 67' lang='lat'><strong>371</strong></span> 
     </span>
    </p>
   </div>
   <div class='ocr_carea' id='block_1_2' title="bbox 266 425 1986 2265">
    <p class='ocr_par' dir='ltr' id='par_1_2' title="bbox 406 425 1492 499">
     <span class='ocr_line' id='line_1_2' title="bbox 406 425 1492 499; baseline -0.003 -17"><span class='ocrx_word' id='word_1_2' title='bbox 406 430 479 499; x_wconf 83' lang='grc' dir='ltr'><strong>μή</strong></span> <span class='ocrx_word' id='word_1_3' title='bbox 513 428 606 496; x_wconf 78' lang='grc' dir='ltr'><strong>μοί</strong></span> <span class='ocrx_word' id='word_1_4' title='bbox 637 430 752 482; x_wconf 85' lang='grc' dir='ltr'><strong><em>ποτ’</em></strong></span> <span class='ocrx_word' id='word_1_5' title='bbox 788 427 869 495; x_wconf 79' lang='grc' dir='ltr'><strong>εἴη</strong></span> <span class='ocrx_word' id='word_1_6' title='bbox 901 427 1184 495; x_wconf 74' lang='grc' dir='ltr'><strong><em>χρημάτων</em></strong></span> <span class='ocrx_word' id='word_1_7' title='bbox 1215 425 1492 495; x_wconf 82' lang='grc' dir='ltr'><strong><em>νικωμένῳ</em></strong></span> 
     </span>
    </p>

    <p class='ocr_par' dir='ltr' id='par_1_3' title="bbox 405 506 1596 578">
     <span class='ocr_line' id='line_1_3' title="bbox 405 506 1596 578; baseline -0.004 -15"><span class='ocrx_word' id='word_1_8' title='bbox 405 516 552 578; x_wconf 83' lang='grc' dir='ltr'><strong><em>κακῷ</em></strong></span> <span class='ocrx_word' id='word_1_9' title='bbox 583 508 858 578; x_wconf 79' lang='grc' dir='ltr'><strong><em>γενέσθαι,</em></strong></span> <span class='ocrx_word' id='word_1_10' title='bbox 891 507 1016 575; x_wconf 82' lang='grc' dir='ltr'><strong><em>μηδ’</em></strong></span> <span class='ocrx_word' id='word_1_11' title='bbox 1050 506 1295 575; x_wconf 88' lang='grc' dir='ltr'><strong><em>ὁμιλοίην</em></strong></span> <span class='ocrx_word' id='word_1_12' title='bbox 1329 511 1513 570; x_wconf 83' lang='grc' dir='ltr'><strong><em>κακοῖς</em></strong></span> <span class='ocrx_word' id='word_1_13' title='bbox 1527 507 1596 574; x_wconf 93' lang='grc'><strong>*).</strong></span> 
     </span>
    </p>

    <p class='ocr_par' dir='ltr' id='par_1_4' title="bbox 276 589 1986 736">
     <span class='ocr_line' id='line_1_4' title="bbox 405 589 1958 656; baseline 0.001 -14"><span class='ocrx_word' id='word_1_14' title='bbox 405 594 502 642; x_wconf 84' lang='lat' dir='ltr'><strong>His</strong></span> <span class='ocrx_word' id='word_1_15' title='bbox 536 594 714 642; x_wconf 88' lang='lat' dir='ltr'><strong>auditis</strong></span> <span class='ocrx_word' id='word_1_16' title='bbox 748 607 864 652; x_wconf 81' lang='lat' dir='ltr'><strong>rex,</strong></span> <span class='ocrx_word' id='word_1_17' title='bbox 915 604 1128 656; x_wconf 83' lang='lat' dir='ltr'><strong>persona</strong></span> <span class='ocrx_word' id='word_1_18' title='bbox 1178 606 1266 641; x_wconf 79' lang='lat' dir='ltr'><strong>sua</strong></span> <span class='ocrx_word' id='word_1_19' title='bbox 1300 591 1552 655; x_wconf 81' lang='lat' dir='ltr'><strong>indignum</strong></span> <span class='ocrx_word' id='word_1_20' title='bbox 1588 605 1702 640; x_wconf 87' lang='lat' dir='ltr'><strong>esse</strong></span> <span class='ocrx_word' id='word_1_21' title='bbox 1734 589 1958 644; x_wconf 82' lang='lat' dir='ltr'><strong>iudicans</strong></span> 
     </span>
     <span class='ocr_line' id='line_1_5' title="bbox 276 669 1986 736; baseline 0.001 -12"><span class='ocrx_word' id='word_1_22' title='bbox 276 689 390 724; x_wconf 87' lang='lat' dir='ltr'><strong>cum</strong></span> <span class='ocrx_word' id='word_1_23' title='bbox 425 672 796 722; x_wconf 82' lang='lat' dir='ltr'><strong>adolescentulo</strong></span> <span class='ocrx_word' id='word_1_24' title='bbox 831 669 1033 736; x_wconf 81' lang='lat' dir='ltr'>ignobili</span> <span class='ocrx_word' id='word_1_25' title='bbox 1068 670 1326 731; x_wconf 87' lang='lat' dir='ltr'><strong>altercari,</strong></span> <span class='ocrx_word' id='word_1_26' title='bbox 1361 671 1411 719; x_wconf 87' lang='lat' dir='ltr'><strong>in</strong></span> <span class='ocrx_word' id='word_1_27' title='bbox 1448 672 1598 720; x_wconf 88' lang='lat' dir='ltr'><strong>aedes</strong></span> <span class='ocrx_word' id='word_1_28' title='bbox 1632 673 1924 724; x_wconf 84' lang='lat' dir='ltr'><strong>revertitur:</strong></span> <span class='ocrx_word' id='word_1_29' title='bbox 1967 719 1986 725; x_wconf 34' lang='grc' dir='ltr'><strong><em>ε</em></strong></span> 
     </span>
    </p>

    <p class='ocr_par' dir='ltr' id='par_1_5' title="bbox 406 746 1650 815">
     <span class='ocr_line' id='line_1_6' title="bbox 406 746 1650 815; baseline -0.002 -12"><span class='ocrx_word' id='word_1_30' title='bbox 406 750 519 802; x_wconf 76' lang='grc' dir='ltr'><strong><em>ἀλλ’</em></strong></span> <span class='ocrx_word' id='word_1_31' title='bbox 555 751 621 803; x_wconf 84' lang='grc' dir='ltr'><strong>οὐ</strong></span> <span class='ocrx_word' id='word_1_32' title='bbox 654 750 838 814; x_wconf 79' lang='grc' dir='ltr'><strong><em>πρέπει</em></strong></span> <span class='ocrx_word' id='word_1_33' title='bbox 869 748 1168 813; x_wconf 71' lang='grc' dir='ltr'><strong><em>τύραννον,</em></strong></span> <span class='ocrx_word' id='word_1_34' title='bbox 1203 747 1275 809; x_wconf 80' lang='grc' dir='ltr'><strong>ὡς</strong></span> <span class='ocrx_word' id='word_1_35' title='bbox 1308 746 1411 814; x_wconf 78' lang='grc' dir='ltr'><strong>ἐγὼ</strong></span> <span class='ocrx_word' id='word_1_36' title='bbox 1445 752 1650 815; x_wconf 83' lang='grc' dir='ltr'><strong><em>φρονῶ,</em></strong></span> 
     </span>
    </p>

    <p class='ocr_par' dir='ltr' id='par_1_6' title="bbox 405 829 1725 898">
     <span class='ocr_line' id='line_1_7' title="bbox 405 829 1725 898; baseline -0.001 -14"><span class='ocrx_word' id='word_1_37' title='bbox 405 833 520 884; x_wconf 83' lang='grc' dir='ltr'><strong><em>οὐδ’</em></strong></span> <span class='ocrx_word' id='word_1_38' title='bbox 555 832 728 898; x_wconf 78' lang='grc' dir='ltr'><strong><em>ἄνδρα</em></strong></span> <span class='ocrx_word' id='word_1_39' title='bbox 760 829 988 898; x_wconf 84' lang='grc' dir='ltr'><strong><em>χρηστὸν</em></strong></span> <span class='ocrx_word' id='word_1_40' title='bbox 1020 832 1195 889; x_wconf 84' lang='grc' dir='ltr'><strong><em>νεῖκος</em></strong></span> <span class='ocrx_word' id='word_1_41' title='bbox 1229 829 1477 894; x_wconf 77' lang='grc' dir='ltr'><strong><em>αἴρεσθαι</em></strong></span> <span class='ocrx_word' id='word_1_42' title='bbox 1511 834 1725 892; x_wconf 78' lang='grc' dir='ltr'><strong><em>κακοῖς·</em></strong></span> 
     </span>
    </p>

    <p class='ocr_par' dir='ltr' id='par_1_7' title="bbox 267 909 1963 1623">
     <span class='ocr_line' id='line_1_8' title="bbox 404 909 1572 981; baseline -0.003 -16"><span class='ocrx_word' id='word_1_43' title='bbox 404 912 526 981; x_wconf 81' lang='grc' dir='ltr'><strong><em>τιμὴ</em></strong></span> <span class='ocrx_word' id='word_1_44' title='bbox 559 913 663 980; x_wconf 83' lang='grc' dir='ltr'><strong><em>γὰρ</em></strong></span> <span class='ocrx_word' id='word_1_45' title='bbox 696 912 829 980; x_wconf 83' lang='grc' dir='ltr'><strong><em>αὕτη</em></strong></span> <span class='ocrx_word' id='word_1_46' title='bbox 861 914 1032 963; x_wconf 85' lang='grc' dir='ltr'><strong><em>τοῖσιν</em></strong></span> <span class='ocrx_word' id='word_1_47' title='bbox 1064 909 1463 978; x_wconf 77' lang='grc' dir='ltr'><strong><em>ἀσθενεστέροις</em></strong></span> <span class='ocrx_word' id='word_1_48' title='bbox 1478 911 1572 975; x_wconf 87' lang='grc'>**).</span> 
     </span>
     <span class='ocr_line' id='line_1_9' title="bbox 273 993 1962 1060; baseline 0.001 -17"><span class='ocrx_word' id='word_1_49' title='bbox 273 993 431 1045; x_wconf 85' lang='lat' dir='ltr'><strong>Simul</strong></span> <span class='ocrx_word' id='word_1_50' title='bbox 458 997 654 1045; x_wconf 71' lang='lat' dir='ltr'><strong>Danaen</strong></span> <span class='ocrx_word' id='word_1_51' title='bbox 687 1012 779 1060; x_wconf 90' lang='lat' dir='ltr'><strong>per</strong></span> <span class='ocrx_word' id='word_1_52' title='bbox 812 995 910 1044; x_wconf 88' lang='lat' dir='ltr'><strong>vim</strong></span> <span class='ocrx_word' id='word_1_53' title='bbox 935 995 1074 1044; x_wconf 86' lang='lat' dir='ltr'><strong>iubet</strong></span> <span class='ocrx_word' id='word_1_54' title='bbox 1098 995 1158 1043; x_wconf 91' lang='lat' dir='ltr'><strong>ab</strong></span> <span class='ocrx_word' id='word_1_55' title='bbox 1188 994 1288 1042; x_wconf 87' lang='lat' dir='ltr'><strong>aris</strong></span> <span class='ocrx_word' id='word_1_56' title='bbox 1322 995 1370 1043; x_wconf 91' lang='lat' dir='ltr'><strong>in</strong></span> <span class='ocrx_word' id='word_1_57' title='bbox 1406 999 1537 1043; x_wconf 89' lang='lat' dir='ltr'><strong>tecta</strong></span> <span class='ocrx_word' id='word_1_58' title='bbox 1572 993 1719 1055; x_wconf 89' lang='lat' dir='ltr'><strong>trahi,</strong></span> <span class='ocrx_word' id='word_1_59' title='bbox 1754 994 1806 1043; x_wconf 84' lang='lat' dir='ltr'><strong>id</strong></span> <span class='ocrx_word' id='word_1_60' title='bbox 1829 995 1962 1059; x_wconf 83' lang='lat' dir='ltr'><strong>quod</strong></span> 
     </span>
     <span class='ocr_line' id='line_1_10' title="bbox 271 1073 1962 1139; baseline 0.001 -15"><span class='ocrx_word' id='word_1_61' title='bbox 271 1077 333 1125; x_wconf 85' lang='lat' dir='ltr'><strong>ab</strong></span> <span class='ocrx_word' id='word_1_62' title='bbox 367 1078 539 1126; x_wconf 89' lang='lat' dir='ltr'><strong>amicis</strong></span> <span class='ocrx_word' id='word_1_63' title='bbox 574 1078 706 1136; x_wconf 89' lang='lat' dir='ltr'><strong>eius,</strong></span> <span class='ocrx_word' id='word_1_64' title='bbox 755 1091 865 1124; x_wconf 91' lang='lat' dir='ltr'><strong>cum</strong></span> <span class='ocrx_word' id='word_1_65' title='bbox 901 1091 961 1124; x_wconf 88' lang='lat' dir='ltr'><strong>eo</strong></span> <span class='ocrx_word' id='word_1_66' title='bbox 1007 1073 1404 1138; x_wconf 73' lang='lat' dir='ltr'><strong>conspirantibus</strong></span> <span class='ocrx_word' id='word_1_67' title='bbox 1440 1091 1600 1139; x_wconf 88' lang='lat' dir='ltr'><strong>neque</strong></span> <span class='ocrx_word' id='word_1_68' title='bbox 1634 1076 1810 1123; x_wconf 90' lang='lat' dir='ltr'><strong>minori</strong></span> <span class='ocrx_word' id='word_1_69' title='bbox 1846 1076 1962 1126; x_wconf 90' lang='lat' dir='ltr'><strong>odio</strong></span> 
     </span>
     <span class='ocr_line' id='line_1_11' title="bbox 269 1155 1960 1222; baseline 0.001 -19"><span class='ocrx_word' id='word_1_70' title='bbox 269 1155 550 1220; x_wconf 80' lang='lat' dir='ltr'><strong>invidiaque</strong></span> <span class='ocrx_word' id='word_1_71' title='bbox 581 1157 848 1217; x_wconf 86' lang='lat' dir='ltr'><strong>Perseum,</strong></span> <span class='ocrx_word' id='word_1_72' title='bbox 895 1171 1039 1220; x_wconf 88' lang='lat' dir='ltr'><strong>quam</strong></span> <span class='ocrx_word' id='word_1_73' title='bbox 1075 1170 1165 1204; x_wconf 82' lang='lat' dir='ltr'><strong>rex</strong></span> <span class='ocrx_word' id='word_1_74' title='bbox 1200 1155 1338 1219; x_wconf 88' lang='lat' dir='ltr'><strong>ipse,</strong></span> <span class='ocrx_word' id='word_1_75' title='bbox 1374 1155 1763 1216; x_wconf 79' lang='lat' dir='ltr'><strong>insectantibus,</strong></span> <span class='ocrx_word' id='word_1_76' title='bbox 1811 1156 1960 1222; x_wconf 88' lang='lat' dir='ltr'><strong>impi-</strong></span> 
     </span>
     <span class='ocr_line' id='line_1_12' title="bbox 267 1234 1963 1301; baseline 0.001 -17"><span class='ocrx_word' id='word_1_77' title='bbox 267 1252 358 1301; x_wconf 80' lang='lat' dir='ltr'><strong>gre</strong></span> <span class='ocrx_word' id='word_1_78' title='bbox 379 1237 596 1285; x_wconf 87' lang='lat' dir='ltr'><strong>efficitur</strong></span> <span class='ocrx_word' id='word_1_79' title='bbox 609 1234 738 1301; x_wconf 69' lang='grc'>***).</span> <span class='ocrx_word' id='word_1_80' title='bbox 783 1235 912 1286; x_wconf 89' lang='lat' dir='ltr'><strong>Tum</strong></span> <span class='ocrx_word' id='word_1_81' title='bbox 938 1236 1169 1295; x_wconf 81' lang='lat' dir='ltr'><strong>PerseuS,</strong></span> <span class='ocrx_word' id='word_1_82' title='bbox 1207 1236 1342 1285; x_wconf 92' lang='lat' dir='ltr'><strong>solus</strong></span> <span class='ocrx_word' id='word_1_83' title='bbox 1373 1253 1483 1285; x_wconf 90' lang='lat' dir='ltr'><strong>cum</strong></span> <span class='ocrx_word' id='word_1_84' title='bbox 1519 1235 1698 1301; x_wconf 82' lang='lat' dir='ltr'><strong>Dictye</strong></span> <span class='ocrx_word' id='word_1_85' title='bbox 1729 1237 1778 1286; x_wconf 92' lang='lat' dir='ltr'><strong>in</strong></span> <span class='ocrx_word' id='word_1_86' title='bbox 1814 1252 1963 1287; x_wconf 77' lang='lat' dir='ltr'><strong>scena</strong></span> 
     </span>
     <span class='ocr_line' id='line_1_13' title="bbox 267 1316 1962 1381; baseline 0.001 -15"><span class='ocrx_word' id='word_1_87' title='bbox 267 1316 504 1378; x_wconf 79' lang='lat' dir='ltr'><strong>relictus,</strong></span> <span class='ocrx_word' id='word_1_88' title='bbox 563 1333 660 1381; x_wconf 85' lang='lat' dir='ltr'><strong>qua</strong></span> <span class='ocrx_word' id='word_1_89' title='bbox 705 1318 898 1367; x_wconf 84' lang='lat' dir='ltr'><strong>ratione</strong></span> <span class='ocrx_word' id='word_1_90' title='bbox 944 1318 1140 1381; x_wconf 84' lang='lat' dir='ltr'><strong>nuptias</strong></span> <span class='ocrx_word' id='word_1_91' title='bbox 1189 1316 1591 1381; x_wconf 78' lang='lat' dir='ltr'><strong>interpellaturus</strong></span> <span class='ocrx_word' id='word_1_92' title='bbox 1655 1321 1705 1366; x_wconf 82' lang='lat' dir='ltr'><strong>et</strong></span> <span class='ocrx_word' id='word_1_93' title='bbox 1755 1322 1962 1367; x_wconf 89' lang='lat' dir='ltr'><strong>cunctos</strong></span> 
     </span>
     <span class='ocr_line' id='line_1_14' title="bbox 269 1396 1962 1464; baseline 0.001 -19"><span class='ocrx_word' id='word_1_94' title='bbox 269 1412 368 1446; x_wconf 91' lang='lat' dir='ltr'><strong>uno</strong></span> <span class='ocrx_word' id='word_1_95' title='bbox 413 1403 642 1463; x_wconf 89' lang='lat' dir='ltr'><strong>tempore</strong></span> <span class='ocrx_word' id='word_1_96' title='bbox 676 1399 965 1464; x_wconf 85' lang='lat' dir='ltr'><strong>perditurus</strong></span> <span class='ocrx_word' id='word_1_97' title='bbox 1012 1398 1109 1458; x_wconf 89' lang='lat' dir='ltr'><strong>sit,</strong></span> <span class='ocrx_word' id='word_1_98' title='bbox 1158 1399 1375 1463; x_wconf 85' lang='lat' dir='ltr'><strong>exponit.</strong></span> <span class='ocrx_word' id='word_1_99' title='bbox 1458 1396 1646 1459; x_wconf 79' lang='lat' dir='ltr'><strong>Quibus</strong></span> <span class='ocrx_word' id='word_1_100' title='bbox 1682 1397 1829 1446; x_wconf 88' lang='lat' dir='ltr'><strong>dictis</strong></span> <span class='ocrx_word' id='word_1_101' title='bbox 1863 1398 1962 1447; x_wconf 87' lang='lat' dir='ltr'><strong>tol·</strong></span> 
     </span>
     <span class='ocr_line' id='line_1_15' title="bbox 268 1476 1959 1544; baseline 0.002 -19"><span class='ocrx_word' id='word_1_102' title='bbox 268 1476 327 1525; x_wconf 88' lang='lat' dir='ltr'><strong>lit</strong></span> <span class='ocrx_word' id='word_1_103' title='bbox 360 1484 585 1539; x_wconf 88' lang='lat' dir='ltr'><strong>scutum,</strong></span> <span class='ocrx_word' id='word_1_104' title='bbox 621 1479 700 1526; x_wconf 89' lang='lat' dir='ltr'><strong>cui</strong></span> <span class='ocrx_word' id='word_1_105' title='bbox 735 1483 883 1544; x_wconf 85' lang='lat' dir='ltr'><strong>caput</strong></span> <span class='ocrx_word' id='word_1_106' title='bbox 917 1478 1159 1540; x_wconf 83' lang='lat' dir='ltr'><strong>Gorgonis</strong></span> <span class='ocrx_word' id='word_1_107' title='bbox 1195 1479 1398 1526; x_wconf 82' lang='lat' dir='ltr'><strong>affixum</strong></span> <span class='ocrx_word' id='word_1_108' title='bbox 1434 1481 1542 1535; x_wconf 87' lang='lat' dir='ltr'><strong>est,</strong></span> <span class='ocrx_word' id='word_1_109' title='bbox 1592 1482 1644 1526; x_wconf 88' lang='lat' dir='ltr'><strong>et</strong></span> <span class='ocrx_word' id='word_1_110' title='bbox 1677 1477 1726 1526; x_wconf 91' lang='lat' dir='ltr'><strong>in</strong></span> <span class='ocrx_word' id='word_1_111' title='bbox 1761 1478 1959 1528; x_wconf 87' lang='lat' dir='ltr'><strong>domum</strong></span> 
     </span>
     <span class='ocr_line' id='line_1_16' title="bbox 269 1556 1828 1623; baseline -0.001 -16"><span class='ocrx_word' id='word_1_112' title='bbox 269 1573 326 1607; x_wconf 82' lang='lat' dir='ltr'><strong>se</strong></span> <span class='ocrx_word' id='word_1_113' title='bbox 359 1559 423 1607; x_wconf 89' lang='lat' dir='ltr'><strong>ad</strong></span> <span class='ocrx_word' id='word_1_114' title='bbox 457 1558 720 1607; x_wconf 82' lang='lat' dir='ltr'><strong>efficienda</strong></span> <span class='ocrx_word' id='word_1_115' title='bbox 755 1575 842 1621; x_wconf 87' lang='lat' dir='ltr'><strong>ea,</strong></span> <span class='ocrx_word' id='word_1_116' title='bbox 878 1575 1004 1622; x_wconf 90' lang='lat' dir='ltr'><strong>quae</strong></span> <span class='ocrx_word' id='word_1_117' title='bbox 1035 1559 1300 1623; x_wconf 76' lang='lat' dir='ltr'><strong>praedixit,</strong></span> <span class='ocrx_word' id='word_1_118' title='bbox 1338 1559 1502 1607; x_wconf 87' lang='lat' dir='ltr'><strong>statim</strong></span> <span class='ocrx_word' id='word_1_119' title='bbox 1539 1557 1734 1606; x_wconf 83' lang='lat' dir='ltr'><strong>confert</strong></span> <span class='ocrx_word' id='word_1_120' title='bbox 1749 1556 1828 1623; x_wconf 86' lang='lat'><strong>†).</strong></span> 
     </span>
    </p>

    <p class='ocr_par' dir='ltr' id='par_1_8' title="bbox 269 1637 1962 1863">
     <span class='ocr_line' id='line_1_17' title="bbox 399 1637 1962 1703; baseline 0.001 -17"><span class='ocrx_word' id='word_1_121' title='bbox 399 1637 737 1703; x_wconf 76' lang='lat' dir='ltr'><strong>interponitur</strong></span> <span class='ocrx_word' id='word_1_122' title='bbox 779 1645 1005 1703; x_wconf 88' lang='lat' dir='ltr'><strong>quartum</strong></span> <span class='ocrx_word' id='word_1_123' title='bbox 1052 1640 1189 1687; x_wconf 88' lang='lat' dir='ltr'><strong>chori</strong></span> <span class='ocrx_word' id='word_1_124' title='bbox 1235 1654 1461 1698; x_wconf 85' lang='lat' dir='ltr'><strong>carmen,</strong></span> <span class='ocrx_word' id='word_1_125' title='bbox 1508 1652 1604 1700; x_wconf 82' lang='lat' dir='ltr'><strong>quo</strong></span> <span class='ocrx_word' id='word_1_126' title='bbox 1656 1653 1782 1701; x_wconf 90' lang='lat' dir='ltr'><strong>quae</strong></span> <span class='ocrx_word' id='word_1_127' title='bbox 1829 1639 1962 1688; x_wconf 88' lang='lat' dir='ltr'><strong>intus</strong></span> 
     </span>
     <span class='ocr_line' id='line_1_18' title="bbox 270 1717 1962 1785; baseline 0.001 -17"><span class='ocrx_word' id='word_1_128' title='bbox 270 1724 506 1785; x_wconf 82' lang='lat' dir='ltr'><strong>aguntur,</strong></span> <span class='ocrx_word' id='word_1_129' title='bbox 554 1721 735 1767; x_wconf 86' lang='lat' dir='ltr'><strong>mentis</strong></span> <span class='ocrx_word' id='word_1_130' title='bbox 771 1720 1000 1785; x_wconf 90' lang='lat' dir='ltr'><strong>opinione</strong></span> <span class='ocrx_word' id='word_1_131' title='bbox 1036 1720 1330 1784; x_wconf 87' lang='lat' dir='ltr'><strong>anticipata,</strong></span> <span class='ocrx_word' id='word_1_132' title='bbox 1379 1717 1521 1782; x_wconf 87' lang='lat' dir='ltr'><strong>quasi</strong></span> <span class='ocrx_word' id='word_1_133' title='bbox 1554 1734 1581 1765; x_wconf 86' lang='lat' dir='ltr'><strong>a</strong></span> <span class='ocrx_word' id='word_1_134' title='bbox 1615 1719 1962 1782; x_wconf 83' lang='lat' dir='ltr'><strong>praesentibus</strong></span> 
     </span>
     <span class='ocr_line' id='line_1_19' title="bbox 269 1799 1340 1863; baseline -0.002 -15"><span class='ocrx_word' id='word_1_135' title='bbox 269 1805 322 1849; x_wconf 88' lang='lat' dir='ltr'><strong>et</strong></span> <span class='ocrx_word' id='word_1_136' title='bbox 354 1815 517 1848; x_wconf 83' lang='lat' dir='ltr'><strong>coram</strong></span> <span class='ocrx_word' id='word_1_137' title='bbox 554 1799 941 1863; x_wconf 83' lang='lat' dir='ltr'><strong>adspicientibus</strong></span> <span class='ocrx_word' id='word_1_138' title='bbox 978 1799 1340 1847; x_wconf 89' lang='lat' dir='ltr'><strong>describuntur.</strong></span> 
     </span>
    </p>

    <p class='ocr_par' dir='ltr' id='par_1_9' title="bbox 266 1877 1963 2265">
     <span class='ocr_line' id='line_1_20' title="bbox 400 1877 1962 1944; baseline 0 -17"><span class='ocrx_word' id='word_1_139' title='bbox 400 1878 573 1928; x_wconf 86' lang='lat' dir='ltr'><strong>Prodit</strong></span> <span class='ocrx_word' id='word_1_140' title='bbox 606 1880 822 1938; x_wconf 76' lang='lat' dir='ltr'><strong>nuntiuS,</strong></span> <span class='ocrx_word' id='word_1_141' title='bbox 874 1880 972 1943; x_wconf 86' lang='lat' dir='ltr'><strong>qui,</strong></span> <span class='ocrx_word' id='word_1_142' title='bbox 1008 1878 1388 1944; x_wconf 86' lang='lat' dir='ltr'><strong>obstupefactus</strong></span> <span class='ocrx_word' id='word_1_143' title='bbox 1423 1877 1663 1942; x_wconf 90' lang='lat' dir='ltr'><strong>adspectu</strong></span> <span class='ocrx_word' id='word_1_144' title='bbox 1698 1877 1962 1928; x_wconf 78' lang='lat' dir='ltr'><strong>miraculo-</strong></span> 
     </span>
     <span class='ocr_line' id='line_1_21' title="bbox 268 1957 1962 2024; baseline 0 -16"><span class='ocrx_word' id='word_1_145' title='bbox 268 1975 405 2018; x_wconf 86' lang='lat' dir='ltr'><strong>rum,</strong></span> <span class='ocrx_word' id='word_1_146' title='bbox 440 1959 504 2008; x_wconf 83' lang='lat' dir='ltr'><strong>de</strong></span> <span class='ocrx_word' id='word_1_147' title='bbox 538 1960 626 2018; x_wconf 88' lang='lat' dir='ltr'><strong>iis,</strong></span> <span class='ocrx_word' id='word_1_148' title='bbox 664 1974 790 2022; x_wconf 87' lang='lat' dir='ltr'><strong>quae</strong></span> <span class='ocrx_word' id='word_1_149' title='bbox 838 1966 980 2021; x_wconf 80' lang='lat' dir='ltr'><strong>gesta</strong></span> <span class='ocrx_word' id='word_1_150' title='bbox 1013 1966 1158 2016; x_wconf 90' lang='lat' dir='ltr'><strong>sunt,</strong></span> <span class='ocrx_word' id='word_1_151' title='bbox 1214 1958 1508 2006; x_wconf 80' lang='lat' dir='ltr'><strong>brevissime</strong></span> <span class='ocrx_word' id='word_1_152' title='bbox 1545 1957 1708 2021; x_wconf 80' lang='lat' dir='ltr'><strong>Dietyi</strong></span> <span class='ocrx_word' id='word_1_153' title='bbox 1743 1959 1962 2024; x_wconf 83' lang='lat' dir='ltr'><strong>exponit.</strong></span> 
     </span>
     <span class='ocr_line' id='line_1_22' title="bbox 267 2037 1962 2103; baseline 0 -15"><span class='ocrx_word' id='word_1_154' title='bbox 267 2038 391 2088; x_wconf 83' lang='lat' dir='ltr'><strong>Mox</strong></span> <span class='ocrx_word' id='word_1_155' title='bbox 425 2039 641 2088; x_wconf 86' lang='lat' dir='ltr'><strong>Perseus</strong></span> <span class='ocrx_word' id='word_1_156' title='bbox 674 2039 809 2103; x_wconf 72' lang='lat' dir='ltr'><strong>ipae,</strong></span> <span class='ocrx_word' id='word_1_157' title='bbox 845 2044 1052 2087; x_wconf 89' lang='lat' dir='ltr'><strong>matrem</strong></span> <span class='ocrx_word' id='word_1_158' title='bbox 1089 2054 1235 2087; x_wconf 89' lang='lat' dir='ltr'><strong>manu</strong></span> <span class='ocrx_word' id='word_1_159' title='bbox 1270 2037 1483 2097; x_wconf 84' lang='lat' dir='ltr'><strong>ducens,</strong></span> <span class='ocrx_word' id='word_1_160' title='bbox 1527 2038 1713 2102; x_wconf 84' lang='lat' dir='ltr'><strong>apertis</strong></span> <span class='ocrx_word' id='word_1_161' title='bbox 1764 2039 1962 2088; x_wconf 82' lang='lat' dir='ltr'><strong>aedium</strong></span> 
     </span>
     <span class='ocr_line' id='line_1_23' title="bbox 266 2117 1963 2182; baseline -0.001 -13"><span class='ocrx_word' id='word_1_162' title='bbox 266 2119 446 2181; x_wconf 83' lang='lat' dir='ltr'><strong>valvis,</strong></span> <span class='ocrx_word' id='word_1_163' title='bbox 492 2124 548 2169; x_wconf 91' lang='lat' dir='ltr'><strong>ut</strong></span> <span class='ocrx_word' id='word_1_164' title='bbox 594 2123 789 2167; x_wconf 86' lang='lat' dir='ltr'><strong>statuae</strong></span> <span class='ocrx_word' id='word_1_165' title='bbox 835 2135 898 2167; x_wconf 85' lang='lat' dir='ltr'><strong>ex</strong></span> <span class='ocrx_word' id='word_1_166' title='bbox 942 2119 1224 2167; x_wconf 88' lang='lat' dir='ltr'><strong>hominibus</strong></span> <span class='ocrx_word' id='word_1_167' title='bbox 1260 2117 1426 2166; x_wconf 87' lang='lat' dir='ltr'><strong>factae</strong></span> <span class='ocrx_word' id='word_1_168' title='bbox 1473 2118 1865 2182; x_wconf 77' lang='lat' dir='ltr'><strong>conspiciantur,</strong></span> <span class='ocrx_word' id='word_1_169' title='bbox 1900 2118 1963 2167; x_wconf 85' lang='lat' dir='ltr'><strong>ad</strong></span> 
     </span>
     <span class='ocr_line' id='line_1_24' title="bbox 267 2197 1963 2265; baseline -0.001 -16"><span class='ocrx_word' id='word_1_170' title='bbox 267 2200 476 2250; x_wconf 87' lang='lat' dir='ltr'><strong>chorum</strong></span> <span class='ocrx_word' id='word_1_171' title='bbox 510 2200 705 2265; x_wconf 86' lang='lat' dir='ltr'><strong>prodit,</strong></span> <span class='ocrx_word' id='word_1_172' title='bbox 742 2198 1054 2264; x_wconf 88' lang='lat' dir='ltr'><strong>salutatoque</strong></span> <span class='ocrx_word' id='word_1_173' title='bbox 1088 2198 1296 2263; x_wconf 83' lang='lat' dir='ltr'><strong>Dictye,</strong></span> <span class='ocrx_word' id='word_1_174' title='bbox 1347 2198 1670 2248; x_wconf 87' lang='lat' dir='ltr'><strong>concionatur</strong></span> <span class='ocrx_word' id='word_1_175' title='bbox 1704 2197 1836 2263; x_wconf 86' lang='lat' dir='ltr'><strong>apud</strong></span> <span class='ocrx_word' id='word_1_176' title='bbox 1870 2213 1963 2263; x_wconf 88' lang='lat' dir='ltr'><strong>po-</strong></span> 
     </span>
    </p>
   </div>
   <div class='ocr_carea' id='block_1_3' title="bbox 1799 492 1828 518">
    <p class='ocr_par' dir='ltr' id='par_1_10' title="bbox 1799 492 1828 518">
     <span class='ocr_line' id='line_1_25' title="bbox 1799 492 1828 518; baseline 0 -5"><span class='ocrx_word' id='word_1_177' title='bbox 1799 492 1828 518; x_wconf 62' lang='lat' dir='ltr'><em>a</em></span> 
     </span>
    </p>
   </div>
   <div class='ocr_carea' id='block_1_4' title="bbox 279 2405 1965 3455">
    <p class='ocr_par' dir='ltr' id='par_1_11' title="bbox 279 2405 1963 2886">
     <span class='ocr_line' id='line_1_26' title="bbox 331 2405 1963 2464; baseline -0.001 -14"><span class='ocrx_word' id='word_1_178' title='bbox 331 2408 380 2463; x_wconf 82' lang='lat'><strong>*)</strong></span> <span class='ocrx_word' id='word_1_179' title='bbox 408 2406 560 2450; x_wconf 85' lang='lat' dir='ltr'><strong>Potuit</strong></span> <span class='ocrx_word' id='word_1_180' title='bbox 599 2407 715 2448; x_wconf 86' lang='lat' dir='ltr'><strong>haec</strong></span> <span class='ocrx_word' id='word_1_181' title='bbox 764 2419 940 2461; x_wconf 84' lang='lat' dir='ltr'><strong>quoque</strong></span> <span class='ocrx_word' id='word_1_182' title='bbox 982 2406 1154 2459; x_wconf 88' lang='lat' dir='ltr'><strong>dicere,</strong></span> <span class='ocrx_word' id='word_1_183' title='bbox 1205 2419 1320 2460; x_wconf 83' lang='lat' dir='ltr'><strong>quae</strong></span> <span class='ocrx_word' id='word_1_184' title='bbox 1368 2405 1412 2448; x_wconf 90' lang='lat' dir='ltr'><strong>in</strong></span> <span class='ocrx_word' id='word_1_185' title='bbox 1462 2406 1643 2449; x_wconf 83' lang='lat' dir='ltr'><strong>incertis</strong></span> <span class='ocrx_word' id='word_1_186' title='bbox 1697 2405 1963 2464; x_wconf 78' lang='lat' dir='ltr'><strong>fragmentis</strong></span> 
     </span>
     <span class='ocr_line' id='line_1_27' title="bbox 409 2474 1232 2532; baseline -0.005 -12"><span class='ocrx_word' id='word_1_187' title='bbox 409 2492 454 2520; x_wconf 84' lang='lat' dir='ltr'><strong>n.</strong></span> <span class='ocrx_word' id='word_1_188' title='bbox 484 2477 555 2519; x_wconf 86' lang='lat' dir='ltr'><strong>lv.</strong></span> <span class='ocrx_word' id='word_1_189' title='bbox 584 2491 629 2532; x_wconf 83' lang='lat' dir='ltr'><strong>p.</strong></span> <span class='ocrx_word' id='word_1_190' title='bbox 660 2474 757 2518; x_wconf 82' lang='lat'><strong>365.</strong></span> <span class='ocrx_word' id='word_1_191' title='bbox 790 2477 952 2518; x_wconf 84' lang='lat' dir='ltr'><strong>Matth.</strong></span> <span class='ocrx_word' id='word_1_192' title='bbox 987 2480 1232 2530; x_wconf 85' lang='lat' dir='ltr'><strong>ponuntur:</strong></span> 
     </span>
     <span class='ocr_line' id='line_1_28' title="bbox 518 2543 1448 2602; baseline -0.005 -11"><span class='ocrx_word' id='word_1_193' title='bbox 518 2543 605 2591; x_wconf 69' lang='grc' dir='ltr'><strong>οὐκ</strong></span> <span class='ocrx_word' id='word_1_194' title='bbox 634 2545 754 2590; x_wconf 79' lang='grc' dir='ltr'><strong><em>ἔστιν</em></strong></span> <span class='ocrx_word' id='word_1_195' title='bbox 782 2543 1126 2602; x_wconf 6' lang='grc' dir='ltr'><strong><em>οἷρετῆςμκτῆμα</em></strong></span> <span class='ocrx_word' id='word_1_196' title='bbox 1156 2543 1448 2601; x_wconf 78' lang='grc' dir='ltr'><strong><em>τιμιώτερον·</em></strong></span> 
     </span>
     <span class='ocr_line' id='line_1_29' title="bbox 516 2612 1506 2675; baseline -0.003 -14"><span class='ocrx_word' id='word_1_197' title='bbox 516 2614 573 2661; x_wconf 74' lang='grc' dir='ltr'><strong>οὗ</strong></span> <span class='ocrx_word' id='word_1_198' title='bbox 602 2615 689 2675; x_wconf 78' lang='grc' dir='ltr'><strong><em>γὰρ</em></strong></span> <span class='ocrx_word' id='word_1_199' title='bbox 719 2615 898 2671; x_wconf 83' lang='grc' dir='ltr'><strong><em>πέφυκε</em></strong></span> <span class='ocrx_word' id='word_1_200' title='bbox 929 2617 1097 2659; x_wconf 85' lang='grc' dir='ltr'><strong><em>δοῦλον</em></strong></span> <span class='ocrx_word' id='word_1_201' title='bbox 1126 2612 1233 2659; x_wconf 81' lang='grc' dir='ltr'><strong><em>οὔτε</em></strong></span> <span class='ocrx_word' id='word_1_202' title='bbox 1261 2613 1506 2672; x_wconf 78' lang='grc' dir='ltr'><strong><em>χρημάτων</em></strong></span> 
     </span>
     <span class='ocr_line' id='line_1_30' title="bbox 520 2682 1541 2742; baseline -0.002 -11"><span class='ocrx_word' id='word_1_203' title='bbox 520 2684 619 2731; x_wconf 79' lang='grc' dir='ltr'><strong><em>οὔτ’</em></strong></span> <span class='ocrx_word' id='word_1_204' title='bbox 646 2685 899 2742; x_wconf 74' lang='grc' dir='ltr'><em>ἀσφαλείας</em></span> <span class='ocrx_word' id='word_1_205' title='bbox 930 2682 1035 2730; x_wconf 80' lang='grc' dir='ltr'><strong><em>οὔτε</em></strong></span> <span class='ocrx_word' id='word_1_206' title='bbox 1063 2688 1274 2738; x_wconf 78' lang='grc' dir='ltr'><strong><em>θωπείας</em></strong></span> <span class='ocrx_word' id='word_1_207' title='bbox 1305 2682 1459 2742; x_wconf 76' lang='grc' dir='ltr'><strong><em>ὄχλου.</em></strong></span> <span class='ocrx_word' id='word_1_208' title='bbox 1526 2722 1541 2729; x_wconf 47' lang='lat'><em>2</em></span> 
     </span>
     <span class='ocr_line' id='line_1_31' title="bbox 306 2757 819 2816; baseline -0.004 -15"><span class='ocrx_word' id='word_1_209' title='bbox 306 2760 386 2815; x_wconf 56' lang='grc' dir='ltr'><strong>*ἢ</strong></span> <span class='ocrx_word' id='word_1_210' title='bbox 413 2759 602 2816; x_wconf 81' lang='lat' dir='ltr'><strong>Fragm.</strong></span> <span class='ocrx_word' id='word_1_211' title='bbox 632 2758 719 2800; x_wconf 85' lang='lat' dir='ltr'><strong>inc.</strong></span> <span class='ocrx_word' id='word_1_212' title='bbox 748 2757 819 2799; x_wconf 81' lang='lat'><strong>42.</strong></span> 
     </span>
     <span class='ocr_line' id='line_1_32' title="bbox 279 2823 1534 2886; baseline -0.004 -13"><span class='ocrx_word' id='word_1_213' title='bbox 279 2831 387 2885; x_wconf 43' lang='lat' dir='ltr'><strong>aaut)</strong></span> <span class='ocrx_word' id='word_1_214' title='bbox 417 2831 580 2873; x_wconf 82' lang='lat' dir='ltr'><strong>Strabo</strong></span> <span class='ocrx_word' id='word_1_215' title='bbox 610 2832 641 2872; x_wconf 91' lang='lat' dir='ltr'><strong>l.</strong></span> <span class='ocrx_word' id='word_1_216' title='bbox 672 2831 729 2872; x_wconf 83' lang='lat' dir='ltr'><strong>L:</strong></span> <span class='ocrx_word' id='word_1_217' title='bbox 763 2826 1150 2885; x_wconf 79' lang='grc' dir='ltr'><strong><em>συμπραττόντων</em></strong></span> <span class='ocrx_word' id='word_1_218' title='bbox 1179 2827 1308 2886; x_wconf 75' lang='grc' dir='ltr'><strong><em>αὐτῷ</em></strong></span> <span class='ocrx_word' id='word_1_219' title='bbox 1338 2823 1534 2870; x_wconf 77' lang='grc' dir='ltr'><strong><em>ἐκείνων.</em></strong></span> 
     </span>
    </p>

    <p class='ocr_par' dir='ltr' id='par_1_12' title="bbox 333 2894 1965 3455">
     <span class='ocr_line' id='line_1_33' title="bbox 333 2894 1964 2957; baseline -0.001 -14"><span class='ocrx_word' id='word_1_220' title='bbox 333 2901 389 2957; x_wconf 83' lang='lat'><strong>†)</strong></span> <span class='ocrx_word' id='word_1_221' title='bbox 417 2902 624 2956; x_wconf 82' lang='lat' dir='ltr'><strong>Apollod.</strong></span> <span class='ocrx_word' id='word_1_222' title='bbox 655 2902 687 2943; x_wconf 89' lang='lat' dir='ltr'><strong>l.</strong></span> <span class='ocrx_word' id='word_1_223' title='bbox 718 2902 774 2942; x_wconf 88' lang='lat'><strong>1.:</strong></span> <span class='ocrx_word' id='word_1_224' title='bbox 822 2896 1109 2949; x_wconf 81' lang='grc' dir='ltr'><strong><em>εἰςελθών</em></strong></span> <span class='ocrx_word' id='word_1_225' title='bbox 1149 2898 1231 2949; x_wconf 82' lang='grc' dir='ltr'><strong>εἰς</strong></span> <span class='ocrx_word' id='word_1_226' title='bbox 1273 2895 1375 2941; x_wconf 82' lang='grc' dir='ltr'><strong><em>τὸν</em></strong></span> <span class='ocrx_word' id='word_1_227' title='bbox 1417 2894 1699 2954; x_wconf 81' lang='grc' dir='ltr'><strong><em>βασιλέα,</em></strong></span> <span class='ocrx_word' id='word_1_228' title='bbox 1742 2897 1964 2953; x_wconf 85' lang='grc' dir='ltr'><strong><em>συγκαλέ-</em></strong></span> 
     </span>
     <span class='ocr_line' id='line_1_34' title="bbox 407 2963 1964 3026; baseline -0.002 -10"><span class='ocrx_word' id='word_1_229' title='bbox 407 2986 575 3021; x_wconf 87' lang='grc' dir='ltr'><strong><em>σαντος</em></strong></span> <span class='ocrx_word' id='word_1_230' title='bbox 613 2972 700 3015; x_wconf 82' lang='grc' dir='ltr'><strong><em>τοῦ</em></strong></span> <span class='ocrx_word' id='word_1_231' title='bbox 742 2969 1037 3014; x_wconf 80' lang='grc' dir='ltr'><strong><em>Πολυδέκτου</em></strong></span> <span class='ocrx_word' id='word_1_232' title='bbox 1077 2965 1187 3019; x_wconf 77' lang='grc' dir='ltr'><strong><em>τοὺς</em></strong></span> <span class='ocrx_word' id='word_1_233' title='bbox 1225 2970 1413 3024; x_wconf 84' lang='grc' dir='ltr'><strong><em>φίλους,</em></strong></span> <span class='ocrx_word' id='word_1_234' title='bbox 1458 2963 1832 3024; x_wconf 74' lang='grc' dir='ltr'><strong><em>ἀπεστραμμένος</em></strong></span> <span class='ocrx_word' id='word_1_235' title='bbox 1879 2968 1964 3026; x_wconf 85' lang='grc' dir='ltr'><strong><em>τὴν</em></strong></span> 
     </span>
     <span class='ocr_line' id='line_1_35' title="bbox 408 3034 1965 3099; baseline -0.002 -12"><span class='ocrx_word' id='word_1_236' title='bbox 408 3041 619 3099; x_wconf 80' lang='grc' dir='ltr'><strong><em>κεφαλὴν</em></strong></span> <span class='ocrx_word' id='word_1_237' title='bbox 669 3043 752 3098; x_wconf 85' lang='grc' dir='ltr'><strong><em>τῆς</em></strong></span> <span class='ocrx_word' id='word_1_238' title='bbox 806 3038 1035 3098; x_wconf 79' lang='grc' dir='ltr'><strong><em>Γοργόνος</em></strong></span> <span class='ocrx_word' id='word_1_239' title='bbox 1073 3038 1226 3093; x_wconf 78' lang='grc' dir='ltr'><strong><em>ἔδειξε.</em></strong></span> <span class='ocrx_word' id='word_1_240' title='bbox 1309 3039 1414 3082; x_wconf 81' lang='grc' dir='ltr'><strong>Τῶν</strong></span> <span class='ocrx_word' id='word_1_241' title='bbox 1454 3035 1503 3082; x_wconf 79' lang='grc' dir='ltr'><strong>δὲ</strong></span> <span class='ocrx_word' id='word_1_242' title='bbox 1555 3037 1752 3082; x_wconf 84' lang='grc' dir='ltr'><strong><em>ἰδόντων</em></strong></span> <span class='ocrx_word' id='word_1_243' title='bbox 1803 3034 1965 3092; x_wconf 77' lang='grc' dir='ltr'><strong><em>ὁποῖος</em></strong></span> 
     </span>
     <span class='ocr_line' id='line_1_36' title="bbox 409 3106 1964 3168; baseline -0.001 -10"><span class='ocrx_word' id='word_1_244' title='bbox 409 3112 598 3164; x_wconf 74' lang='grc' dir='ltr'><strong><em>ἕκαστος</em></strong></span> <span class='ocrx_word' id='word_1_245' title='bbox 640 3111 766 3168; x_wconf 73' lang='grc' dir='ltr'><strong><em>ἔτυχε</em></strong></span> <span class='ocrx_word' id='word_1_246' title='bbox 814 3112 963 3167; x_wconf 82' lang='grc' dir='ltr'><strong><em>σχῆμα</em></strong></span> <span class='ocrx_word' id='word_1_247' title='bbox 1002 3109 1115 3166; x_wconf 76' lang='grc' dir='ltr'><strong><em>ἔχων</em></strong></span> <span class='ocrx_word' id='word_1_248' title='bbox 1150 3106 1444 3165; x_wconf 69' lang='grc' dir='ltr'><strong><em>ἀπελιθώθη.</em></strong></span> <span class='ocrx_word' id='word_1_249' title='bbox 1522 3108 1685 3151; x_wconf 78' lang='lat' dir='ltr'><strong>Strabo</strong></span> <span class='ocrx_word' id='word_1_250' title='bbox 1716 3112 1746 3153; x_wconf 89' lang='lat' dir='ltr'><strong>l.</strong></span> <span class='ocrx_word' id='word_1_251' title='bbox 1787 3112 1841 3153; x_wconf 82' lang='lat'><strong>1.:</strong></span> <span class='ocrx_word' id='word_1_252' title='bbox 1886 3111 1964 3156; x_wconf 75' lang='grc' dir='ltr'><strong><em>καὶ</em></strong></span> 
     </span>
     <span class='ocr_line' id='line_1_37' title="bbox 408 3178 1965 3240; baseline -0.001 -12"><span class='ocrx_word' id='word_1_253' title='bbox 408 3187 663 3240; x_wconf 85' lang='grc' dir='ltr'><strong><em>κομίσαντα</em></strong></span> <span class='ocrx_word' id='word_1_254' title='bbox 692 3183 777 3239; x_wconf 78' lang='grc' dir='ltr'><strong><em>τὴν</em></strong></span> <span class='ocrx_word' id='word_1_255' title='bbox 806 3183 887 3238; x_wconf 86' lang='grc' dir='ltr'><strong><em>τῆς</em></strong></span> <span class='ocrx_word' id='word_1_256' title='bbox 917 3179 1148 3238; x_wconf 81' lang='grc' dir='ltr'><strong><em>Γοργόνος</em></strong></span> <span class='ocrx_word' id='word_1_257' title='bbox 1183 3178 1414 3237; x_wconf 81' lang='grc' dir='ltr'><strong><em>κεφαλήν,</em></strong></span> <span class='ocrx_word' id='word_1_258' title='bbox 1458 3179 1676 3232; x_wconf 80' lang='grc' dir='ltr'><strong><em>δείξαντα</em></strong></span> <span class='ocrx_word' id='word_1_259' title='bbox 1706 3185 1802 3231; x_wconf 88' lang='grc' dir='ltr'><strong><em>τοῖς</em></strong></span> <span class='ocrx_word' id='word_1_260' title='bbox 1830 3184 1965 3239; x_wconf 82' lang='grc' dir='ltr'><strong><em>Σερι-</em></strong></span> 
     </span>
     <span class='ocr_line' id='line_1_38' title="bbox 409 3250 1965 3312; baseline -0.003 -12"><span class='ocrx_word' id='word_1_261' title='bbox 409 3256 539 3312; x_wconf 84' lang='grc' dir='ltr'><strong><em>φίοις</em></strong></span> <span class='ocrx_word' id='word_1_262' title='bbox 567 3250 862 3299; x_wconf 77' lang='grc' dir='ltr'><strong><em>οἷπολιθιὸσαι</em></strong></span> <span class='ocrx_word' id='word_1_263' title='bbox 891 3251 1094 3302; x_wconf 80' lang='grc' dir='ltr'><strong><em>πάντας·</em></strong></span> <span class='ocrx_word' id='word_1_264' title='bbox 1139 3253 1278 3295; x_wconf 83' lang='grc' dir='ltr'><strong><em>τοῦτο</em></strong></span> <span class='ocrx_word' id='word_1_265' title='bbox 1307 3250 1358 3295; x_wconf 79' lang='grc' dir='ltr'><strong>δὲ</strong></span> <span class='ocrx_word' id='word_1_266' title='bbox 1387 3250 1558 3307; x_wconf 80' lang='grc' dir='ltr'><strong><em>πρᾶξαι</em></strong></span> <span class='ocrx_word' id='word_1_267' title='bbox 1588 3252 1876 3308; x_wconf 83' lang='grc' dir='ltr'><strong><em>τιμωροῦντα</em></strong></span> <span class='ocrx_word' id='word_1_268' title='bbox 1904 3253 1965 3310; x_wconf 85' lang='grc' dir='ltr'><strong><em>τῇ</em></strong></span> 
     </span>
     <span class='ocr_line' id='line_1_39' title="bbox 409 3317 1963 3384; baseline -0.003 -14"><span class='ocrx_word' id='word_1_269' title='bbox 409 3327 572 3384; x_wconf 86' lang='grc' dir='ltr'><strong><em>μητρί,</em></strong></span> <span class='ocrx_word' id='word_1_270' title='bbox 615 3323 688 3369; x_wconf 79' lang='grc' dir='ltr'><strong><em>ὅτι</em></strong></span> <span class='ocrx_word' id='word_1_271' title='bbox 724 3322 872 3381; x_wconf 74' lang='grc' dir='ltr'><strong><em>αὐτὴν</em></strong></span> <span class='ocrx_word' id='word_1_272' title='bbox 902 3321 1193 3380; x_wconf 74' lang='grc' dir='ltr'><strong><em>Πολυδέκτης</em></strong></span> <span class='ocrx_word' id='word_1_273' title='bbox 1228 3321 1252 3367; x_wconf 81' lang='grc' dir='ltr'>ὁ</span> <span class='ocrx_word' id='word_1_274' title='bbox 1293 3317 1505 3381; x_wconf 74' lang='grc' dir='ltr'><strong><em>βασιλεὺς</em></strong></span> <span class='ocrx_word' id='word_1_275' title='bbox 1543 3317 1749 3365; x_wconf 75' lang='grc' dir='ltr'><strong><em>ἄκουσαν</em></strong></span> <span class='ocrx_word' id='word_1_276' title='bbox 1792 3319 1963 3378; x_wconf 72' lang='grc' dir='ltr'><strong><em>ἀγαγέ-</em></strong></span> 
     </span>
     <span class='ocr_line' id='line_1_40' title="bbox 411 3390 1960 3455; baseline -0.004 -15"><span class='ocrx_word' id='word_1_277' title='bbox 411 3398 525 3442; x_wconf 84' lang='grc' dir='ltr'><strong><em>σθαι</em></strong></span> <span class='ocrx_word' id='word_1_278' title='bbox 551 3398 788 3455; x_wconf 82' lang='grc' dir='ltr'><strong><em>προείλετο</em></strong></span> <span class='ocrx_word' id='word_1_279' title='bbox 818 3391 934 3454; x_wconf 85' lang='grc' dir='ltr'><strong><em>πρὸς</em></strong></span> <span class='ocrx_word' id='word_1_280' title='bbox 960 3393 1133 3452; x_wconf 82' lang='grc' dir='ltr'><strong><em>γάμον,</em></strong></span> <span class='ocrx_word' id='word_1_281' title='bbox 1170 3391 1560 3452; x_wconf 84' lang='grc' dir='ltr'><strong><em>συμπραττόντων</em></strong></span> <span class='ocrx_word' id='word_1_282' title='bbox 1602 3390 1732 3451; x_wconf 73' lang='grc' dir='ltr'><strong><em>αὐτῷ</em></strong></span> <span class='ocrx_word' id='word_1_283' title='bbox 1761 3390 1960 3439; x_wconf 74' lang='grc' dir='ltr'><strong><em>ἐκείνων.</em></strong></span> 
     </span>
    </p>
   </div>
   <div class='ocr_carea' id='block_1_5' title="bbox 1509 3464 1575 3512">
    <p class='ocr_par' dir='ltr' id='par_1_13' title="bbox 1509 3464 1624 3512">
     <span class='ocr_line' id='line_1_41' title="bbox 1509 3464 1575 3512; baseline -0.009 0"><span class='ocrx_word' id='word_1_284' title='bbox 1509 3464 1575 3512; x_wconf 85' lang='lat'><strong>24</strong></span> 
     </span>
    </p>
   </div>
  </div>
 </body>
</html>
