2144 3854
996 253 1118 311 219

212 406 403 474 gemitu
419 442 435 470 ,
483 404 590 454 sine
622 401 856 462 lacrimis,
890 399 960 449 nil
994 403 1184 449 mutato
1218 398 1319 447 oris
1351 396 1532 447 colore.
1599 394 1701 444 Ubi
1735 399 1901 444 autem

214 487 454 536 intrasset
485 484 537 533 in
571 482 883 539 cubiculum,
932 484 1037 529 tum
1070 495 1187 527 vero
1221 478 1540 538 lacrimasse,
1585 475 1898 526 recordatam

215 565 531 632 nuptiarum,
575 577 778 626 quarum
816 575 997 608 caussa
1027 560 1156 620 iam,
1205 574 1362 608 novae
1395 563 1582 622 nuptae
1614 555 1779 605 locum
1813 555 1900 604 da·

214 651 353 705 tura,
398 645 504 708 ipsa
538 642 602 689 de
634 642 735 689 vita
768 638 1055 701 decederet,
1089 644 1142 688 et
1175 637 1448 687 osculatam
1484 654 1597 686 esse
1633 637 1815 686 lectum
1852 641 1903 685 et

214 723 383 773 multis
415 721 637 770 lacrimis
671 721 876 785 rigasse,
911 725 964 768 et
997 719 1131 768 foras
1168 733 1420 783 egressam
1455 719 1654 780 saepius
1690 717 1904 766 rediisse

213 808 266 852 et
309 802 520 851 subinde
564 801 618 850 in
664 806 824 850 torum
872 817 928 849 se
975 800 1230 849 reiecisse.
1298 798 1506 846 Liberos
1540 813 1660 846 vero
1694 799 1925 866 haerenffi

213 886 291 932 tes
324 883 385 932 -in
428 881 599 932 matris
650 881 872 929 vestibus
922 879 1144 945 plorasse
1169 915 1182 936 ‚
1234 878 1570 943 amplectente
1614 882 1776 926 matre
1827 884 1902 927 at-

215 978 313 1028 que
344 962 630 1023 osculante,
678 967 736 1011 ut
769 961 1024 1010 moritura.
1091 960 1227 1010 Tum
1260 958 1462 1007 famulis
1498 959 1723 1007 omnibus
1757 958 1904 1007 lacri-

215 1043 490 1103 mantibus,
537 1041 745 1108 singulis
781 1043 1007 1091 dextram
1042 1041 1356 1106 porrexisse,
1411 1055 1573 1102 neque
1608 1054 1905 1102 quemquam

214 1127 318 1172 tam
353 1123 601 1172 abiectum
635 1122 797 1170 visum
832 1138 977 1183 esse,
1030 1139 1179 1187 quem
1213 1137 1312 1170 non
1345 1119 1682 1183 alloqueretur
1717 1124 1768 1168 et
1815 1135 1904 1168 au-

215 1201 350 1252 diret
394 1202 527 1251 ultro
578 1202 928 1266 alloquentem.
997 1202 1337 1251 Miserrimum
1373 1206 1538 1248 autem
1572 1216 1689 1249 esse
1721 1200 1907 1249 Adme-

214 1288 339 1343 tum,
371 1282 628 1332 adfectum
663 1298 724 1331 eo
759 1281 950 1344 dolore,
999 1283 1140 1332 cuius
1176 1282 1398 1332 oblivisci
1430 1296 1677 1344 nunquam
1717 1280 1907 1346 possit3

217 1371 270 1412 et
299 1362 518 1427 plorare,
550 1378 760 1412 uxorem
795 1363 846 1411 in
881 1364 1106 1412 manibus
1141 1366 1412 1423 tenentem,
1448 1367 1501 1411 et
1535 1378 1599 1411 ne
1627 1377 1685 1411 se
1708 1361 1910 1411 deserat

217 1443 513 1505 obsecrare,
549 1443 834 1507 cupientem
870 1459 948 1502 ea,
984 1460 1112 1508 quae
1156 1443 1268 1492 fieri
1315 1446 1579 1507 nequeant.
1646 1442 1747 1490 Iam
1779 1442 1911 1491 enim

217 1523 469 1588 reginam,
519 1523 750 1589 languido
798 1539 1038 1588 corpore,
1097 1525 1275 1589 exiguo
1333 1523 1511 1588 spiritu
1576 1539 1907 1572 marcescere.

218 1603 314 1652 His
348 1604 592 1668 expositis
625 1602 816 1651 famula
850 1603 900 1651 in
936 1604 1140 1653 domum
1174 1604 1324 1664 redit,
1360 1603 1543 1652 civium
1578 1604 1797 1652 studium
1829 1602 1909 1651 of-

219 1682 490 1747 ficiumque
524 1684 740 1732 dominis
774 1684 1079 1746 nuntiatura;
1129 1701 1242 1735 mox
1275 1684 1474 1748 regina,
1510 1684 1643 1748 quod
1678 1683 1800 1732 solis
1833 1682 1911 1732 lu·-

219 1778 334 1811 men
368 1763 600 1813 ultimum
636 1764 805 1813 videre
850 1766 1014 1829 cupit,
1062 1766 1198 1815 foras
1244 1767 1304 1815 ab
1352 1765 1566 1814 Admeto
1609 1763 1914 1828 producitur.

220 1841 423 1892 Interim
470 1843 653 1892 chorus
698 1844 1015 1893 miseratione
1062 1845 1333 1894 Admetum
1379 1845 1723 1909 prosequitur,
1769 1843 1914 1893 cuius

220 1922 413 1987 reliqua
445 1924 547 1971 vita
581 1923 728 1987 plena
762 1924 1082 1988 aegritudinis
1119 1925 1284 1974 futura
1319 1926 1400 1986 sit,
1437 1924 1686 1988 simulque
1722 1923 1914 1989 Apolli-

220 2018 334 2052 nem
366 2009 624 2067 precatur,
673 2008 732 2052 ut
765 2004 966 2068 aliquod
1002 2006 1150 2056 huius
1189 2007 1307 2055 mali
1341 2006 1623 2056 remedium
1657 2003 1914 2054 commini-

222 2089 408 2133 scatur.
474 2120 478 2122 -

353 2163 575 2214 Produci
609 2165 746 2214 foras
781 2167 1127 2215 moribundam
1163 2182 1259 2216 non
1310 2168 1499 2232 optime
1534 2165 1735 2229 quidem
1769 2169 1917 2215 natu-

221 2261 310 2295 rae
354 2246 615 2307 convenit,
651 2246 741 2295 sed
777 2252 856 2295 est
890 2246 1078 2296 theatri
1112 2260 1289 2297 caussa·
1321 2247 1677 2296 necessarium.
1747 2246 1917 2295 Solem

222 2331 276 2374 et
286 2325 447 2374 lucem
463 2331 514 2374 et
526 2330 711 2375 terram
734 2329 947 2392 patriam
975 2344 1087 2377 cum
1112 2328 1262 2377 domo
1287 2333 1495 2392 paterna
1518 2327 1751 2377 ultimum
1781 2326 1917 2376 salu-

223 2411 297 2455 tat
308 2406 545 2468 Alcestis,
573 2406 692 2454 dum
713 2408 883 2456 videre
913 2408 1010 2457 sibi
1031 2408 1228 2458 videtur
1250 2409 1468 2458 manium
1493 2408 1792 2472 portitorem
1805 2423 1917 2457 cum

224 2485 414 2549 navigio
450 2485 512 2534 ad
547 2487 894 2536 traiiciendum
928 2494 1102 2552 parato
1135 2494 1187 2538 et
1220 2488 1394 2538 audire
1423 2489 1725 2550 hortantem,
1759 2493 1815 2536 ut
1840 2487 1919 2536 fe-

225 2566 391 2626 stinet,
428 2565 680 2630 simulque
714 2567 902 2616 sentire
937 2568 1123 2616 Orcum
1157 2568 1391 2629 luridum,
1426 2569 1707 2629 volucrem,
1744 2569 1828 2632 qui
1863 2584 1920 2616 se

223 2646 452 2695 manibus
484 2646 679 2695 iniectis
713 2646 774 2694 ad
808 2647 997 2696 inferos
1026 2648 1258 2696 abducat.
1324 2647 1530 2698 Viribus
1556 2648 1919 2709 deficientibus,

226 2727 436 2792 caligine
471 2727 628 2775 oculis
663 2727 856 2785 offusa,
902 2727 953 2776 in
999 2728 1185 2776 lectum
1231 2728 1528 2789 reclinatur3
1579 2736 1684 2778 tum
1721 2728 1922 2794 coniugi

225 2807 516 2857 lamentanti
551 2811 602 2856 et
636 2809 770 2856 omni
802 2808 933 2856 vitae
966 2809 1275 2858 iucunditate
1319 2826 1432 2858 cum
1466 2810 1673 2874 coniuge
1708 2826 1764 2858 se
1799 2825 1921 2874 spo-

226 2887 334 2936 liari
367 2887 599 2936 sentienti
632 2887 820 2937 haecce
854 2888 1003 2937 dicit:
1048 2889 1157 2953 Ego
1191 2890 1406 2938 animam
1439 2906 1601 2939 meam
1637 2890 1800 2939 salute
1832 2895 1920 2940 tua

226 2967 448 3016 viliorem
484 2984 600 3016 esse
636 2966 826 3019 ducens
857 2985 950 3034 pro
985 2976 1036 3018 te
1069 2970 1276 3030 morior,
1312 2987 1463 3034 quum
1493 2971 1667 3020 liceret
1690 2970 1922 3020 Thessa-

227 3048 390 3096 lorum
438 3049 713 3114 cuicunque
761 3051 942 3099 vellem
986 3055 1168 3115 nuptae
1215 3052 1393 3116 opibus
1441 3068 1500 3101 ac
1546 3052 1770 3116 potentia
1804 3050 1918 3104 frui.

229 3127 331 3176 Sed
364 3127 496 3178 nolui
529 3135 581 3177 te
615 3131 810 3193 privata
840 3131 1009 3179 vivere
1043 3146 1155 3180 cum
1189 3131 1357 3181 liberis
1395 3132 1553 3193 orbis,
1589 3133 1807 3196 quamvis
1842 3132 1920 3181 iu-

229 3207 641 3272 cundavigerem
675 3212 902 3272 iuventa,
937 3227 1088 3275 quum
1123 3217 1356 3276 parentes
1391 3214 1468 3262 tui
1490 3212 1775 3277 grandaevi,
1810 3212 1920 3276 qui-

231 3287 356 3348 bus,
389 3294 439 3338 te
473 3289 620 3338 unico
654 3291 758 3340 filio
792 3293 1030 3355 privatis,
1065 3295 1227 3356 n'eque
1261 3309 1379 3358 spes
1413 3309 1576 3358 neque
1609 3292 1920 3356 praesidium

231 3366 385 3416 ullum
416 3369 550 3418 vitae
581 3370 983 3434 relinquebatur,
1037 3377 1090 3421 et
1122 3389 1203 3422 me
1239 3379 1292 3423 et
1325 3381 1379 3425 te
1413 3379 1465 3424 et
1498 3375 1683 3425 liberos
1718 3377 1919 3422 nostros

232 3447 475 3512 perdere,
521 3466 670 3514 quam
704 3453 808 3516 pati
841 3452 920 3514 id,
968 3453 1103 3516 quod
1139 3459 1191 3503 et
1225 3455 1451 3506 officium
1487 3459 1537 3504 et
1570 3455 1807 3504 honestas
1839 3454 1919 3503 iu-
