2144 3854
1074 247 1196 307 251)

432 399 580 449 οὔτοι
611 394 843 459 νόμισμα
875 393 1062 456 λευκὸς
1093 398 1331 464 ἄργυρος
1361 396 1531 462 μόνον

429 475 518 529 καὶ
549 474 746 543 χρυσός
778 471 942 526 idam·
978 475 1110 529 α’λλὰ
1141 474 1331 544 κᾶρετὴ
1365 478 1576 543 βροτοῖς

426 558 656 624 νόμισμα
685 559 850 610 κεῖται
881 560 1057 620 πᾶσιν,
1090 550 1127 625 ’ᾖ
1160 561 1391 627 χρῆσθαι
1421 559 1605 626 χρεών.

425 718 623 786 μεγάλη
655 717 908 785 τυραννὶς
939 719 1095 787 ἀνδρὶ
1126 720 1284 773 τέκνα
1317 719 1406 772 καὶ
1439 721 1604 789 γυνή·

422 799 547 867 ἴσην
577 799 681 866 γὰρ
714 799 871 866 ἀνδρὶ
905 802 1193 868 συμφορὰν
1225 797 1362 854 εἶναι
1389 799 1524 868 λέγω

423 879 626 934 τέκνων
657 879 714 933 θ’
748 880 1001 948 ἁμαρτεῖν
1033 883 1123 935 καὶ
1155 883 1358 950 πάτρας
1389 882 1478 935 καὶ
1509 881 1790 950 χρημάτων

423 961 625 1030 ἀλόχου
658 979 713 1014 τε
747 962 962 1031 κεδνῆς·
997 963 1069 1024 ὡς
1100 965 1282 1030 μόνων
1313 966 1424 1016 τῶν
1456 963 1739 1032 χρημάτων

422 1046 671 1110 κρεῖσσον
700 1043 813 1095 τόδ’
847 1043 954 1096 ἐστὶ
986 1044 1188 1112 τάνδρί,
1224 1045 1460 1112 σώφρον’
1497 1044 1565 1098 ἂν
1598 1046 1750 1114 λάβῃ.

292 1126 569 1177 Videndum
601 1127 747 1191 igitur
769 1127 992 1175 omnibus
1017 1143 1146 1190 esse,
1179 1134 1236 1178 ut
1259 1129 1551 1193 probitatem
1573 1130 1728 1193 magia
1751 1145 1962 1191 morum,

291 1223 437 1271 quam
469 1206 661 1256 formae
693 1211 1017 1268 venustatem,
1051 1208 1103 1257 in
1136 1210 1370 1259 uxoribus
1403 1209 1642 1261 ducendis
1674 1215 1960 1277 sequantur:

419 1282 539 1346 ἑνὸς
571 1284 619 1337 δ’
657 1281 853 1351 ἔρωτος
886 1287 1043 1347 ὄντος
1075 1285 1142 1338 οὐ
1173 1286 1248 1352 μί’
1281 1288 1478 1356 ἡδονή·

422 1365 477 1418 οἱ
507 1363 605 1431 μὲν
636 1367 818 1419 κακῶν
850 1364 1058 1431 ἐρῶσιν,
1092 1366 1147 1420 οἱ
1177 1368 1236 1421 δὲ
1268 1369 1378 1421 τῶν
1408 1370 1606 1423 καλῶν.

417 1530 556 1578 νοῦν
588 1526 685 1595 χρὴ
717 1527 1043 1580 θεάσασθαι·
1077 1528 1128 1581 τί
1158 1532 1253 1598 τῆς
1285 1529 1579 1597 εὐμορφίας

359 1625 362 1628 ’
418 1610 626 1674 ὄφελος,
659 1606 790 1661 ὅταν
820 1626 900 1671 τις
931 1608 1003 1677 μὴ
1038 1609 1239 1676 φρένας
1270 1609 1434 1673 καλὰς
1466 1611 1556 1680 ἔχῃ
1579 1613 1668 1677 *);

286 1689 427 1739 Hanc
460 1690 609 1739 fidem
645 1690 879 1751 locastes‚
915 1693 1043 1741 hanc
1076 1693 1223 1741 animi
1256 1695 1551 1757 aequitatem
1588 1694 1768 1743 chorus
1802 1693 1957 1743 admi-

286 1786 399 1820 rans
434 1771 725 1835 obsequium
761 1771 959 1822 feminis
993 1773 1207 1822 carmine
1241 1775 1583 1824 commendat:

414 1854 557 1901 πᾶσα
588 1849 690 1917 γὰρ
724 1848 921 1917 ἀνδρὸς
954 1850 1155 1904 κακίων
1193 1853 1398 1918 ἄλοχος,

413 1930 516 1983 κᾶν
549 1930 580 1983 ὁ
613 1931 858 1992 κάκιστος

412 2012 554 2080 γήμῃ
587 2010 686 2079 τὴν
719 2012 1128 2076 εὐδοκιμοῦσαν.

283 2092 401 2142 Inde
433 2094 590 2142 maior
622 2093 779 2143 moles
815 2094 1053 2143 malorum
1089 2094 1139 2142 in
1173 2094 1327 2141 virum
1363 2092 1597 2141 miserum
1633 2092 1801 2141 irruit:
1836 2093 1954 2141 sub-

283 2172 541 2221 trahuntur
587 2174 737 2222 etiam
783 2174 868 2222 illa
909 2173 1183 2239 praesidia,
1235 2174 1284 2220 in
1320 2173 1496 2237 quibus
1531 2172 1649 2221 solis
1682 2173 1952 2237 acquievit3

280 2253 328 2301 in
362 2253 499 2301 nefas
535 2258 751 2302 mutatur
781 2254 1088 2318 coniugium,
1130 2255 1178 2302 in
1223 2254 1396 2302 hostes
1443 2252 1611 2313 liberi,
1657 2253 1771 2315 quin
1805 2254 1952 2301 etiam

281 2332 408 2381 bene
441 2333 684 2382 factorum
721 2335 1020 2383 conscientia
1067 2334 1110 2382 ei
1158 2334 1381 2398 eripitur.
1449 2333 1714 2397 Postquam
1750 2349 1953 2396 regnum

281 2413 394 2461 filiis
442 2414 634 2462 duobus
683 2416 957 2472 concessit,
1017 2414 1220 2481 pietate⁴
1247 2429 1447 2463 suorum
1491 2415 1636 2462 unice
1684 2413 1954 2474 confidens,

280 2508 440 2557 neque
475 2510 660 2554 eorum,
695 2495 873 2558 quibus
908 2501 1051 2543 antea
1086 2482 1447 2555 delectabatur,
1498 2498 1700 2560 praeter
1732 2493 1954 2558 coniugis

279 2589 497 2621 amorem
533 2575 789 2639 quicquam
823 2575 1057 2636 retinuit,
1105 2574 1380 2639 prodeunte
1428 2573 1489 2621 ad
1537 2590 1647 2623 eum
1697 2572 1952 2634 Periboea,

279 2653 419 2701 dolor
453 2655 833 2719 redintegratur.
902 2655 1014 2704 Uno
1050 2655 1179 2703 enim
1215 2659 1442 2719 tempore
1493 2659 1543 2702 et
1586 2659 1724 2718 patre
1759 2669 1814 2701 se
1849 2653 1951 2717 pri—

276 2738 442 2783 vatum
477 2740 527 2783 et
560 2734 759 2784 effossis
794 2735 950 2785 oculis
995 2736 1308 2784 obcaecatum
1356 2749 1496 2795 esse,
1546 2750 1707 2797 neque
1753 2733 1952 2792 babere,

275 2814 414 2863 cuins
428 2815 608 2863 auxilio
621 2816 967 2880 praesidioque
980 2816 1114 2865 nisus
1128 2814 1394 2864 ulciscatur
1415 2813 1548 2861 cives
1567 2814 1802 2876 ingratos,
1829 2828 1950 2876 quo—

275 2909 383 2942 rum
420 2894 673 2959 impietate
698 2912 789 2961 pro
815 2896 1021 2957 summis
1046 2895 1261 2960 acceptis
1287 2893 1540 2942 beneficiis
1569 2893 1810 2957 supplicio
1836 2908 1948 2942 cru-

276 2972 529 3022 delissimo
560 2974 769 3024 affectus
794 2977 872 3036 sit,
892 2976 940 3024 id
967 2992 1084 3025 vero
1109 2976 1362 3033 miserum,
1395 2973 1641 3032 acerbum,
1671 2972 1948 3021 luctuosum

276 3068 391 3102 esse
418 3058 644 3102 testatur.
715 3055 917 3105 Talibus
954 3057 1176 3106 lamentis
1219 3054 1397 3104 auditis
1421 3053 1679 3112 Periboea,
1709 3051 1947 3101 consolari

332 3231 386 3288 ³⁸²)
417 3231 581 3275 Dubito
610 3247 666 3276 an
695 3235 752 3276 ad
780 3236 868 3277 hoc
897 3236 1170 3291 colloquium
1199 3233 1480 3278 referendum
1510 3232 1568 3274 sit
1594 3231 1761 3288 fragm.
1791 3230 1875 3272 inc.
1903 3229 1949 3271 in

412 3303 548 3345 Rhet.
577 3318 644 3360 gr.
674 3305 731 3347 Τ.
760 3306 850 3346 vll.
879 3321 923 3360 p.
951 3306 1060 3349 601:
1107 3302 1164 3349 ’ἶν’
1201 3301 1584 3357 ἀνταπολλύωμεν
1622 3302 1675 3344 οῖ’
1705 3317 1760 3356 με
1797 3295 1948 3358 προῦ-

413 3374 556 3417 δοσαν
586 3375 745 3431 (vulgo
775 3372 832 3417 ἵν’
862 3374 1290 3433 οἷνταλλοὶσσωμεν),
1329 3387 1417 3430 qno
1446 3374 1502 3416 de
1529 3372 1697 3416 ultione
1726 3371 1948 3428 Oedipum

415 3443 635 3500 cogitasse
661 3444 952 3502 significatur.
