2144 3854
946 242 1078 301 *297

307 388 586 459 Σηπιάδος
617 388 752 454 ἵζου,
786 386 942 457 μίμνε
974 389 1042 454 δ’,
1077 388 1174 451 ἔπ’
1209 386 1278 440 ἂν
1309 383 1362 452 ἐξ
1394 384 1520 450 ἁλὸς

309 474 552 539 λαβοῦσα
584 471 909 539 πεντήκοντα
942 470 1219 540 Νηρῄδων
1250 470 1413 537 χορὸν

313 551 454 608 ἔλθω
485 553 742 621 κομιστήν
773 562 890 604 σου.

853 716 1184 723 ψ*-

707 865 777 921 Β.
872 863 1322 939 Aegeus.

307 1001 528 1051 Fabulae
561 1001 852 1050 lineamenta
885 1014 1152 1062 agnoscere
1185 997 1310 1048 mihi
1345 996 1514 1047 videor
1539 998 1587 1047 in
1611 996 1691 1059 iis,
1728 1014 1852 1063 quae

174 1082 225 1131 in
258 1081 446 1131 Thesei
489 1082 588 1130 vita
621 1097 662 1130 c.
700 1083 779 1130 12.
816 1079 1111 1128 Plutarchus
1156 1079 1326 1131 tradit.
1394 1077 1617 1127 Eandem
1659 1094 1765 1128 rem
1801 1086 1853 1131 et

174 1162 349 1211 Crates
384 1163 514 1227 apud
549 1162 704 1210 schol.
741 1161 795 1210 Il.
822 1160 909 1222 XI,
934 1162 1048 1211 741.
1085 1160 1245 1209 refert
1279 1165 1329 1209 et
1355 1159 1556 1208 concise
1581 1158 1852 1223 Apollodo-

170 1258 257 1291 rus
283 1241 319 1303 l,
344 1245 393 1303 9,
419 1244 500 1293 28.
536 1245 891 1291 commemorat
936 1246 988 1289 et
1022 1240 1170 1290 Ovid.
1203 1239 1538 1303 Metamorph.
1583 1238 1708 1288 libro
1746 1238 1851 1290 Vll.

168 1322 239 1386 (v.
261 1323 361 1371 498
383 1321 549 1388 seqq.)
584 1322 808 1371 inseruit.
873 1319 1107 1370 Frustula
1140 1321 1287 1370 huius
1322 1320 1558 1369 dramatis
1593 1324 1852 1370 servantur

167 1418 327 1467 pauca
360 1408 509 1468 atque
543 1404 735 1469 exigua.

299 1482 356 1532 In
390 1483 596 1549 prologo
632 1483 716 1531 illa
750 1483 813 1532 de
847 1482 1037 1532 Thesei
1070 1482 1311 1532 natalibus
1334 1481 1557 1546 exposita
1580 1480 1737 1531 fuisse
1762 1497 1850 1531 ne-

166 1576 312 1612 cesse
345 1569 451 1622 est,
496 1580 622 1628 quae
656 1570 708 1612 et
742 1563 1041 1613 Plutarchus
1077 1569 1127 1612 et
1161 1562 1493 1628 Apollodorus
1530 1562 1852 1629 congruentia

166 1641 408 1695 referunt.
474 1643 750 1693 Narrantur
783 1651 948 1693 autem
982 1643 1043 1692 ab
1066 1644 1126 1692 iis
1147 1643 1359 1692 haecce:
1394 1643 1625 1708 „Aegeus
1650 1658 1712 1691 ex
1738 1658 1850 1692 ora-

164 1721 280 1771 culo
314 1722 531 1784 rediens,
569 1740 681 1772 cum
720 1723 782 1772 de
815 1724 1085 1773 liberorum
1118 1724 1358 1789 progenie
1394 1723 1542 1772 deum
1578 1721 1850 1772 consuluis-

164 1807 259 1863 set,
294 1801 585 1852 Troezenen
620 1803 772 1866 venit,
807 1805 891 1852 ubi
926 1820 952 1852 a
986 1803 1185 1852 Pittheo
1221 1803 1435 1868 hospitio
1471 1812 1711 1868 exceptus
1738 1819 1850 1852 cum

162 1883 266 1932 filia
300 1883 407 1933 eius
444 1884 738 1941 concubuit,
787 1883 1062 1949 eademque
1111 1889 1258 1933 nocte
1293 1883 1552 1932 mulierem
1588 1883 1848 1948 Neptunus

162 1963 474 2029 compressit.
540 1964 725 2012 Abiens
761 1965 956 2028 Aegeus
993 1964 1211 2012 Aethrae
1243 1964 1528 2029 praecepit,
1563 1969 1651 2026 ut,
1685 1964 1727 2013 si
1761 1981 1849 2014 na-

161 2048 240 2093 tus
275 2049 412 2096 esset
444 2043 713 2105 masculuS,
749 2044 988 2093 educaret
1021 2060 1173 2103 neve,
1230 2044 1370 2093 cuius
1405 2043 1538 2092 filius
1573 2052 1735 2106 esset,
1768 2046 1850 2094 in-

159 2124 381 2185 dicaret3
448 2139 617 2173 ensem
654 2130 707 2174 et
743 2124 940 2173 calceos
976 2124 1066 2172 sub
1103 2139 1220 2172 saxo
1254 2123 1450 2172 abditos
1495 2125 1699 2188 reliquit
1745 2125 1849 2176 ius-

160 2205 356 2270 sitque,
401 2220 551 2268 quum
586 2220 676 2270 per
709 2209 926 2253 aetatem
961 2221 1087 2269 puer
1122 2220 1295 2254 saxum
1330 2204 1625 2255 submovere
1657 2209 1848 2271 posset,

158 2284 300 2334 illum
347 2284 550 2333 sublatis
596 2284 676 2332 his
729 2284 881 2348 signis
932 2284 1058 2333 clam
1101 2284 1163 2332 ad
1199 2300 1254 2333 se
1289 2285 1433 2334 mitti.
1503 2285 1666 2347 Quum
1700 2286 1849 2352 igitur

161 2364 359 2414 adultus
395 2369 531 2413 esset
562 2362 811 2425 Theseus,
845 2364 1046 2413 iubente
1090 2370 1250 2414 matre
1297 2365 1474 2413 sumsit
1520 2365 1685 2431 signa,
1721 2382 1848 2430 quae

159 2444 357 2510 Aegeus
390 2443 731 2510 praedixerat,
786 2449 839 2493 et
871 2445 1093 2509 pedestri
1126 2445 1306 2494 itinere
1339 2445 1557 2494 Athenas
1594 2446 1850 2495 contendit

161 2525 515 2587 obsessamque
564 2539 593 2571 a
642 2523 882 2571 maleficis
930 2524 1211 2574 hominibus
1259 2525 1385 2573 viam
1431 2527 1659 2590 purgavit
1704 2525 1846 2575 Peri-

159 2605 391 2670 phetem,
462 2601 643 2662 Sinim,
717 2603 1124 2668 Pityocampten,
1187 2604 1474 2664 Scironem,
1536 2605 1845 2669 Cercyonem

159 2684 557 2747 Procrustenque
603 2683 959 2732 interficiendo.
1039 2684 1242 2734 Interim
1290 2686 1485 2749 Aegeus
1540 2685 1771 2734 Medeam
1816 2701 1847 2734 e

159 2764 400 2814 Corintho
434 2763 693 2827 profugam
746 2764 796 2812 in
847 2764 1209 2814 matrimonium
1248 2766 1457 2814 duxerat
1489 2766 1756 2814 veneficam
1792 2769 1845 2814 et

156 2845 314 2894 filium
353 2859 414 2894 ex
449 2860 510 2892 eo
544 2843 748 2893 Medum
783 2850 1146 2910 procreaverat.
1214 2845 1543 2908 Quamobrem
1592 2844 1844 2908 TheseuS,

157 2923 361 2974 insidias
394 2924 579 2973 timens
613 2941 882 2986 novercae,
931 2925 1094 2974 celare
1137 2942 1291 2990 genus
1338 2941 1613 2991 nomenque
1659 2926 1843 2975 consti-

156 3004 288 3054 tuit'’
330 3004 399 3072 ⁴¹).
479 3004 620 3055 Haec
663 3005 923 3069 quominus
969 3023 997 3055 a
1040 3005 1245 3056 Theseo
1296 3008 1406 3073 ipso
1454 3006 1679 3071 exposita
1729 3021 1843 3055 esse

157 3089 461 3143 statuamus,
517 3086 585 3135 nil
620 3086 881 3150 prohibet,
935 3090 987 3135 et
1032 3087 1350 3137 confirmatur
1406 3087 1691 3136 coniectura
1739 3084 1841 3135 fra-

155 3169 358 3229 gmento
392 3165 603 3227 decimo,
640 3182 737 3231 quo
770 3181 946 3216 caussa
980 3167 1171 3218 celandi
1203 3168 1414 3218 nominis
1448 3168 1755 3217 declaratur:

212 3295 261 3352 Ὃ
292 3296 479 3341 Ovidius
507 3298 600 3351 vll,
628 3296 737 3340 4⁰4:

406 3369 576 3424 Iamque
604 3369 760 3412 aderat
797 3369 993 3422 Theseus,
1023 3370 1214 3425 proles
1241 3369 1449 3428 ignara
1476 3369 1728 3427 parenti,

411 3439 522 3492 Qui
556 3439 779 3484 virtute
808 3455 910 3483 sua
948 3440 1207 3484 bimarem
1231 3447 1551 3498 pacaverat
1580 3441 1836 3485 Isthmon.
