2176 3874
944 290 1064 348 5⁰1

287 435 547 502 Nunquam
581 440 735 505 igitur
768 453 950 504 magna·
977 438 1084 488 sine
1117 436 1374 486 doloribus
1400 430 1717 499 efficiuntur,
1751 453 1845 487 ne-

159 537 258 585 que
288 522 431 570 beata
475 519 573 568 vita
620 520 845 584 cuiquam
877 518 973 566 nisi
1017 519 1190 583 ignavo
1237 519 1288 564 et
1334 517 1501 581 quieto
1536 517 1846 566 conceditur.

157 598 357 661 „Licuit
390 598 572 648 Achilli
607 599 669 647 ad
704 602 1015 648 senectutem
1049 597 1307 661 pervenire
1338 598 1469 645 inter
1501 596 1845 661 Myrmidones

155 679 410 744 regnanti3
466 678 609 728 licuit
655 677 858 727 Nestori
902 676 1036 724 domi
1081 677 1298 725 manenti
1347 677 1452 725 otio
1503 682 1556 725 et
1599 677 1847 726 felicitate

155 758 285 818 frui3
318 757 461 807 licuit
486 759 659 822 Ulyssi
693 774 804 806 cum
838 756 932 805 dea
965 760 1179 805 aetatem
1208 755 1393 820 degere
1417 758 1688 806 senectutis
1713 773 1846 807 mor·

154 837 321 902 tisque
355 839 576 903 experti:
626 838 715 886 sed
760 837 1035 885 maluerunt
1069 835 1293 884 infelices
1330 853 1474 900 quam
1510 837 1694 900 ignavi,
1743 853 1845 886 ma-

154 916 352 967 luerunt
385 934 442 967 se
474 918 681 967 deorum
729 917 1084 981 hominumque
1125 915 1317 963 iniuriis
1362 931 1646 979 exponere,
1697 932 1845 980 quam

154 1013 253 1048 non
286 999 363 1048 uti
394 998 642 1047 virtute:''
677 997 808 1061 quod
840 996 1082 1045 facientes
1117 1000 1225 1044 tum
1275 994 1590 1044 admirabiles
1622 993 1845 1060 'gerendo

156 1093 241 1128 res
274 1084 381 1127 tum
414 1077 723 1127 atrocissima
767 1077 1002 1142 patiendo
1046 1075 1302 1125 materiam
1352 1076 1650 1125 carminibus
1689 1076 1845 1140 epicis

155 1156 459 1224 tragicisque
491 1157 830 1223 dignissimam
854 1156 1203 1221 praebuerunt.
1271 1156 1471 1204 Etenim
1506 1156 1632 1204 haec
1667 1155 1846 1205 carmi-

155 1254 273 1287 num
307 1252 488 1304 genera
532 1252 630 1286 non
677 1237 827 1285 rebus
860 1238 1218 1302 personisque,
1268 1252 1390 1300 quas
1439 1236 1710 1298 exhibent,
1755 1235 1846 1286 sed

155 1314 345 1368 tantum
385 1318 576 1367 ratione
622 1318 889 1367 exhibendi
931 1317 1064 1366 inter
1109 1333 1166 1366 se
1200 1317 1452 1365 differunt.
1531 1315 1658 1364 Nam
1693 1331 1845 1381 quum

153 1413 217 1446 ex
264 1398 498 1462 gerendis
545 1398 696 1446 rebus
743 1397 1019 1446 necessitas
1063 1397 1410 1463 patiendorum
1461 1397 1735 1458 malorum,
1783 1412 1846 1445 ex

152 1477 296 1526 malis
327 1477 576 1540 patiendis
610 1479 881 1527 necessitas
928 1493 1098 1526 rerum
1139 1478 1467 1543 gerendarum
1502 1476 1716 1525 fortibus
1749 1477 1846 1525 ho-

153 1557 366 1606 minibus
413 1563 673 1619 nascatur,
727 1573 976 1621 quumque
1022 1557 1229 1606 alterum
1278 1557 1482 1605 alterius
1539 1558 1846 1606 incremento

155 1635 519 1700 quodammodo
556 1639 835 1686 necessario
871 1642 1139 1700 augeatur:
1186 1638 1440 1701 seqnitur,
1485 1641 1541 1686 ut
1586 1653 1751 1702 neque
1795 1636 1847 1685 in

156 1702 432 1765 scribendis
464 1719 615 1767 rebus
650 1733 812 1780 neque
845 1718 896 1765 in
930 1718 1282 1780 componendis
1309 1717 1608 1766 carminibus
1634 1717 1846 1765 alterum

154 1797 216 1844 ab
265 1797 424 1844 altero
469 1797 691 1861 separari
731 1796 909 1861 possit.
978 1796 1048 1844 Et
1097 1796 1327 1860 profecto
1374 1797 1591 1844 carmina
1636 1796 1846 1845 Homeri

155 1876 287 1940 quod
321 1875 496 1924 attinet
543 1877 607 1925 ad
651 1876 893 1925 malorum
944 1875 1308 1924 multitudinem
1354 1875 1846 1941 magnitudinemque

152 1954 424 2019 tragoediis
459 1971 557 2005 non
589 1961 710 2006 sunt
741 1956 1004 2015 hilariora,
1039 1971 1202 2018 neque
1234 1970 1406 2004 rursus
1444 1956 1729 2019 tragoediae
1764 1972 1845 2005 re-

152 2051 264 2085 rum
309 2041 561 2099 gestarum
603 2035 685 2084 vel
731 2036 973 2099 gravitate
1027 2035 1107 2083 vel
1150 2035 1374 2083 novitate
1417 2035 1682 2084 inferiores
1731 2041 1849 2085 sunt

154 2116 431 2181 epopoeiis.
491 2102 603 2164 'sed
636 2131 798 2180 neque
819 2117 1011 2163 theatra
1035 2117 1184 2163 rebus
1209 2115 1442 2179 gerendis
1477 2117 1692 2179 spatium
1727 2117 1848 2164 dare

152 2211 315 2259 neque
357 2196 598 2261 rhapsodi
634 2196 890 2245 doloribus
938 2194 1274 2258 exprimendis
1318 2195 1570 2243 immorari
1615 2201 1847 2259 possunt.

154 2275 258 2324 Res
292 2273 427 2324 enim
459 2276 656 2324 fortiter
689 2278 858 2338 gestas
893 2275 1082 2339 agendo
1115 2275 1303 2323 imitari
1336 2290 1482 2323 nemo
1515 2278 1718 2339 potest,
1753 2276 1848 2325 nisi

157 2355 257 2419 qui,
291 2370 443 2418 quum
476 2354 544 2403 sit
577 2354 687 2418 pari
719 2355 902 2403 robore
929 2370 987 2402 ac
1020 2354 1314 2402 fortitudine
1338 2354 1611 2418 praeditus,
1647 2357 1846 2419 paribus

155 2433 508 2484 certaminibus
543 2434 844 2483 sustinendis
876 2434 1085 2482 idoneus
1125 2438 1217 2493 est,
1253 2434 1392 2481 cuius
1409 2435 1607 2498 generis
1630 2435 1848 2484 athletae

158 2518 278 2562 sunt
311 2518 364 2562 et
396 2514 713 2578 gladiatores.
783 2514 905 2562 ltem
939 2513 1146 2577 proeliis
1182 2513 1434 2561 imitandis
1469 2514 1847 2578 amphitheatra,

155 2593 507 2642 certaminibus
539 2594 760 2643 virorum
794 2593 999 2646 fortium
1034 2594 1320 2658 spectandis
1366 2594 1485 2641 circi
1518 2594 1686 2643 idonei
1719 2598 1846 2643 sunt.

157 2672 379 2723 Theatra
412 2678 581 2722 autem
616 2675 657 2722 si
691 2674 809 2723 talia
843 2674 1026 2722 imitari
1058 2674 1240 2734 volent,
1276 2678 1509 2722 nascetur
1541 2674 1698 2722 illud:

287 2779 355 2790 ·--
420 2781 484 2790 —
551 2751 926 2820 „Migravit
963 2754 1040 2803 ab
1075 2770 1246 2803 aure
1278 2754 1604 2820 voluptas

293 2834 518 2884 Omnis
544 2834 628 2884 ad
652 2835 960 2883 incertos
986 2834 1223 2882 oculos
1252 2840 1312 2882 et
1337 2833 1594 2899 gaudia
1622 2848 1813 2883 vana.

291 2914 550 2976 Quattuor
585 2920 676 2963 aut
704 2914 887 2981 plures
922 2914 1114 2963 aulaea
1140 2921 1454 2980 premuntur
1487 2914 1544 2962 in
1571 2914 1744 2975 horas,

288 2994 428 3043 Dum
449 2995 671 3060 fugiunt
710 2997 939 3061 equitum
964 3001 1169 3043 turmae
1197 2993 1536 3061 peditumque
1577 2999 1847 3051 catervae;

291 3073 420 3124 Mox·
453 3075 682 3123 trahitur
715 3074 951 3123 manibus
984 3091 1167 3140 regum
1188 3077 1418 3140 fortuna
1451 3074 1697 3133 retort2'35

286 3154 494 3204 Esseda
515 3157 797 3221 festinant,
829 3156 1051 3221 pilenta,
1077 3157 1358 3221 petorrita,
1395 3171 1555 3204 naves
1566 3173 1586 3213 ;

294 3234 565 3302 Captivum
594 3242 839 3302 portatur
877 3235 1018 3296 ebur,
1056 3237 1266 3301 captiva
1305 3234 1629 3284 Corinthus-,⁹³

157 3315 586 3376 Quemadmodum
620 3321 786 3365 autem
819 3316 1036 3364 virorum
1071 3315 1279 3364 fortium
1302 3315 1651 3364 certaminibus
1683 3318 1735 3362 et
1758 3315 1849 3362 im-

156 3397 443 3458 peratorum
496 3395 648 3445 rebus
710 3395 865 3459 gestis
921 3396 1137 3459 gravitas
1199 3396 1516 3460 dignitasque
1574 3392 1852 3442 detrahitur

157 3473 426 3535 imitando,
471 3475 538 3524 ita
570 3474 782 3527 affectus
815 3475 966 3526 animi
999 3490 1059 3525 ac
1092 3474 1290 3526 dolores
1325 3475 1509 3527 narrati
1543 3473 1708 3523 minus
1743 3489 1848 3522 mo-
