2176 3874
1121 289 1247 350 354

477 441 911 509 „Contempta
958 439 1130 490 hanc
1161 438 1411 499 sedem,
1455 439 1522 488 in
1565 453 1693 504 qua
1727 455 1848 505 ego
1895 456 2022 491 no·-

1167 537 1306 569 vem
1338 519 1619 580 hiemes,
1661 535 1830 569 saxo

477 603 783 662 Stratus,
824 601 1088 667 pertuli
1216 626 1282 637 -—
1413 625 1481 635 -—-
1611 626 1690 645 -.

474 682 658 747 Quod
692 681 968 731 obsecro
1013 687 1099 743 te,
1134 697 1214 730 ne
1248 681 1470 729 istaec
1520 679 2025 745 aspernabilem

477 763 759 813 Inculta
780 763 974 828 faxit
1009 760 1366 810 tetritudo
1399 776 1491 808 me
1527 766 1718 811 mea.”

475 843 766 910 Opportune
800 848 1026 907 tempore
1050 842 1263 906 Ulysses
1300 858 1354 890 se
1388 840 1674 904 interponit.
1745 840 1815 889 Et
1849 839 2026 890 callido

345 931 489 975 utens
524 923 757 971 orationis
793 922 1026 979 exordio,
1077 923 1358 986 quieturum
1394 937 1449 969 se
1495 920 1654 968 fuisse
1689 919 1836 980 dicit,
1883 921 1927 970 si
1960 921 2026 970 de

343 1005 534 1070 privata
580 1002 768 1051 ultione
801 1007 1049 1066 ageretur.
1117 1001 1218 1049 Sed
1265 1016 1415 1064 quum
1462 1001 1525 1048 ad
1560 1001 1772 1049 universi
1807 1001 2023 1051 Graeco-

343 1100 452 1133 rum
485 1082 732 1131 exercitus
766 1081 1020 1129 interitum
1056 1084 1250 1143 spectet
1296 1096 1406 1139 res,
1456 1086 1602 1143 turpe
1645 1080 1738 1130 sibi
1784 1096 1898 1131 esse
1945 1084 2021 1129 ta-

345 1179 460 1213 cere
492 1167 545 1210 et
579 1162 823 1218 barbaris,
859 1164 912 1208 ut
946 1161 1095 1207 verba
1128 1158 1339 1219 faciant,
1376 1159 1677 1208 concedere:

470 1238 600 1304 ὑπὲρ
634 1257 692 1305 γε
725 1237 906 1302 μέντοι
939 1233 1139 1297 παντὸς
1162 1230 1433 1305 Ἑλλήνων
1465 1241 1696 1302 στρατοῦ

474 1320 691 1388 αἰσχρὸν
723 1323 947 1380 σιωπᾶν,
982 1317 1290 1383 βαρβάρους
1324 1318 1371 1369 δ’
1407 1314 1500 1369 ἐᾶν
1533 1318 1719 1384 λέγειν.

344 1402 564 1451 Eandem
611 1418 779 1459 suam,
830 1417 975 1465 quam
1013 1400 1334 1461 Philoctetae,
1382 1401 1711 1449 conditionem
1747 1415 1883 1460 esse,
1933 1398 2022 1448 sed

343 1499 588 1545 nunquam
625 1498 679 1530 se
701 1482 899 1544 quidem
927 1481 1319 1540 commissurum,
1353 1485 1411 1530 ut
1435 1481 1649 1543 privatas
1678 1481 1875 1528 iniurias
1909 1495 2022 1528 cum

342 1562 530 1626 patriae
566 1562 789 1627 pernicie
821 1560 978 1609 ultum
1012 1567 1107 1610 eat.
1191 1560 1344 1610 Cuius
1392 1561 1612 1609 oratione
1646 1561 1771 1609 adeo
1805 1575 2023 1608 commo-

342 1648 485 1690 vetur
520 1642 851 1701 Philoctetes,
887 1647 943 1690 ut
976 1641 1245 1706 repudiatis
1280 1641 1511 1690 Troianis
1545 1640 1714 1705 Ulyssi
1762 1655 1817 1688 se
1850 1640 1900 1688 in
1935 1657 2023 1705 pa-

340 1723 483 1771 triam
531 1721 866 1771 reducendum
912 1721 1108 1769 tradere
1142 1722 1425 1772 constituat.
1508 1719 1638 1770 Tum
1672 1718 1842 1780 Paris,
1891 1721 2024 1785 quod

340 1804 412 1851 ira
456 1817 551 1850 non
597 1802 817 1866 potuerit
861 1801 1142 1866 cupidinem
1190 1801 1480 1850 effecturam
1529 1816 1642 1849 esse
1686 1816 1924 1866 sperans,
1970 1805 2025 1850 et

340 1883 479 1946 regni
511 1886 562 1930 et
593 1882 899 1941 divitiarum,
936 1897 1062 1944 quae
1096 1881 1196 1929 sint
1229 1881 1458 1929 Troianis
1494 1880 1857 1944 amplissimae,
1908 1897 2021 1948 par-

340 1967 439 2010 tem
475 1961 725 2009 dimidiam
751 1960 1071 2019 Philoctetae,
1107 1960 1151 2008 si
1185 1960 1445 2009 victoriam
1468 1960 1547 2008 his
1582 1961 1878 2025 peperisset,
1911 1961 2022 2028 pol-

341 2041 516 2090 licetur
532 2038 608 2100 *):

470 2116 573 2180 ὅρα
607 2114 665 2168 δέ
697 2118 764 2182 γ’,
801 2115 872 2176 ὡς
904 2115 1007 2167 κᾶν
1039 2120 1214 2167 θεοῖσι
1246 2115 1544 2182 κερδαίνειν
1576 2117 1757 2181 καλόν,

470 2196 793 2263 θαυμάζεται
827 2196 875 2247 δ’
911 2196 942 2247 ὁ
974 2199 1218 2247 πλεῖστον
1251 2195 1309 2247 ἐν
1343 2196 1528 2263 δόμοις
1561 2195 1695 2263 ἔχων

470 2276 698 2343 χρυσόν·
729 2276 780 2327 τί
813 2276 946 2344 δῆτα
978 2275 1067 2328 καὶ
1100 2276 1156 2328 σὲ
1190 2277 1379 2328 κωλύει
1411 2277 1595 2344 λαβεῖν

470 2356 681 2423 κέρδος,
715 2357 892 2422 παρόν
926 2375 1012 2423 γε,
1049 2357 1470 2422 κᾶξομοιοῦσθαι
1503 2360 1677 2419 θεοῖςς

340 2439 479 2488 Haec
523 2456 719 2503 quoque
764 2439 1005 2502 promissa
1048 2440 1352 2490 Philoctetes
1395 2446 1595 2489 auctore
1641 2439 1824 2503 Ulysse
1869 2456 2018 2505 repu-

340 2521 445 2569 diat
490 2525 540 2568 et
571 2521 773 2584 insuper
814 2519 982 2567 Paridi
1029 2522 1323 2585 exprobrat,
1384 2522 1515 2584 quod
1559 2520 1933 2585 intemperantia
1967 2524 2021 2569 et

340 2600 541 2648 libidine
576 2598 845 2647 communis
878 2600 1145 2658 malorum,
1196 2601 1370 2665 quibus
1406 2606 1456 2649 et
1499 2602 1610 2666 ipse
1644 2608 1694 2649 et
1737 2601 1914 2664 reliqui
1945 2600 2017 2649 la-

340 2681 594 2737 borarent,
631 2683 804 2727 auctor
838 2678 1000 2729 factus
1032 2682 1123 2730 sit:

468 2758 762 2822 „Tibi‘si
807 2759 1246 2826 imperasse-9,
1297 2776 1412 2826 ego
1446 2775 1614 2810 nunc
1647 2776 1774 2810 non
1809 2776 2017 2809 essem

1159 2842 1395 2892 miser?

470 2917 635 2980 ltaque
669 2933 759 2982 spe
793 2934 879 2967 sua
914 2921 1106 2985 depulsi
1139 2921 1324 2971 infecta
1356 2937 1413 2969 re
1437 2918 1639 2968 Troiani
1663 2921 1860 2969 abeunt.
1905 2919 2017 2981 Quo

339 2997 471 3045 facto
500 2995 681 3044 chorus
712 2999 898 3047 meritis
927 3001 1150 3051 laudibus
1175 3002 1302 3050 hanc
1335 2999 1479 3049 animi
1512 3000 1893 3064 generositatem
1928 3014 2015 3047 ex—

339 3075 466 3125 tollit
480 3073 575 3137 **).
644 3074 795 3124 Tales
831 3080 1154 3142 cogitationes
1192 3095 1463 3145 congruere
1491 3079 1608 3128 dicit
1643 3094 1754 3128 cum
1788 3078 1930 3137 loco,
1963 3079 2014 3127 in

337 3171 435 3220 quo
468 3154 772 3204 Philoctetes
808 3166 1165 3210 commoretur:

400 3280 452 3336 ³¹²)
480 3281 587 3323 Dio:
619 3281 730 3336 φησὶ
760 3285 1002 3340 πρεσβείαν
1028 3284 1202 3341 μέλλειν
1230 3282 1356 3343 παρὰ
1384 3284 1476 3326 τῶν
1508 3280 1681 3339 Τρώων
1712 3281 2013 3338 ἀφικνεῖσθαι

474 3350 592 3408 πρὸς
619 3349 700 3395 τὸν
731 3354 804 3407 Φ.,
847 3354 1126 3413 δεησομένην
1166 3353 1310 3401 αὐτὸν
1347 3354 1426 3398 καὶ
1454 3349 1512 3397 τὰ
1541 3349 1661 3397 ὅπλα
1701 3352 1890 3405 ἐκείνοις
1917 3369 2012 3397 πα·-

474 3423 657 3478 ρασχεῖν
694 3420 788 3465 ἐπὶ
823 3424 888 3480 τῇ
927 3425 1030 3480 τῆς
1062 3426 1284 3483 Τροίας
1320 3425 1624 3484 βασιλείᾳ.

365 3490 443 3544 Μ“)
472 3490 556 3534 Dio
583 3492 616 3534 l.
646 3493 701 3534 l.:
743 3493 822 3537 καὶ
859 3492 918 3537 τοὶ
958 3511 1008 3539 τε
1047 3497 1235 3553 ἰαμβεῖα
1273 3495 1436 3552 σαφοῦς
1473 3494 1554 3541 καὶ
1592 3493 1712 3540 κατὰ
1752 3490 1894 3551 φύσιν
1934 3493 2012 3539 καὶ
