2144 3854
887 263 1009 325 185

104 418 299 470 Cressis
334 415 698 483 explicaverat,
747 429 902 479 aeque
934 412 1248 479 philosophis
1281 416 1430 477 atque
1461 409 1608 479 vulgo
1640 411 1784 460 satis-

102 498 324 558 fecerat,
373 503 534 563 atque,
566 499 719 547 Atreo
764 494 899 544 docti
945 492 1266 557 eiusdemque
1309 493 1511 559 auguris
1543 492 1786 543 tribuerat

105 594 329 629 munera.
395 577 542 627 Nulla
565 576 616 624 in
635 576 716 624 his
738 573 958 623 cernitur
989 578 1172 638 poetae
1205 573 1547 624 inconstantia.
1613 572 1788 622 Ambi-
1816 627 1820 633 k

104 660 266 724 guitas
314 658 445 708 enim
491 656 641 706 rebus
686 654 808 718 ipsis
853 657 904 702 et
948 653 1101 715 menti
1133 653 1375 703 humanae
1419 654 1577 714 inest,
1626 668 1789 717 neque

107 739 337 803 cuiquam
369 736 664 795 mortalium,
698 732 868 783 multis
901 733 953 782 in
984 732 1082 781 hac
1113 749 1170 782 re
1203 733 1596 792 elaborantibuS,
1631 732 1790 783 conti-

106 820 206 884 git,
265 823 322 868 ut
368 816 653 879 religionem
705 812 1170 879 philosophiamque
1220 813 1340 862 satis
1385 828 1627 878 prospero
1677 828 1792 862 cum

110 903 289 948 eventu
337 895 634 946 conciliaret.
703 893 868 956 Quare
915 893 1183 958 Euripides
1217 892 1313 942 hoc
1346 894 1441 943 sibi
1474 890 1794 942 efficiendum

46 1020 49 1021 γ
108 994 223 1028 esse
255 977 455 1043 putavit,
488 980 559 1036 ut,
592 990 728 1023 suam
762 978 969 1038 utraque
1000 978 1199 1022 tenente
1229 974 1558 1038 provinciam,
1606 976 1794 1022 rectam

109 1057 356 1109 sentiendi
388 1053 658 1121 agendique
690 1055 819 1103 viam
851 1053 1077 1103 homines
1112 1053 1501 1117 ingrederentur.

240 1137 422 1188 Atreus
455 1134 630 1200 igitur,
682 1150 795 1183 cum
842 1150 989 1183 saeva
1021 1133 1293 1186 ulciscendi
1324 1134 1504 1199 cupido
1538 1133 1673 1183 nullo
1707 1130 1796 1181 de-

110 1234 252 1268 orum
284 1218 462 1267 timore
495 1218 840 1274 coerceretur,
888 1212 1130 1264 effrenata
1172 1214 1372 1264 licentia
1417 1213 1595 1264 ultioni
1638 1210 1799 1262 indul-

110 1298 193 1347 sit.
259 1294 486 1346 Accessit
519 1294 750 1360 superbia
784 1295 1075 1356 dominatuS‚
1109 1298 1162 1343 et
1196 1311 1320 1358 quae
1353 1294 1502 1344 animi
1535 1292 1799 1359 perturba-

111 1378 270 1429 tiones
305 1391 418 1424 cum
450 1375 687 1423 iniustitia
718 1375 999 1424 necessario
1032 1375 1320 1425 coniunctae
1352 1380 1490 1436 sunt,
1525 1378 1690 1423 metus
1724 1375 1799 1421 at-

111 1473 211 1524 que
244 1455 511 1521 suspicio.⁴
548 1455 763 1516 Etenim,
799 1460 856 1504 ut
889 1455 960 1503 ait
992 1454 1185 1518 Cicero,
1222 1455 1305 1518 qui
1339 1471 1396 1505 se
1428 1455 1583 1505 metui
1613 1452 1802 1512 volunt,

113 1554 143 1587 a
175 1537 353 1601 quibus
386 1540 688 1596 metuentur‚
725 1536 927 1585 eosdem
960 1540 1181 1584 metuant
1214 1535 1310 1601 ipsi
1345 1551 1550 1585 necesse
1573 1538 1670 1584 est.
1704 1533 1801 1583 Su-

114 1617 272 1682 spicio
306 1621 501 1676 autem,
537 1631 648 1663 cum
680 1615 836 1679 ipsam
879 1615 985 1663 veri
1026 1615 1421 1678 similitudinem,
1474 1621 1707 1679 tanquam
1739 1613 1805 1663 ad

115 1695 430 1746 occultandas
463 1695 635 1760 plagas
678 1695 900 1744 consulto
947 1701 1176 1761 paretur,
1222 1696 1425 1754 timeat,
1470 1710 1570 1745 non
1615 1693 1806 1743 tollitur

115 1775 232 1826 ullis
264 1774 486 1825 veritatis
519 1774 845 1836 documentiS,
880 1776 971 1824 sed
1002 1777 1230 1826 nutritur.
1296 1775 1469 1839 Itaque
1501 1774 1633 1839 quod
1658 1772 1807 1837 Thy-

118 1859 255 1905 estes
289 1855 561 1904 invitationi
605 1856 946 1919 obtemperat,
988 1856 1086 1905 hoc
1129 1855 1239 1920 ipso
1285 1855 1521 1905 delatoris
1572 1854 1807 1904 crimina-

116 1935 274 1984 tiones
307 1935 595 1997 confirmat,
643 1936 875 1999 quodque
920 1936 1120 2002 Aerope
1153 1935 1448 2001 supplicium
1483 1935 1590 1984 eius
1624 1935 1807 1999 depre-

117 2018 291 2076 catur,
342 2015 441 2064 hoc
472 2014 584 2080 ipso
619 2014 1034 2080 conspirationem
1069 2016 1295 2066 confiteri
1327 2016 1539 2065 videtur.
1607 2014 1808 2080 Aerope

116 2098 283 2144 autem
317 2093 508 2143 formae
542 2099 804 2144 venustate
835 2094 1077 2146 Helenam
1111 2112 1270 2162 paene
1304 2111 1574 2160 aequasse,
1608 2096 1809 2145 levitate

119 2174 268 2224 etiam
302 2189 566 2240 superasse
598 2175 810 2232 videtur,
848 2192 1051 2240 quarum
1084 2178 1167 2226 illa
1200 2177 1537 2237 efficiebatur,
1572 2180 1628 2224 ut
1659 2175 1810 2224 etiam

117 2254 419 2319 gravissimis
453 2254 649 2304 delictis
679 2256 872 2305 veniam
904 2256 1210 2321 impetraret,
1242 2258 1355 2320 hac,
1389 2261 1449 2307 ut
1481 2250 1608 2305 fides
1642 2255 1689 2305 ei
1719 2256 1810 2305 de-

119 2338 407 2396 rogaretur,
451 2335 645 2384 etiamsi
687 2351 802 2385 vera
851 2335 1023 2387 dicere
1065 2338 1330 2389 videretur.
1399 2335 1685 2388 Venustatis
1718 2337 1810 2385 do-

121 2418 404 2464 cumentum
438 2420 542 2476 est,
578 2416 739 2478 quod,
774 2418 1040 2466 commisso
1076 2419 1283 2480 scelere,
1318 2435 1415 2470 non
1450 2421 1527 2466 est
1559 2418 1619 2467 ab
1654 2417 1809 2466 Atreo

122 2493 400 2557 repudiata.
469 2494 694 2558 Aeropes
737 2495 866 2545 ullas
911 2496 1067 2547 fuisse
1108 2501 1159 2548 in
1202 2501 1297 2549 hac
1341 2502 1595 2566 tragoedia
1641 2506 1810 2566 partes

122 2577 325 2638 praeter
358 2572 670 2637 colloquium,
707 2575 836 2638 quod
871 2580 1216 2642 exposuimus,
1251 2595 1347 2629 non
1382 2589 1462 2631 est
1494 2582 1597 2630 veri
1632 2580 1813 2642 simile,

124 2667 419 2716 quamquam
448 2655 500 2701 et
532 2652 829 2717 epigramma
852 2656 1097 2718 quoddam
1122 2659 1318 2708 Anthol.
1335 2659 1439 2709 Pal.
1467 2660 1549 2711 Vl.
1567 2677 1616 2711 n.
1632 2662 1745 2708 316.
1758 2656 1811 2724 *)

124 2736 178 2781 et
199 2746 370 2780 versus
395 2731 739 2795 Aristophanis
764 2732 886 2786 Ran.
916 2735 1121 2800 849.=²²=²‘)
1155 2739 1271 2787 huic
1306 2741 1619 2789 coniecturae
1643 2739 1815 2789 favere

125 2811 372 2860 videntur.
437 2811 504 2860 At
525 2811 654 2860 enim
689 2819 824 2863 errat
855 2815 1146 2866 scholiastes
1179 2819 1554 2884 AristophaniS,
1589 2819 1651 2868 ad
1685 2819 1814 2869 hanc

126 2890 427 2957 tragoediam
459 2890 543 2939 illa
575 2891 757 2941 referri
804 2900 1010 2959 putans:
1053 2913 1216 2961 neque
1250 2900 1381 2949 enim
1414 2898 1576 2965 γάμοι
1608 2897 1816 2954 ἀνόσιοι

130 2970 217 3020 ulli
262 2971 310 3020 ei
355 2971 545 3020 inerant
585 2988 746 3036 neque
793 2974 1005 3025 Creticis
1050 2978 1291 3028 monodiis
1348 2979 1651 3045 colligendisx
1676 2981 1814 3031 locus

131 3054 266 3110 erat;
309 3051 663 3115 epigrammate
695 3057 889 3117 autem,
938 3056 1069 3120 quod
1102 3058 1346 3122 diximus,
1391 3060 1681 3128 Euripidem
1726 3077 1814 3112 re-

196 3244 247 3298 *)
276 3241 482 3300 Ἀερόπης
506 3245 707 3303 δάκρυον
736 3248 893 3307 διερῆς
915 3251 993 3295 καὶ
1013 3252 1210 3308 λείψανα
1236 3254 1431 3300 δείπνων

380 3312 586 3370 δύςνομα
606 3317 684 3361 καὶ
705 3318 874 3375 ποινὴν
894 3320 1090 3379 ἔγραφεν
1114 3319 1351 3380 Ὠφελίων.

179 3382 261 3437 *ἢ
288 3374 348 3426 ’.Ω
372 3383 604 3441 Κρητικάς
626 3386 709 3443 μὲν
731 3390 953 3445 συλλέγων
976 3395 1220 3452 μονῳδίας,

275 3450 450 3509 γάμους
467 3450 508 3500 δ’
526 3452 743 3510 οἷνοσίους
760 3460 980 3520 εἰςφέρων
1006 3464 1071 3516 εἰς
1091 3464 1179 3523 τὴν
1205 3465 1381 3523 τέχνην.
