<?xml version="1.0" encoding="UTF-8"?>
<!DOCTYPE html PUBLIC "-//W3C//DTD XHTML 1.0 Transitional//EN"
    "http://www.w3.org/TR/xhtml1/DTD/xhtml1-transitional.dtd">
<html xmlns="http://www.w3.org/1999/xhtml" xml:lang="en" lang="en">
 <head>
  <title>
</title>
<meta http-equiv="Content-Type" content="text/html;charset=utf-8" />
  <meta name='ocr-system' content='tesseract 3.04.00' />
  <meta name='ocr-capabilities' content='ocr_page ocr_carea ocr_par ocr_line ocrx_word'/>
</head>
<body>
  <div class='ocr_page' id='page_1' title='image "./euripidesrestitu01hartuoft_0379.png"; bbox 0 0 2176 3874; ppageno 0'>
   <div class='ocr_carea' id='block_1_1' title="bbox 970 261 1089 321">
    <p class='ocr_par' dir='ltr' id='par_1_1' title="bbox 970 261 1089 321">
     <span class='ocr_line' id='line_1_1' title="bbox 970 261 1089 321; baseline -0.008 0"><span class='ocrx_word' id='word_1_1' title='bbox 970 261 1089 321; x_wconf 78' lang='lat'><strong>361</strong></span> 
     </span>
    </p>
   </div>
   <div class='ocr_carea' id='block_1_2' title="bbox 166 407 1901 3527">
    <p class='ocr_par' dir='ltr' id='par_1_2' title="bbox 187 407 1901 2225">
     <span class='ocr_line' id='line_1_2' title="bbox 193 407 1867 480; baseline -0.002 -16"><span class='ocrx_word' id='word_1_2' title='bbox 193 429 293 480; x_wconf 88' lang='lat' dir='ltr'><strong>que</strong></span> <span class='ocrx_word' id='word_1_3' title='bbox 324 409 661 478; x_wconf 74' lang='lat' dir='ltr'><strong>sagittarium,</strong></span> <span class='ocrx_word' id='word_1_4' title='bbox 711 409 879 468; x_wconf 89' lang='lat' dir='ltr'><strong>cuius,</strong></span> <span class='ocrx_word' id='word_1_5' title='bbox 914 408 1212 473; x_wconf 79' lang='lat' dir='ltr'><strong>simulatque</strong></span> <span class='ocrx_word' id='word_1_6' title='bbox 1245 407 1423 474; x_wconf 87' lang='lat' dir='ltr'><strong>aliquis</strong></span> <span class='ocrx_word' id='word_1_7' title='bbox 1456 423 1613 474; x_wconf 80' lang='lat' dir='ltr'><strong>prope</strong></span> <span class='ocrx_word' id='word_1_8' title='bbox 1644 407 1867 460; x_wconf 53' lang='lat' dir='ltr'><strong>adstitis‘</strong></span> 
     </span>
     <span class='ocr_line' id='line_1_3' title="bbox 194 488 1866 556; baseline -0.002 -11"><span class='ocrx_word' id='word_1_9' title='bbox 194 500 294 556; x_wconf 85' lang='lat' dir='ltr'><strong>set,</strong></span> <span class='ocrx_word' id='word_1_10' title='bbox 330 491 519 543; x_wconf 89' lang='lat' dir='ltr'><strong>inutilis</strong></span> <span class='ocrx_word' id='word_1_11' title='bbox 556 495 693 540; x_wconf 87' lang='lat' dir='ltr'><strong>esset</strong></span> <span class='ocrx_word' id='word_1_12' title='bbox 725 506 806 540; x_wconf 88' lang='lat' dir='ltr'><strong>ars</strong></span> <span class='ocrx_word' id='word_1_13' title='bbox 841 494 990 554; x_wconf 89' lang='lat' dir='ltr'><strong>atque</strong></span> <span class='ocrx_word' id='word_1_14' title='bbox 1026 488 1297 551; x_wconf 88' lang='lat' dir='ltr'><strong>fortitudo,</strong></span> <span class='ocrx_word' id='word_1_15' title='bbox 1331 489 1478 540; x_wconf 87' lang='lat' dir='ltr'><strong>facile</strong></span> <span class='ocrx_word' id='word_1_16' title='bbox 1510 488 1655 539; x_wconf 90' lang='lat' dir='ltr'><strong>Dioni</strong></span> <span class='ocrx_word' id='word_1_17' title='bbox 1689 506 1866 541; x_wconf 91' lang='lat' dir='ltr'><strong>couce-</strong></span> 
     </span>
     <span class='ocr_line' id='line_1_4' title="bbox 193 569 1866 637; baseline -0.002 -14"><span class='ocrx_word' id='word_1_18' title='bbox 193 573 376 625; x_wconf 89' lang='lat' dir='ltr'><strong>dimus.</strong></span> <span class='ocrx_word' id='word_1_19' title='bbox 446 571 546 622; x_wconf 87' lang='lat' dir='ltr'><strong>Sed</strong></span> <span class='ocrx_word' id='word_1_20' title='bbox 579 571 723 635; x_wconf 86' lang='lat' dir='ltr'><strong>longe</strong></span> <span class='ocrx_word' id='word_1_21' title='bbox 756 569 887 619; x_wconf 87' lang='lat' dir='ltr'><strong>aliud</strong></span> <span class='ocrx_word' id='word_1_22' title='bbox 922 570 1024 636; x_wconf 88' lang='lat' dir='ltr'><strong>egit</strong></span> <span class='ocrx_word' id='word_1_23' title='bbox 1056 570 1352 635; x_wconf 87' lang='lat' dir='ltr'><strong>Euripides,</strong></span> <span class='ocrx_word' id='word_1_24' title='bbox 1387 571 1438 619; x_wconf 92' lang='lat' dir='ltr'><strong>id</strong></span> <span class='ocrx_word' id='word_1_25' title='bbox 1473 571 1633 636; x_wconf 90' lang='lat' dir='ltr'><strong>quod,</strong></span> <span class='ocrx_word' id='word_1_26' title='bbox 1669 587 1866 637; x_wconf 88' lang='lat' dir='ltr'><strong>compa·</strong></span> 
     </span>
     <span class='ocr_line' id='line_1_5' title="bbox 192 650 1868 717; baseline -0.001 -13"><span class='ocrx_word' id='word_1_27' title='bbox 192 654 316 704; x_wconf 85' lang='lat' dir='ltr'><strong>ratis</strong></span> <span class='ocrx_word' id='word_1_28' title='bbox 350 652 553 717; x_wconf 86' lang='lat' dir='ltr'><strong>reliquis</strong></span> <span class='ocrx_word' id='word_1_29' title='bbox 588 651 794 709; x_wconf 85' lang='lat' dir='ltr'><strong>fabulis,</strong></span> <span class='ocrx_word' id='word_1_30' title='bbox 842 665 967 714; x_wconf 89' lang='lat' dir='ltr'><strong>quae</strong></span> <span class='ocrx_word' id='word_1_31' title='bbox 1016 650 1190 698; x_wconf 88' lang='lat' dir='ltr'><strong>eadem</strong></span> <span class='ocrx_word' id='word_1_32' title='bbox 1226 650 1494 699; x_wconf 87' lang='lat' dir='ltr'><strong>didascalia</strong></span> <span class='ocrx_word' id='word_1_33' title='bbox 1542 652 1868 717; x_wconf 90' lang='lat' dir='ltr'><strong>comprehen-</strong></span> 
     </span>
     <span class='ocr_line' id='line_1_6' title="bbox 193 729 1869 796; baseline -0.002 -13"><span class='ocrx_word' id='word_1_34' title='bbox 193 734 454 793; x_wconf 87' lang='lat' dir='ltr'><strong>debantur,</strong></span> <span class='ocrx_word' id='word_1_35' title='bbox 489 732 647 796; x_wconf 86' lang='lat' dir='ltr'><strong>quivis</strong></span> <span class='ocrx_word' id='word_1_36' title='bbox 681 730 828 779; x_wconf 84' lang='lat' dir='ltr'><strong>facile</strong></span> <span class='ocrx_word' id='word_1_37' title='bbox 862 729 1121 792; x_wconf 75' lang='lat' dir='ltr'><strong>intelliget.</strong></span> <span class='ocrx_word' id='word_1_38' title='bbox 1188 730 1270 788; x_wconf 20' lang='lat' dir='ltr'><strong>De,</strong></span> <span class='ocrx_word' id='word_1_39' title='bbox 1293 747 1387 794; x_wconf 89' lang='lat' dir='ltr'><strong>qua</strong></span> <span class='ocrx_word' id='word_1_40' title='bbox 1421 747 1476 780; x_wconf 87' lang='lat' dir='ltr'><strong>re</strong></span> <span class='ocrx_word' id='word_1_41' title='bbox 1499 732 1760 795; x_wconf 82' lang='lat' dir='ltr'><strong>postmodo</strong></span> <span class='ocrx_word' id='word_1_42' title='bbox 1795 732 1869 781; x_wconf 93' lang='lat' dir='ltr'><strong>di-</strong></span> 
     </span>
     <span class='ocr_line' id='line_1_7' title="bbox 191 809 1901 877; baseline -0.001 -15"><span class='ocrx_word' id='word_1_43' title='bbox 191 827 379 862; x_wconf 87' lang='lat' dir='ltr'><strong>cemus.</strong></span> <span class='ocrx_word' id='word_1_44' title='bbox 447 813 560 861; x_wconf 90' lang='lat' dir='ltr'><strong>Hoc</strong></span> <span class='ocrx_word' id='word_1_45' title='bbox 595 813 789 877; x_wconf 91' lang='lat' dir='ltr'><strong>quidem</strong></span> <span class='ocrx_word' id='word_1_46' title='bbox 825 809 953 870; x_wconf 88' lang='lat' dir='ltr'><strong>loco,</strong></span> <span class='ocrx_word' id='word_1_47' title='bbox 989 809 1105 872; x_wconf 90' lang='lat' dir='ltr'><strong>quid</strong></span> <span class='ocrx_word' id='word_1_48' title='bbox 1127 809 1220 858; x_wconf 91' lang='lat' dir='ltr'><strong>Dio</strong></span> <span class='ocrx_word' id='word_1_49' title='bbox 1256 810 1320 858; x_wconf 91' lang='lat' dir='ltr'><strong>de</strong></span> <span class='ocrx_word' id='word_1_50' title='bbox 1354 811 1451 859; x_wconf 89' lang='lat' dir='ltr'><strong>hoc</strong></span> <span class='ocrx_word' id='word_1_51' title='bbox 1484 812 1707 861; x_wconf 83' lang='lat' dir='ltr'><strong>dramate</strong></span> <span class='ocrx_word' id='word_1_52' title='bbox 1740 812 1871 862; x_wconf 87' lang='lat' dir='ltr'><strong>iudi·</strong></span> <span class='ocrx_word' id='word_1_53' title='bbox 1900 822 1901 825; x_wconf 77' lang='grc'>’</span> 
     </span>
     <span class='ocr_line' id='line_1_8' title="bbox 194 889 1870 958; baseline 0 -16"><span class='ocrx_word' id='word_1_54' title='bbox 194 893 399 950; x_wconf 83' lang='lat' dir='ltr'><strong>caverit,</strong></span> <span class='ocrx_word' id='word_1_55' title='bbox 435 892 730 942; x_wconf 82' lang='lat' dir='ltr'><strong>referamus.</strong></span> <span class='ocrx_word' id='word_1_56' title='bbox 797 889 930 938; x_wconf 82' lang='lat' dir='ltr'><strong>Dicit</strong></span> <span class='ocrx_word' id='word_1_57' title='bbox 957 889 1105 953; x_wconf 91' lang='lat' dir='ltr'><strong>igitur</strong></span> <span class='ocrx_word' id='word_1_58' title='bbox 1132 890 1444 954; x_wconf 85' lang='lat' dir='ltr'><strong>prudentiam</strong></span> <span class='ocrx_word' id='word_1_59' title='bbox 1468 891 1870 958; x_wconf 79' lang='lat' dir='ltr'><strong>diligentiamque</strong></span> 
     </span>
     <span class='ocr_line' id='line_1_9' title="bbox 188 970 1867 1037; baseline 0.001 -17"><span class='ocrx_word' id='word_1_60' title='bbox 188 970 464 1037; x_wconf 83' lang='lat' dir='ltr'><strong>Euripidis,</strong></span> <span class='ocrx_word' id='word_1_61' title='bbox 498 988 623 1036; x_wconf 90' lang='lat' dir='ltr'><strong>quae</strong></span> <span class='ocrx_word' id='word_1_62' title='bbox 656 970 775 1020; x_wconf 89' lang='lat' dir='ltr'><strong>nihil</strong></span> <span class='ocrx_word' id='word_1_63' title='bbox 804 970 1111 1030; x_wconf 76' lang='lat' dir='ltr'><strong>incredibile,</strong></span> <span class='ocrx_word' id='word_1_64' title='bbox 1146 970 1267 1020; x_wconf 89' lang='lat' dir='ltr'><strong>nihil</strong></span> <span class='ocrx_word' id='word_1_65' title='bbox 1301 970 1582 1034; x_wconf 82' lang='lat' dir='ltr'><strong>neglectum</strong></span> <span class='ocrx_word' id='word_1_66' title='bbox 1617 973 1746 1022; x_wconf 89' lang='lat' dir='ltr'><strong>sinat</strong></span> <span class='ocrx_word' id='word_1_67' title='bbox 1779 989 1867 1022; x_wconf 89' lang='lat' dir='ltr'><strong>ne-</strong></span> 
     </span>
     <span class='ocr_line' id='line_1_10' title="bbox 189 1051 1871 1117; baseline 0 -16"><span class='ocrx_word' id='word_1_68' title='bbox 189 1068 286 1117; x_wconf 89' lang='lat' dir='ltr'><strong>que</strong></span> <span class='ocrx_word' id='word_1_69' title='bbox 320 1053 610 1117; x_wconf 85' lang='lat' dir='ltr'><strong>simpliciter</strong></span> <span class='ocrx_word' id='word_1_70' title='bbox 642 1051 822 1110; x_wconf 77' lang='lat' dir='ltr'><strong>rebuS,</strong></span> <span class='ocrx_word' id='word_1_71' title='bbox 859 1051 951 1099; x_wconf 88' lang='lat' dir='ltr'><strong>sed</strong></span> <span class='ocrx_word' id='word_1_72' title='bbox 986 1067 1096 1099; x_wconf 92' lang='lat' dir='ltr'><strong>cum</strong></span> <span class='ocrx_word' id='word_1_73' title='bbox 1132 1051 1266 1099; x_wconf 93' lang='lat' dir='ltr'><strong>omni</strong></span> <span class='ocrx_word' id='word_1_74' title='bbox 1300 1051 1495 1100; x_wconf 88' lang='lat' dir='ltr'><strong>dicendi</strong></span> <span class='ocrx_word' id='word_1_75' title='bbox 1531 1052 1578 1099; x_wconf 85' lang='lat' dir='ltr'><strong>vi</strong></span> <span class='ocrx_word' id='word_1_76' title='bbox 1612 1068 1669 1101; x_wconf 91' lang='lat' dir='ltr'><strong>ac</strong></span> <span class='ocrx_word' id='word_1_77' title='bbox 1703 1053 1871 1102; x_wconf 83' lang='lat' dir='ltr'><strong>facul-</strong></span> 
     </span>
     <span class='ocr_line' id='line_1_11' title="bbox 190 1131 1871 1196; baseline -0.001 -15"><span class='ocrx_word' id='word_1_78' title='bbox 190 1137 296 1181; x_wconf 85' lang='lat' dir='ltr'><strong>tate</strong></span> <span class='ocrx_word' id='word_1_79' title='bbox 331 1139 515 1192; x_wconf 88' lang='lat' dir='ltr'><strong>utatur,</strong></span> <span class='ocrx_word' id='word_1_80' title='bbox 550 1131 914 1196; x_wconf 89' lang='lat' dir='ltr'><strong>quodammodo</strong></span> <span class='ocrx_word' id='word_1_81' title='bbox 951 1131 1247 1180; x_wconf 87' lang='lat' dir='ltr'><strong>contrariam</strong></span> <span class='ocrx_word' id='word_1_82' title='bbox 1273 1148 1386 1180; x_wconf 89' lang='lat' dir='ltr'><strong>esse</strong></span> <span class='ocrx_word' id='word_1_83' title='bbox 1411 1132 1643 1196; x_wconf 81' lang='lat' dir='ltr'><strong>Aeschyli</strong></span> <span class='ocrx_word' id='word_1_84' title='bbox 1678 1132 1871 1196; x_wconf 84' lang='lat' dir='ltr'><strong>rationi,</strong></span> 
     </span>
     <span class='ocr_line' id='line_1_12' title="bbox 191 1211 1873 1279; baseline 0.001 -19"><span class='ocrx_word' id='word_1_85' title='bbox 191 1213 387 1279; x_wconf 84' lang='lat' dir='ltr'><strong>plenam</strong></span> <span class='ocrx_word' id='word_1_86' title='bbox 422 1213 655 1261; x_wconf 86' lang='lat' dir='ltr'><strong>scientiae</strong></span> <span class='ocrx_word' id='word_1_87' title='bbox 682 1211 855 1272; x_wconf 88' lang='lat' dir='ltr'><strong>civilis,</strong></span> <span class='ocrx_word' id='word_1_88' title='bbox 893 1212 1367 1275; x_wconf 85' lang='lat' dir='ltr'><strong>eloquentissimam,</strong></span> <span class='ocrx_word' id='word_1_89' title='bbox 1401 1217 1549 1275; x_wconf 89' lang='lat' dir='ltr'><strong>atque</strong></span> <span class='ocrx_word' id='word_1_90' title='bbox 1584 1229 1710 1270; x_wconf 89' lang='lat' dir='ltr'><strong>eam,</strong></span> <span class='ocrx_word' id='word_1_91' title='bbox 1747 1228 1873 1276; x_wconf 87' lang='lat' dir='ltr'><strong>quae</strong></span> 
     </span>
     <span class='ocr_line' id='line_1_13' title="bbox 187 1290 1874 1358; baseline 0.001 -18"><span class='ocrx_word' id='word_1_92' title='bbox 187 1293 456 1358; x_wconf 88' lang='lat' dir='ltr'><strong>plurimum</strong></span> <span class='ocrx_word' id='word_1_93' title='bbox 509 1292 787 1358; x_wconf 89' lang='lat' dir='ltr'><strong>legentibus</strong></span> <span class='ocrx_word' id='word_1_94' title='bbox 833 1292 1008 1340; x_wconf 86' lang='lat' dir='ltr'><strong>afferat</strong></span> <span class='ocrx_word' id='word_1_95' title='bbox 1051 1290 1290 1342; x_wconf 83' lang='lat' dir='ltr'><strong>utilitatis.</strong></span> <span class='ocrx_word' id='word_1_96' title='bbox 1367 1292 1594 1341; x_wconf 81' lang='lat' dir='ltr'><strong>Eundem</strong></span> <span class='ocrx_word' id='word_1_97' title='bbox 1637 1294 1874 1343; x_wconf 84' lang='lat' dir='ltr'><strong>varietate</strong></span> 
     </span>
     <span class='ocr_line' id='line_1_14' title="bbox 188 1371 1871 1437; baseline 0.001 -16"><span class='ocrx_word' id='word_1_98' title='bbox 188 1371 358 1421; x_wconf 85' lang='lat' dir='ltr'><strong>drama</strong></span> <span class='ocrx_word' id='word_1_99' title='bbox 392 1389 597 1423; x_wconf 87' lang='lat' dir='ltr'><strong>ornasse</strong></span> <span class='ocrx_word' id='word_1_100' title='bbox 631 1379 683 1422; x_wconf 90' lang='lat' dir='ltr'><strong>et</strong></span> <span class='ocrx_word' id='word_1_101' title='bbox 717 1372 993 1422; x_wconf 89' lang='lat' dir='ltr'><strong>orationum</strong></span> <span class='ocrx_word' id='word_1_102' title='bbox 1029 1372 1318 1421; x_wconf 88' lang='lat' dir='ltr'><strong>occasiones</strong></span> <span class='ocrx_word' id='word_1_103' title='bbox 1353 1373 1628 1434; x_wconf 88' lang='lat' dir='ltr'><strong>invenisse,</strong></span> <span class='ocrx_word' id='word_1_104' title='bbox 1665 1389 1871 1437; x_wconf 87' lang='lat' dir='ltr'><strong>quarum</strong></span> 
     </span>
     <span class='ocr_line' id='line_1_15' title="bbox 190 1452 1874 1516; baseline 0.001 -14"><span class='ocrx_word' id='word_1_105' title='bbox 190 1453 532 1502; x_wconf 87' lang='lat' dir='ltr'><strong>contentiones</strong></span> <span class='ocrx_word' id='word_1_106' title='bbox 566 1453 869 1502; x_wconf 87' lang='lat' dir='ltr'><strong>instituendo</strong></span> <span class='ocrx_word' id='word_1_107' title='bbox 919 1452 1290 1516; x_wconf 87' lang='lat' dir='ltr'><strong>copiosissimus</strong></span> <span class='ocrx_word' id='word_1_108' title='bbox 1342 1454 1555 1502; x_wconf 90' lang='lat' dir='ltr'><strong>omnium</strong></span> <span class='ocrx_word' id='word_1_109' title='bbox 1593 1459 1644 1502; x_wconf 90' lang='lat' dir='ltr'><strong>et</strong></span> <span class='ocrx_word' id='word_1_110' title='bbox 1675 1455 1874 1503; x_wconf 89' lang='lat' dir='ltr'><strong>dicendi</strong></span> 
     </span>
     <span class='ocr_line' id='line_1_16' title="bbox 187 1533 1870 1599; baseline 0.002 -17"><span class='ocrx_word' id='word_1_111' title='bbox 187 1533 524 1599; x_wconf 88' lang='lat' dir='ltr'><strong>peritissimus</strong></span> <span class='ocrx_word' id='word_1_112' title='bbox 558 1538 807 1598; x_wconf 87' lang='lat' dir='ltr'><strong>appareat.</strong></span> <span class='ocrx_word' id='word_1_113' title='bbox 875 1533 1047 1597; x_wconf 88' lang='lat' dir='ltr'><strong>Itaque</strong></span> <span class='ocrx_word' id='word_1_114' title='bbox 1094 1548 1191 1581; x_wconf 92' lang='lat' dir='ltr'><strong>non</strong></span> <span class='ocrx_word' id='word_1_115' title='bbox 1224 1533 1463 1598; x_wconf 84' lang='lat' dir='ltr'><strong>Ulyssem</strong></span> <span class='ocrx_word' id='word_1_116' title='bbox 1515 1534 1675 1584; x_wconf 89' lang='lat' dir='ltr'><strong>solum</strong></span> <span class='ocrx_word' id='word_1_117' title='bbox 1713 1537 1772 1585; x_wconf 92' lang='lat' dir='ltr'><strong>ab</strong></span> <span class='ocrx_word' id='word_1_118' title='bbox 1809 1551 1870 1584; x_wconf 91' lang='lat' dir='ltr'><strong>eo</strong></span> 
     </span>
     <span class='ocr_line' id='line_1_17' title="bbox 187 1612 1873 1677; baseline 0.002 -16"><span class='ocrx_word' id='word_1_119' title='bbox 187 1612 527 1663; x_wconf 90' lang='lat' dir='ltr'><strong>introductum</strong></span> <span class='ocrx_word' id='word_1_120' title='bbox 562 1629 699 1673; x_wconf 89' lang='lat' dir='ltr'><strong>esse,</strong></span> <span class='ocrx_word' id='word_1_121' title='bbox 738 1613 826 1662; x_wconf 89' lang='lat' dir='ltr'><strong>sed</strong></span> <span class='ocrx_word' id='word_1_122' title='bbox 861 1630 958 1662; x_wconf 91' lang='lat' dir='ltr'><strong>una</strong></span> <span class='ocrx_word' id='word_1_123' title='bbox 993 1612 1309 1672; x_wconf 85' lang='lat' dir='ltr'><strong>Diomedem,</strong></span> <span class='ocrx_word' id='word_1_124' title='bbox 1345 1630 1439 1677; x_wconf 89' lang='lat' dir='ltr'><strong>qua</strong></span> <span class='ocrx_word' id='word_1_125' title='bbox 1474 1615 1523 1663; x_wconf 93' lang='lat' dir='ltr'><strong>in</strong></span> <span class='ocrx_word' id='word_1_126' title='bbox 1556 1631 1612 1664; x_wconf 91' lang='lat' dir='ltr'><strong>re</strong></span> <span class='ocrx_word' id='word_1_127' title='bbox 1646 1631 1742 1665; x_wconf 93' lang='lat' dir='ltr'><strong>non</strong></span> <span class='ocrx_word' id='word_1_128' title='bbox 1776 1617 1873 1664; x_wconf 89' lang='lat' dir='ltr'><strong>mi-</strong></span> 
     </span>
     <span class='ocr_line' id='line_1_18' title="bbox 189 1692 1871 1757; baseline 0.002 -15"><span class='ocrx_word' id='word_1_129' title='bbox 189 1707 316 1753; x_wconf 86' lang='lat' dir='ltr'><strong>nus,</strong></span> <span class='ocrx_word' id='word_1_130' title='bbox 365 1709 510 1757; x_wconf 89' lang='lat' dir='ltr'><strong>quam</strong></span> <span class='ocrx_word' id='word_1_131' title='bbox 546 1692 594 1742; x_wconf 92' lang='lat' dir='ltr'><strong>in</strong></span> <span class='ocrx_word' id='word_1_132' title='bbox 629 1693 860 1742; x_wconf 88' lang='lat' dir='ltr'><strong>mutanda</strong></span> <span class='ocrx_word' id='word_1_133' title='bbox 904 1693 1032 1741; x_wconf 89' lang='lat' dir='ltr'><strong>illius</strong></span> <span class='ocrx_word' id='word_1_134' title='bbox 1067 1692 1253 1754; x_wconf 86' lang='lat' dir='ltr'><strong>forma,</strong></span> <span class='ocrx_word' id='word_1_135' title='bbox 1302 1693 1507 1743; x_wconf 89' lang='lat' dir='ltr'><strong>Homeri</strong></span> <span class='ocrx_word' id='word_1_136' title='bbox 1552 1695 1871 1746; x_wconf 89' lang='lat' dir='ltr'><strong>imitationem</strong></span> 
     </span>
     <span class='ocr_line' id='line_1_19' title="bbox 189 1773 1871 1838; baseline 0.002 -16"><span class='ocrx_word' id='word_1_137' title='bbox 189 1773 434 1838; x_wconf 83' lang='lat' dir='ltr'><strong>cognosci.</strong></span> <span class='ocrx_word' id='word_1_138' title='bbox 503 1773 556 1821; x_wconf 93' lang='lat' dir='ltr'><strong>In</strong></span> <span class='ocrx_word' id='word_1_139' title='bbox 592 1775 872 1823; x_wconf 86' lang='lat' dir='ltr'><strong>universum</strong></span> <span class='ocrx_word' id='word_1_140' title='bbox 906 1775 1053 1837; x_wconf 88' lang='lat' dir='ltr'><strong>igitur</strong></span> <span class='ocrx_word' id='word_1_141' title='bbox 1087 1790 1178 1838; x_wconf 91' lang='lat' dir='ltr'><strong>per</strong></span> <span class='ocrx_word' id='word_1_142' title='bbox 1198 1779 1362 1823; x_wconf 90' lang='lat' dir='ltr'><strong>totum</strong></span> <span class='ocrx_word' id='word_1_143' title='bbox 1389 1774 1559 1823; x_wconf 88' lang='lat' dir='ltr'><strong>drama</strong></span> <span class='ocrx_word' id='word_1_144' title='bbox 1585 1791 1681 1824; x_wconf 91' lang='lat' dir='ltr'><strong>non</strong></span> <span class='ocrx_word' id='word_1_145' title='bbox 1711 1776 1871 1826; x_wconf 85' lang='lat' dir='ltr'><strong>solum</strong></span> 
     </span>
     <span class='ocr_line' id='line_1_20' title="bbox 190 1854 1871 1922; baseline 0.002 -21"><span class='ocrx_word' id='word_1_146' title='bbox 190 1867 431 1902; x_wconf 86' lang='lat' dir='ltr'><strong>summam</strong></span> <span class='ocrx_word' id='word_1_147' title='bbox 475 1860 653 1918; x_wconf 90' lang='lat' dir='ltr'><strong>poetae</strong></span> <span class='ocrx_word' id='word_1_148' title='bbox 696 1854 1015 1903; x_wconf 86' lang='lat' dir='ltr'><strong>calliditatem</strong></span> <span class='ocrx_word' id='word_1_149' title='bbox 1066 1860 1116 1903; x_wconf 92' lang='lat' dir='ltr'><strong>et</strong></span> <span class='ocrx_word' id='word_1_150' title='bbox 1149 1870 1316 1903; x_wconf 91' lang='lat' dir='ltr'><strong>rerum</strong></span> <span class='ocrx_word' id='word_1_151' title='bbox 1348 1856 1750 1920; x_wconf 88' lang='lat' dir='ltr'><strong>probabilitatem</strong></span> <span class='ocrx_word' id='word_1_152' title='bbox 1785 1873 1871 1922; x_wconf 90' lang='lat' dir='ltr'><strong>ap-</strong></span> 
     </span>
     <span class='ocr_line' id='line_1_21' title="bbox 187 1934 1873 1999; baseline 0.003 -18"><span class='ocrx_word' id='word_1_153' title='bbox 187 1948 400 1998; x_wconf 88' lang='lat' dir='ltr'><strong>parere,</strong></span> <span class='ocrx_word' id='word_1_154' title='bbox 437 1934 527 1982; x_wconf 91' lang='lat' dir='ltr'><strong>sed</strong></span> <span class='ocrx_word' id='word_1_155' title='bbox 561 1934 710 1982; x_wconf 92' lang='lat' dir='ltr'><strong>etiam</strong></span> <span class='ocrx_word' id='word_1_156' title='bbox 742 1934 1083 1982; x_wconf 86' lang='lat' dir='ltr'><strong>incredibilem</strong></span> <span class='ocrx_word' id='word_1_157' title='bbox 1118 1935 1390 1999; x_wconf 86' lang='lat' dir='ltr'><strong>miramque</strong></span> <span class='ocrx_word' id='word_1_158' title='bbox 1425 1936 1622 1984; x_wconf 90' lang='lat' dir='ltr'><strong>dicendi</strong></span> <span class='ocrx_word' id='word_1_159' title='bbox 1658 1934 1873 1986; x_wconf 86' lang='lat' dir='ltr'><strong>faculta-</strong></span> 
     </span>
     <span class='ocr_line' id='line_1_22' title="bbox 187 2012 1872 2074; baseline 0.004 -12"><span class='ocrx_word' id='word_1_160' title='bbox 187 2017 309 2064; x_wconf 86' lang='lat' dir='ltr'><strong>tem.</strong></span> <span class='ocrx_word' id='word_1_161' title='bbox 378 2012 504 2062; x_wconf 90' lang='lat' dir='ltr'><strong>Nam</strong></span> <span class='ocrx_word' id='word_1_162' title='bbox 540 2018 592 2062; x_wconf 87' lang='lat' dir='ltr'><strong>et</strong></span> <span class='ocrx_word' id='word_1_163' title='bbox 626 2014 875 2063; x_wconf 87' lang='lat' dir='ltr'><strong>trimetros</strong></span> <span class='ocrx_word' id='word_1_164' title='bbox 909 2014 1180 2074; x_wconf 89' lang='lat' dir='ltr'><strong>dilucidos‚</strong></span> <span class='ocrx_word' id='word_1_165' title='bbox 1233 2020 1439 2063; x_wconf 90' lang='lat' dir='ltr'><strong>naturae</strong></span> <span class='ocrx_word' id='word_1_166' title='bbox 1472 2017 1872 2068; x_wconf 86' lang='lat' dir='ltr'><strong>accommodatos</strong></span> 
     </span>
     <span class='ocr_line' id='line_1_23' title="bbox 190 2092 1872 2159; baseline 0.003 -17"><span class='ocrx_word' id='word_1_167' title='bbox 190 2092 463 2158; x_wconf 83' lang='lat' dir='ltr'><strong>civilesque</strong></span> <span class='ocrx_word' id='word_1_168' title='bbox 506 2110 646 2156; x_wconf 85' lang='lat' dir='ltr'><strong>esse,</strong></span> <span class='ocrx_word' id='word_1_169' title='bbox 699 2101 750 2144; x_wconf 94' lang='lat' dir='ltr'><strong>et</strong></span> <span class='ocrx_word' id='word_1_170' title='bbox 785 2096 1003 2143; x_wconf 87' lang='lat' dir='ltr'><strong>carmina</strong></span> <span class='ocrx_word' id='word_1_171' title='bbox 1048 2111 1146 2144; x_wconf 88' lang='lat' dir='ltr'><strong>non</strong></span> <span class='ocrx_word' id='word_1_172' title='bbox 1179 2095 1482 2159; x_wconf 87' lang='lat' dir='ltr'><strong>voluptatem</strong></span> <span class='ocrx_word' id='word_1_173' title='bbox 1522 2102 1736 2158; x_wconf 91' lang='lat' dir='ltr'><strong>tantum,</strong></span> <span class='ocrx_word' id='word_1_174' title='bbox 1782 2096 1872 2147; x_wconf 88' lang='lat' dir='ltr'><strong>sed</strong></span> 
     </span>
     <span class='ocr_line' id='line_1_24' title="bbox 187 2174 1610 2225; baseline 0.002 -3"><span class='ocrx_word' id='word_1_175' title='bbox 187 2174 394 2224; x_wconf 88' lang='lat' dir='ltr'><strong>multam</strong></span> <span class='ocrx_word' id='word_1_176' title='bbox 427 2175 581 2223; x_wconf 91' lang='lat' dir='ltr'><strong>etiam</strong></span> <span class='ocrx_word' id='word_1_177' title='bbox 614 2175 676 2224; x_wconf 90' lang='lat' dir='ltr'><strong>ad</strong></span> <span class='ocrx_word' id='word_1_178' title='bbox 710 2176 943 2225; x_wconf 87' lang='lat' dir='ltr'><strong>virtutem</strong></span> <span class='ocrx_word' id='word_1_179' title='bbox 977 2175 1374 2225; x_wconf 87' lang='lat' dir='ltr'><strong>exhortationem</strong></span> <span class='ocrx_word' id='word_1_180' title='bbox 1409 2176 1610 2225; x_wconf 88' lang='lat' dir='ltr'><strong>habere.</strong></span> 
     </span>
    </p>

    <p class='ocr_par' dir='ltr' id='par_1_3' title="bbox 166 2254 1872 3527">
     <span class='ocr_line' id='line_1_25' title="bbox 274 2254 1871 2322; baseline 0.004 -20"><span class='ocrx_word' id='word_1_181' title='bbox 274 2279 277 2283; x_wconf 74' lang='lat'><strong>,</strong></span> <span class='ocrx_word' id='word_1_182' title='bbox 323 2254 520 2319; x_wconf 88' lang='lat' dir='ltr'><strong>Operae</strong></span> <span class='ocrx_word' id='word_1_183' title='bbox 568 2256 782 2319; x_wconf 88' lang='lat' dir='ltr'><strong>pretium</strong></span> <span class='ocrx_word' id='word_1_184' title='bbox 835 2262 942 2317; x_wconf 88' lang='lat' dir='ltr'><strong>est,</strong></span> <span class='ocrx_word' id='word_1_185' title='bbox 1002 2257 1150 2304; x_wconf 89' lang='lat' dir='ltr'><strong>etiam</strong></span> <span class='ocrx_word' id='word_1_186' title='bbox 1211 2272 1337 2319; x_wconf 85' lang='lat' dir='ltr'><strong>quae</strong></span> <span class='ocrx_word' id='word_1_187' title='bbox 1391 2257 1455 2305; x_wconf 92' lang='lat' dir='ltr'><strong>de</strong></span> <span class='ocrx_word' id='word_1_188' title='bbox 1504 2256 1756 2322; x_wconf 82' lang='lat' dir='ltr'><strong>Aeschylo</strong></span> <span class='ocrx_word' id='word_1_189' title='bbox 1813 2274 1871 2308; x_wconf 90' lang='lat' dir='ltr'><strong>ac</strong></span> 
     </span>
     <span class='ocr_line' id='line_1_26' title="bbox 189 2332 1870 2403; baseline 0.002 -20"><span class='ocrx_word' id='word_1_190' title='bbox 189 2332 441 2398; x_wconf 86' lang='lat' dir='ltr'><strong>Sophocle</strong></span> <span class='ocrx_word' id='word_1_191' title='bbox 474 2335 736 2396; x_wconf 88' lang='lat' dir='ltr'><strong>iudicavit,</strong></span> <span class='ocrx_word' id='word_1_192' title='bbox 780 2352 985 2400; x_wconf 92' lang='lat' dir='ltr'><strong>quorum</strong></span> <span class='ocrx_word' id='word_1_193' title='bbox 1030 2336 1112 2384; x_wconf 90' lang='lat' dir='ltr'><strong>hic</strong></span> <span class='ocrx_word' id='word_1_194' title='bbox 1146 2336 1312 2384; x_wconf 89' lang='lat' dir='ltr'><strong>multis</strong></span> <span class='ocrx_word' id='word_1_195' title='bbox 1347 2337 1486 2385; x_wconf 90' lang='lat' dir='ltr'><strong>annis</strong></span> <span class='ocrx_word' id='word_1_196' title='bbox 1520 2343 1639 2402; x_wconf 87' lang='lat' dir='ltr'><strong>post</strong></span> <span class='ocrx_word' id='word_1_197' title='bbox 1675 2338 1870 2403; x_wconf 76' lang='lat' dir='ltr'><strong>Euripi-</strong></span> 
     </span>
     <span class='ocr_line' id='line_1_27' title="bbox 187 2413 1872 2481; baseline 0.004 -18"><span class='ocrx_word' id='word_1_198' title='bbox 187 2413 304 2463; x_wconf 87' lang='lat' dir='ltr'><strong>dem</strong></span> <span class='ocrx_word' id='word_1_199' title='bbox 338 2415 474 2463; x_wconf 91' lang='lat' dir='ltr'><strong>idem</strong></span> <span class='ocrx_word' id='word_1_200' title='bbox 507 2419 852 2478; x_wconf 83' lang='lat' dir='ltr'><strong>argumentum</strong></span> <span class='ocrx_word' id='word_1_201' title='bbox 887 2417 1130 2476; x_wconf 84' lang='lat' dir='ltr'><strong>tractavit,</strong></span> <span class='ocrx_word' id='word_1_202' title='bbox 1163 2418 1214 2466; x_wconf 92' lang='lat' dir='ltr'><strong>in</strong></span> <span class='ocrx_word' id='word_1_203' title='bbox 1249 2416 1467 2465; x_wconf 90' lang='lat' dir='ltr'><strong>medium</strong></span> <span class='ocrx_word' id='word_1_204' title='bbox 1504 2417 1748 2481; x_wconf 81' lang='lat' dir='ltr'><strong>proferre.</strong></span> <span class='ocrx_word' id='word_1_205' title='bbox 1818 2418 1872 2470; x_wconf 87' lang='lat' dir='ltr'><strong>ln</strong></span> 
     </span>
     <span class='ocr_line' id='line_1_28' title="bbox 186 2494 1871 2560; baseline 0.003 -17"><span class='ocrx_word' id='word_1_206' title='bbox 186 2494 276 2543; x_wconf 89' lang='lat' dir='ltr'><strong>illo</strong></span> <span class='ocrx_word' id='word_1_207' title='bbox 310 2495 460 2560; x_wconf 89' lang='lat' dir='ltr'><strong>igitur</strong></span> <span class='ocrx_word' id='word_1_208' title='bbox 494 2496 672 2559; x_wconf 89' lang='lat' dir='ltr'><strong>probat</strong></span> <span class='ocrx_word' id='word_1_209' title='bbox 706 2497 1154 2559; x_wconf 77' lang='lat' dir='ltr'><strong>magnanimitatem</strong></span> <span class='ocrx_word' id='word_1_210' title='bbox 1181 2502 1231 2545; x_wconf 89' lang='lat' dir='ltr'><strong>et</strong></span> <span class='ocrx_word' id='word_1_211' title='bbox 1256 2497 1597 2560; x_wconf 90' lang='lat' dir='ltr'><strong>antiquitatem</strong></span> <span class='ocrx_word' id='word_1_212' title='bbox 1626 2504 1678 2546; x_wconf 93' lang='lat' dir='ltr'><strong>et</strong></span> <span class='ocrx_word' id='word_1_213' title='bbox 1704 2514 1871 2549; x_wconf 88' lang='lat' dir='ltr'><strong>rerum</strong></span> 
     </span>
     <span class='ocr_line' id='line_1_29' title="bbox 187 2576 1871 2643; baseline 0.004 -20"><span class='ocrx_word' id='word_1_214' title='bbox 187 2576 555 2639; x_wconf 84' lang='lat' dir='ltr'><strong>verborumque</strong></span> <span class='ocrx_word' id='word_1_215' title='bbox 610 2576 969 2639; x_wconf 81' lang='lat' dir='ltr'><strong>asperitatem,</strong></span> <span class='ocrx_word' id='word_1_216' title='bbox 1021 2577 1196 2642; x_wconf 88' lang='lat' dir='ltr'><strong>dignas</strong></span> <span class='ocrx_word' id='word_1_217' title='bbox 1248 2578 1508 2643; x_wconf 84' lang='lat' dir='ltr'><strong>tragoedia</strong></span> <span class='ocrx_word' id='word_1_218' title='bbox 1560 2577 1871 2642; x_wconf 87' lang='lat' dir='ltr'><strong>heroumque</strong></span> 
     </span>
     <span class='ocr_line' id='line_1_30' title="bbox 186 2655 1868 2722; baseline 0.002 -19"><span class='ocrx_word' id='word_1_219' title='bbox 186 2655 409 2704; x_wconf 89' lang='lat' dir='ltr'><strong>moribus</strong></span> <span class='ocrx_word' id='word_1_220' title='bbox 444 2661 593 2718; x_wconf 91' lang='lat' dir='ltr'><strong>atque</strong></span> <span class='ocrx_word' id='word_1_221' title='bbox 613 2673 642 2704; x_wconf 88' lang='lat' dir='ltr'><strong>a</strong></span> <span class='ocrx_word' id='word_1_222' title='bbox 663 2656 946 2717; x_wconf 88' lang='lat' dir='ltr'><strong>calliditate,</strong></span> <span class='ocrx_word' id='word_1_223' title='bbox 968 2657 1266 2722; x_wconf 88' lang='lat' dir='ltr'><strong>loquacitate</strong></span> <span class='ocrx_word' id='word_1_224' title='bbox 1298 2664 1350 2706; x_wconf 89' lang='lat' dir='ltr'><strong>et</strong></span> <span class='ocrx_word' id='word_1_225' title='bbox 1376 2657 1648 2706; x_wconf 89' lang='lat' dir='ltr'><strong>humilitate</strong></span> <span class='ocrx_word' id='word_1_226' title='bbox 1669 2658 1868 2708; x_wconf 90' lang='lat' dir='ltr'><strong>alienas.</strong></span> 
     </span>
     <span class='ocr_line' id='line_1_31' title="bbox 187 2734 1869 2803; baseline 0.003 -19"><span class='ocrx_word' id='word_1_227' title='bbox 187 2734 314 2784; x_wconf 87' lang='lat' dir='ltr'><strong>Nam</strong></span> <span class='ocrx_word' id='word_1_228' title='bbox 350 2735 587 2800; x_wconf 87' lang='lat' dir='ltr'><strong>Ulyssem</strong></span> <span class='ocrx_word' id='word_1_229' title='bbox 633 2741 833 2786; x_wconf 87' lang='lat' dir='ltr'><strong>acutum</strong></span> <span class='ocrx_word' id='word_1_230' title='bbox 880 2738 1079 2801; x_wconf 87' lang='lat' dir='ltr'><strong>quidem</strong></span> <span class='ocrx_word' id='word_1_231' title='bbox 1117 2754 1174 2786; x_wconf 91' lang='lat' dir='ltr'><strong>ac</strong></span> <span class='ocrx_word' id='word_1_232' title='bbox 1211 2737 1439 2801; x_wconf 86' lang='lat' dir='ltr'><strong>dolosum</strong></span> <span class='ocrx_word' id='word_1_233' title='bbox 1475 2738 1700 2787; x_wconf 80' lang='lat' dir='ltr'><strong>effictum</strong></span> <span class='ocrx_word' id='word_1_234' title='bbox 1738 2755 1869 2803; x_wconf 84' lang='lat' dir='ltr'><strong>esse,</strong></span> 
     </span>
     <span class='ocr_line' id='line_1_32' title="bbox 187 2815 1870 2882; baseline 0.003 -18"><span class='ocrx_word' id='word_1_235' title='bbox 187 2816 280 2864; x_wconf 90' lang='lat' dir='ltr'><strong>sed</strong></span> <span class='ocrx_word' id='word_1_236' title='bbox 313 2816 522 2875; x_wconf 86' lang='lat' dir='ltr'><strong>multum</strong></span> <span class='ocrx_word' id='word_1_237' title='bbox 558 2815 821 2866; x_wconf 88' lang='lat' dir='ltr'><strong>distantem</strong></span> <span class='ocrx_word' id='word_1_238' title='bbox 856 2833 884 2865; x_wconf 91' lang='lat' dir='ltr'><strong>a</strong></span> <span class='ocrx_word' id='word_1_239' title='bbox 919 2818 1250 2882; x_wconf 89' lang='lat' dir='ltr'><strong>posteriorum</strong></span> <span class='ocrx_word' id='word_1_240' title='bbox 1286 2818 1536 2867; x_wconf 90' lang='lat' dir='ltr'><strong>hominum</strong></span> <span class='ocrx_word' id='word_1_241' title='bbox 1573 2819 1780 2881; x_wconf 90' lang='lat' dir='ltr'><strong>malitia,</strong></span> <span class='ocrx_word' id='word_1_242' title='bbox 1815 2825 1870 2870; x_wconf 87' lang='lat' dir='ltr'><strong>ut</strong></span> 
     </span>
     <span class='ocr_line' id='line_1_33' title="bbox 186 2898 1870 2963; baseline 0.002 -18"><span class='ocrx_word' id='word_1_243' title='bbox 186 2911 361 2945; x_wconf 86' lang='lat' dir='ltr'><strong>revera</strong></span> <span class='ocrx_word' id='word_1_244' title='bbox 395 2898 624 2960; x_wconf 89' lang='lat' dir='ltr'><strong>antiquus</strong></span> <span class='ocrx_word' id='word_1_245' title='bbox 669 2898 829 2947; x_wconf 86' lang='lat' dir='ltr'><strong>videri</strong></span> <span class='ocrx_word' id='word_1_246' title='bbox 878 2900 1037 2962; x_wconf 88' lang='lat' dir='ltr'><strong>possit</strong></span> <span class='ocrx_word' id='word_1_247' title='bbox 1089 2907 1400 2963; x_wconf 88' lang='lat' dir='ltr'><strong>comparatus</strong></span> <span class='ocrx_word' id='word_1_248' title='bbox 1438 2916 1548 2948; x_wconf 92' lang='lat' dir='ltr'><strong>cum</strong></span> <span class='ocrx_word' id='word_1_249' title='bbox 1582 2900 1706 2948; x_wconf 90' lang='lat' dir='ltr'><strong>istis.</strong></span> <span class='ocrx_word' id='word_1_250' title='bbox 1774 2900 1870 2950; x_wconf 89' lang='lat' dir='ltr'><strong>His</strong></span> 
     </span>
     <span class='ocr_line' id='line_1_34' title="bbox 188 2976 1869 3044; baseline 0.002 -19"><span class='ocrx_word' id='word_1_251' title='bbox 188 2976 480 3042; x_wconf 87' lang='lat' dir='ltr'><strong>praemissis</strong></span> <span class='ocrx_word' id='word_1_252' title='bbox 528 2977 622 3026; x_wconf 91' lang='lat' dir='ltr'><strong>Dio</strong></span> <span class='ocrx_word' id='word_1_253' title='bbox 677 2994 999 3043; x_wconf 88' lang='lat' dir='ltr'><strong>quaecunque</strong></span> <span class='ocrx_word' id='word_1_254' title='bbox 1042 2980 1321 3044; x_wconf 87' lang='lat' dir='ltr'><strong>Aeschylus</strong></span> <span class='ocrx_word' id='word_1_255' title='bbox 1368 2980 1531 3029; x_wconf 91' lang='lat' dir='ltr'><strong>minus</strong></span> <span class='ocrx_word' id='word_1_256' title='bbox 1591 2981 1869 3044; x_wconf 90' lang='lat' dir='ltr'><strong>probabilia</strong></span> 
     </span>
     <span class='ocr_line' id='line_1_35' title="bbox 191 3056 1868 3124; baseline 0.002 -18"><span class='ocrx_word' id='word_1_257' title='bbox 191 3056 413 3118; x_wconf 83' lang='lat' dir='ltr'><strong>effinxit,</strong></span> <span class='ocrx_word' id='word_1_258' title='bbox 450 3063 681 3121; x_wconf 88' lang='lat' dir='ltr'><strong>quantum</strong></span> <span class='ocrx_word' id='word_1_259' title='bbox 718 3059 828 3108; x_wconf 90' lang='lat' dir='ltr'><strong>fieri</strong></span> <span class='ocrx_word' id='word_1_260' title='bbox 861 3064 1029 3123; x_wconf 89' lang='lat' dir='ltr'><strong>potest</strong></span> <span class='ocrx_word' id='word_1_261' title='bbox 1065 3059 1442 3124; x_wconf 81' lang='lat' dir='ltr'><strong>benignissime,</strong></span> <span class='ocrx_word' id='word_1_262' title='bbox 1489 3066 1708 3111; x_wconf 87' lang='lat' dir='ltr'><strong>excusat.</strong></span> <span class='ocrx_word' id='word_1_263' title='bbox 1777 3060 1868 3110; x_wconf 91' lang='lat' dir='ltr'><strong>So-</strong></span> 
     </span>
     <span class='ocr_line' id='line_1_36' title="bbox 187 3136 1868 3204; baseline 0.004 -20"><span class='ocrx_word' id='word_1_264' title='bbox 187 3136 423 3201; x_wconf 87' lang='lat' dir='ltr'><strong>phoclem</strong></span> <span class='ocrx_word' id='word_1_265' title='bbox 456 3145 622 3187; x_wconf 90' lang='lat' dir='ltr'><strong>autem</strong></span> <span class='ocrx_word' id='word_1_266' title='bbox 659 3139 780 3188; x_wconf 91' lang='lat' dir='ltr'><strong>dicit</strong></span> <span class='ocrx_word' id='word_1_267' title='bbox 812 3138 1029 3188; x_wconf 86' lang='lat' dir='ltr'><strong>medium</strong></span> <span class='ocrx_word' id='word_1_268' title='bbox 1058 3142 1300 3203; x_wconf 89' lang='lat' dir='ltr'><strong>quendam</strong></span> <span class='ocrx_word' id='word_1_269' title='bbox 1336 3142 1464 3191; x_wconf 90' lang='lat' dir='ltr'><strong>inter</strong></span> <span class='ocrx_word' id='word_1_270' title='bbox 1498 3147 1762 3204; x_wconf 90' lang='lat' dir='ltr'><strong>utrumque</strong></span> <span class='ocrx_word' id='word_1_271' title='bbox 1794 3141 1868 3190; x_wconf 89' lang='lat' dir='ltr'><strong>lo-</strong></span> 
     </span>
     <span class='ocr_line' id='line_1_37' title="bbox 189 3220 1868 3285; baseline 0.004 -22"><span class='ocrx_word' id='word_1_272' title='bbox 189 3230 304 3264; x_wconf 87' lang='lat' dir='ltr'><strong>cum</strong></span> <span class='ocrx_word' id='word_1_273' title='bbox 338 3221 540 3267; x_wconf 86' lang='lat' dir='ltr'><strong>tenere:</strong></span> <span class='ocrx_word' id='word_1_274' title='bbox 577 3220 781 3283; x_wconf 87' lang='lat' dir='ltr'><strong>perinde</strong></span> <span class='ocrx_word' id='word_1_275' title='bbox 816 3221 946 3268; x_wconf 91' lang='lat' dir='ltr'><strong>enim</strong></span> <span class='ocrx_word' id='word_1_276' title='bbox 973 3220 1152 3269; x_wconf 88' lang='lat' dir='ltr'><strong>abesse</strong></span> <span class='ocrx_word' id='word_1_277' title='bbox 1187 3238 1300 3271; x_wconf 92' lang='lat' dir='ltr'><strong>eum</strong></span> <span class='ocrx_word' id='word_1_278' title='bbox 1334 3223 1395 3271; x_wconf 86' lang='lat' dir='ltr'><strong>ab</strong></span> <span class='ocrx_word' id='word_1_279' title='bbox 1415 3222 1650 3285; x_wconf 85' lang='lat' dir='ltr'><strong>Aeschyli</strong></span> <span class='ocrx_word' id='word_1_280' title='bbox 1684 3221 1868 3285; x_wconf 87' lang='lat' dir='ltr'><strong>asperi·</strong></span> 
     </span>
     <span class='ocr_line' id='line_1_38' title="bbox 190 3296 1868 3366; baseline 0.005 -23"><span class='ocrx_word' id='word_1_281' title='bbox 190 3299 295 3344; x_wconf 87' lang='lat' dir='ltr'><strong>tate</strong></span> <span class='ocrx_word' id='word_1_282' title='bbox 327 3296 746 3363; x_wconf 90' lang='lat' dir='ltr'><strong>simplicitateque</strong></span> <span class='ocrx_word' id='word_1_283' title='bbox 780 3307 928 3364; x_wconf 89' lang='lat' dir='ltr'><strong>atque</strong></span> <span class='ocrx_word' id='word_1_284' title='bbox 973 3302 1032 3349; x_wconf 89' lang='lat' dir='ltr'><strong>ab</strong></span> <span class='ocrx_word' id='word_1_285' title='bbox 1067 3301 1317 3366; x_wconf 78' lang='lat' dir='ltr'><strong>Euripidis</strong></span> <span class='ocrx_word' id='word_1_286' title='bbox 1351 3303 1635 3366; x_wconf 88' lang='lat' dir='ltr'><strong>diligentia,</strong></span> <span class='ocrx_word' id='word_1_287' title='bbox 1684 3301 1868 3350; x_wconf 89' lang='lat' dir='ltr'><strong>callidi-</strong></span> 
     </span>
     <span class='ocr_line' id='line_1_39' title="bbox 189 3379 1870 3446; baseline 0.005 -22"><span class='ocrx_word' id='word_1_288' title='bbox 189 3381 294 3424; x_wconf 88' lang='lat' dir='ltr'><strong>tate</strong></span> <span class='ocrx_word' id='word_1_289' title='bbox 328 3382 380 3425; x_wconf 89' lang='lat' dir='ltr'><strong>et</strong></span> <span class='ocrx_word' id='word_1_290' title='bbox 413 3379 619 3429; x_wconf 88' lang='lat' dir='ltr'><strong>scientia</strong></span> <span class='ocrx_word' id='word_1_291' title='bbox 654 3380 812 3442; x_wconf 87' lang='lat' dir='ltr'><strong>civili,</strong></span> <span class='ocrx_word' id='word_1_292' title='bbox 859 3382 950 3429; x_wconf 86' lang='lat' dir='ltr'><strong>sed</strong></span> <span class='ocrx_word' id='word_1_293' title='bbox 984 3382 1246 3432; x_wconf 87' lang='lat' dir='ltr'><strong>ostendere</strong></span> <span class='ocrx_word' id='word_1_294' title='bbox 1281 3399 1502 3433; x_wconf 86' lang='lat' dir='ltr'><strong>severam</strong></span> <span class='ocrx_word' id='word_1_295' title='bbox 1539 3381 1782 3446; x_wconf 86' lang='lat' dir='ltr'><strong>quandam</strong></span> <span class='ocrx_word' id='word_1_296' title='bbox 1817 3386 1870 3432; x_wconf 87' lang='lat' dir='ltr'><strong>et</strong></span> 
     </span>
     <span class='ocr_line' id='line_1_40' title="bbox 166 3457 1869 3527; baseline 0.005 -23"><span class='ocrx_word' id='word_1_297' title='bbox 166 3457 498 3522; x_wconf 55' lang='lat' dir='ltr'><strong>⁴magnificam</strong></span> <span class='ocrx_word' id='word_1_298' title='bbox 531 3461 736 3524; x_wconf 87' lang='lat' dir='ltr'><strong>poesin,</strong></span> <span class='ocrx_word' id='word_1_299' title='bbox 786 3461 979 3526; x_wconf 84' lang='lat' dir='ltr'><strong>dignam</strong></span> <span class='ocrx_word' id='word_1_300' title='bbox 1024 3463 1279 3527; x_wconf 87' lang='lat' dir='ltr'><strong>tragoedia</strong></span> <span class='ocrx_word' id='word_1_301' title='bbox 1313 3480 1371 3514; x_wconf 87' lang='lat' dir='ltr'><strong>ac</strong></span> <span class='ocrx_word' id='word_1_302' title='bbox 1405 3463 1668 3524; x_wconf 88' lang='lat' dir='ltr'><strong>decoram,</strong></span> <span class='ocrx_word' id='word_1_303' title='bbox 1718 3467 1773 3512; x_wconf 87' lang='lat' dir='ltr'><strong>ut</strong></span> <span class='ocrx_word' id='word_1_304' title='bbox 1806 3462 1869 3514; x_wconf 86' lang='lat' dir='ltr'><strong>sit</strong></span> 
     </span>
    </p>
   </div>
  </div>
 </body>
</html>
