2176 3874
887 261 1012 318 419

116 396 278 462 dinem
312 410 480 476 parari
514 409 741 475 potuisse
766 407 1082 458 manifestum
1105 408 1549 474 esu-maximeque
1581 413 1796 465 omnium

116 491 488 557 disciplinarum
522 491 620 539 hoc
653 489 910 556 proprium
944 493 1052 536 erat
1084 488 1145 550 ei,
1182 504 1307 553 quae
1330 495 1477 540 cantu
1501 491 1798 559 fidibusque,

117 573 260 636 quasi
295 571 504 636 quadam
531 570 878 629 incantatione,
911 567 1100 616 animos
1135 571 1553 632 aperturbatione
1579 574 1641 622 ad
1662 579 1796 624 tran-

116 652 407 717 quillitatem
450 651 742 700 traducebat
787 652 840 697 et
883 648 934 696 in
983 647 1216 696 sedandis
1264 650 1537 700 animorum
1582 655 1798 705 motibus

115 730 480 781 studiosissime
514 730 809 780 elaborabat.
876 726 1035 776 Recte
1078 727 1230 793 igitur
1260 728 1689 796 Pythagoreorum
1721 735 1799 785 fa-

114 811 279 861 miliae
311 809 676 860 adolescentem
711 812 882 859 nos'ter
914 806 1185 870 adscripsit
1229 813 1281 856 et
1323 808 1455 859 inter
1486 813 1652 862 studia
1692 816 1798 866 eius

116 891 257 956 lyrae
286 891 629 940 tractationem
663 888 834 939 retulit
867 886 935 951 (v,
963 884 1151 952 1126),
1187 889 1327 937 cuius
1360 894 1506 939 cantu
1540 893 1686 943 etiam
1721 896 1799 945 fe-

114 987 196 1022 ras
241 971 429 1021 bestias
475 970 727 1020 domuisse
774 967 1008 1032 Orpbeus
1057 973 1300 1018 narratur.
1368 970 1647 1034 Antequam
1697 975 1799 1025 ullo

116 1055 345 1101 uteretur
393 1057 627 1110 auctore,
683 1050 840 1114 ipsius
901 1052 1107 1098 naturae
1155 1049 1379 1099 bonitate
1426 1053 1568 1115 quasi
1612 1053 1799 1105 inscius

114 1131 462 1198 philosophiae
488 1131 702 1179 studium
718 1129 1023 1195 Hippolytus
1049 1127 1271 1179 induisse
1305 1130 1518 1195 fingitur.
1587 1131 1798 1186 Testan-

115 1219 197 1262 tur
229 1212 327 1261 hoc
359 1210 508 1275 verb}
542 1210 681 1259 eius:

243 1287 382 1351 ὄςτις
415 1275 666 1341 διδακτὸν
698 1286 891 1355 μηδὲν,
927 1287 1037 1339 ἀλλ’
1073 1286 1133 1340 ἐν
1165 1294 1231 1356 τῇ
1266 1289 1425 1356 φύσει

244 1369 644 1436 τὸ’σωφρονεῖν
679 1369 881 1436 εἴληχεν
915 1365 969 1429 ἐς
1001 1368 1066 1421 τὰ
1097 1369 1262 1421 πάνθ’
1297 1370 1454 1434 ὁμῶς.

113 1453 422 1505 Hoc.minus
467 1453 743 1502 mirandum
794 1456 904 1515 est,
954 1451 1084 1516 quod
1117 1450 1348 1500 Phaedra
1395 1468 1592 1517 quoque
1636 1456 1799 1522 invita,

112 1535 231 1584 dum
266 1534 545 1598 cupidinem
581 1533 730 1581 animi
761 1532 961 1580 vincere
995 1547 1052 1579 ac
1100 1531 1303 1579 domare
1351 1534 1552 1595 studet,
1596 1535 1646 1585 in
1693 1554 1799 1587 me-

112 1615 221 1664 dios
265 1613 677 1680 pbilosophorum
731 1610 944 1660 circulos
1001 1611 1226 1674 intravit,
1274 1627 1423 1674 quum
1470 1615 1701 1665 castitate
1749 1626 1802 1669 et

112 1693 444 1759 magnitudine
489 1691 639 1741 animi
681 1691 895 1739 maxime
934 1689 1162 1739 excellat.
1230 1690 1491 1757 Hippolyti
1526 1700 1690 1746 autem
1725 1698 1801 1748 in-

113 1774 313 1841 genium
362 1787 628 1836 moresque
671 1770 1092 1835 contemplantes,
1136 1786 1233 1819 non
1281 1786 1547 1836 possumus
1593 1791 1690 1826 non
1736 1779 1801 1829 de

113 1855 224 1918 ipso
268 1853 509 1918 Euripide
544 1851 859 1900 adolescente
893 1849 1127 1913 cogitare,
1163 1856 1216 1899 et
1247 1851 1390 1917 plura
1424 1852 1591 1903 insunt
1622 1858 1671 1905 in
1706 1859 1801 1909 hac

113 1933 383 1999 tragoedia,
418 1947 547 1996 quae
581 1932 802 1980 scribens
838 1936 988 1996 poeta
1022 1931 1099 1979 sui
1135 1932 1285 1980 animi
1320 1932 1680 1986 inclinationem
1715 1956 1800 2005 pa-

112 2031 222 2066 rum
258 2013 450 2063 celasse
482 2011 726 2073 videatur,
763 2010 899 2059 velut
931 2010 1086 2060 haec:

117 2092 119 2094 ’
244 2089 349 2159 ἐγὼ
383 2091 430 2144 δ’
467 2090 679 2157 ἆγῶνας
712 2088 810 2154 μὲν
842 2093 1056 2153 κρατεῖν
1081 2082 1423 2156 Ἑλληνικοὺς

244 2175 456 2240 πρῶτος
487 2171 691 2238 θέλοιμ’
725 2173 820 2232 ἄν,
857 2168 916 2221 ἐν
949 2170 1097 2222 πόλει
1130 2168 1186 2222 δὲ
1220 2170 1463 2238 δεύτερος

249 2249 352 2307 σὺν
384 2255 497 2315 τοῖς
528 2252 761 2317 ἀρίστοις
794 2251 1030 2318 εὐτυχεῖν
1065 2250 1147 2303 ἀεὶ
1180 2251 1380 2318 φίλοις·

246 2334 500 2401 πράσσειν
531 2349 587 2384 τε
619 2331 722 2397 γὰρ
757 2332 1000 2398 πάρεστι,
1035 2332 1290 2393 κίνδυνός
1322 2334 1367 2383 τ’
1403 2332 1558 2386 ἀπὼν

253 2416 476 2483 κρείσσω
510 2412 695 2465 δίδωσι
726 2416 821 2481 τῆς
851 2413 1173 2478 τυραννίδος
1205 2413 1374 2479 χάριν.

115 2499 352 2563 Corporis
397 2497 528 2547 enim
577 2496 916 2545 exercitationi
961 2496 1212 2545 studuisse
1245 2496 1536 2560 Euripidem
1583 2499 1800 2562 tradunt,

116 2585 266 2643 atque
299 2579 443 2628 etiam
478 2576 730 2625 victoriam
778 2591 838 2624 ex
870 2575 1118 2641 pugilatus
1162 2577 1498 2641 pancratiique
1533 2579 1802 2628 certamine

113 2659 361 2708 retulisse.
430 2656 561 2705 Tum
608 2657 740 2722 q'uod
786 2655 1124 2704 austeritatem
1162 2655 1436 2720 Hippolyto
1485 2657 1800 2724 paedagogus

116 2739 382 2805 exprobrat
414 2735 498 2802 (τὸ
533 2734 729 2801 σεμνὸν
760 2731 851 2786 καὶ
882 2734 943 2785 τὸ
977 2731 1048 2800 μὴ
1082 2739 1242 2785 πᾶσιν
1292 2732 1473 2801 φίλον)
1519 2742 1799 2802 monetque,

114 2824 172 2869 ut
194 2818 491 2868 affabilitate
516 2818 722 2882 gratiam
758 2818 850 2866 sibi
885 2816 1150 2865 conciliare
1185 2817 1400 2877 studeat,
1436 2815 1608 2865 eadem
1642 2833 1801 2881 paene

115 2899 279 2948 omnia
311 2898 362 2947 in
395 2898 635 2962 Euripide
671 2896 826 2946 fuisse
859 2896 1165 2959 grammatici
1198 2896 1460 2947 affirmant.

248 2977 592 3027 Retractatum
639 2982 975 3041 argumentum
1011 2977 1071 3025 ab
1107 2975 1345 3041 Euripide
1390 2976 1801 3043 immutatumque

118 3058 335 3123 priorem
367 3058 695 3123 Hippolytum
743 3073 801 3106 ea
833 3056 1046 3105 maxime
1079 3055 1143 3105 de
1177 3072 1350 3105 caussa
1384 3072 1496 3104 esse
1530 3057 1650 3105 mihi
1683 3074 1799 3122 per-

120 3138 335 3200 suadeo,
382 3142 439 3187 ut
472 3139 626 3202 qualis
661 3142 796 3187 esset
829 3137 1052 3186 voluntas
1087 3151 1176 3185 sua
1222 3136 1480 3200 qualisque
1513 3152 1681 3199 mens,
1727 3137 1800 3187 fa-

119 3217 260 3266 cilius
296 3218 356 3267 ab
386 3217 692 3267 auditoribus
712 3217 1099 3282 perspiceretur.
1170 3215 1647 3281 Repraesentaverat
1670 3218 1799 3266 enim

119 3297 173 3346 iu
205 3298 374 3361 priore
406 3297 634 3347 Phaedra
668 3303 720 3347 et
753 3297 804 3347 in
838 3296 1150 3346 Stheneboea
1197 3297 1296 3345 vim
1331 3297 1511 3345 amoris
1545 3300 1683 3345 tanta
1716 3313 1799 3346 ve-

119 3376 297 3438 ritate,
347 3382 404 3426 ut
449 3378 689 3441 quaedam
722 3376 1042 3427 mulierculae
1074 3377 1252 3426 harum
1286 3376 1565 3441 exemplum
1601 3382 1802 3426 secutae

122 3471 179 3506 se
211 3457 350 3522 ipsae
381 3458 735 3510 interficerent.
803 3457 1132 3522 Quamobrem
1156 3472 1334 3523 pravae
1363 3456 1543 3506 mentis
1579 3472 1696 3506 suae
1724 3456 1799 3507 in-

1329 3538 1392 3584 2¹1
1419 3535 1448 3565 *
