2144 3854
919 305 999 360 47

257 455 436 507 Statim
460 456 639 506 deinde
663 450 887 503 Phaedra
920 451 1052 516 apud
1083 449 1322 500 Senecam
1349 451 1529 517 prodit.
1575 451 1800 504 Eandem
1879 469 1896 480 ·

123 552 292 589 rerum
322 538 504 587 seriem
525 533 819 600 Euripideae
851 531 1051 580 fabulae
1083 529 1242 579 fuisse
1268 531 1384 596 quin
1407 537 1692 596 statuamus,
1731 535 1799 583 nil

123 618 342 684 impedit.
409 617 600 667 Rursus
645 613 776 662 enim
819 613 967 662 verba
1009 612 1269 675 utriusque
1301 618 1477 676 poetae
1510 622 1797 680 congruunt.

123 699 266 764 Apud
300 697 436 748 illum
470 696 599 745 enim
634 693 890 742 Phaedrae
922 691 1214 758 prodeuntis
1246 691 1371 740 haec
1405 699 1519 742 sunt
1554 699 1726 746 verba:

254 776 462 840 „Aude‚
500 775 704 824 anime!
736 775 926 822 tenta!
957 788 1156 838 perage
1189 771 1496 822 mandatum
1528 780 1707 826 tuum!

257 855 533 923 Intrepida
568 859 800 905 constent
831 853 1022 903 verba:
1058 853 1147 920 qui
1179 852 1364 902 timide
1396 862 1565 918 rogat,

254 939 420 988 Docet
452 952 669 1002 negare.
741 933 944 999 Magna
973 949 1101 1000 pars
1134 933 1343 982 sceleris
1374 936 1481 983 mei

255 1019 388 1068 Olim
414 1022 638 1084 peracta
673 1022 782 1064 est:
816 1031 962 1064 serus
995 1019 1072 1063 est
1105 1013 1248 1062 nobis
1274 1014 1469 1080 pudor.

251 1099 555 1148 Amavimus
586 1095 853 1162 nefanda:
887 1096 934 1143 si
969 1100 1153 1161 coepta
1188 1110 1452 1163 exsequor,

223 1178 456 1247 &Forsan
488 1178 660 1244 iugali
694 1178 888 1226 crimen
922 1174 1230 1225 abscondam
1249 1177 1398 1240 face.

251 1258 491 1310 Honesta
524 1255 781 1325 quaedam
813 1257 1015 1306 scelera
1047 1272 1310 1305 successus
1328 1258 1522 1320 facit.'‘

117 1341 263 1407 Apud
295 1339 585 1404 Euripidem
620 1337 778 1387 multo
814 1338 960 1386 etiam
991 1336 1228 1386 audacior
1259 1343 1336 1386 est
1369 1339 1612 1403 simulque
1643 1340 1803 1405 philo-

117 1421 338 1488 sophicis
371 1417 672 1485 argumentis
707 1418 895 1467 crimen
929 1417 1172 1479 defendit,
1205 1418 1392 1468 haecce
1423 1419 1627 1470 dicens:

247 1498 412 1567 ἔγωγέ
446 1516 582 1566 φημι
616 1495 707 1549 καὶ
737 1497 911 1562 νόμον
941 1514 1002 1564 γε
1034 1495 1106 1564 μὴ
1142 1495 1315 1564 σέβειν

247 1580 308 1633 ἐν
340 1582 478 1632 τοῖσι
512 1579 708 1639 δεινοῖς
737 1580 846 1630 τῶν
881 1577 1188 1644 ἀναγκαίων
1220 1577 1398 1633 πλέον.

116 1663 195 1712 En
229 1663 576 1711 documentum
609 1662 904 1711 temeritatis
936 1661 1220 1721 hominum,
1255 1662 1319 1710 ad
1354 1662 1629 1727 spernenda
1660 1663 1801 1712 insti-

115 1748 224 1793 tuta
256 1743 494 1791 maiorum
539 1757 597 1790 ac
623 1741 888 1806 polluenda
919 1742 1028 1790 iura
1062 1742 1221 1790 divina
1252 1742 1564 1808 humanaque
1597 1744 1801 1793 abuten-

116 1824 236 1872 tium
269 1821 613 1889 philosophia!
680 1821 842 1885 Magis
877 1821 1154 1885 perniciosa
1187 1827 1303 1871 sunt
1335 1839 1461 1887 quae
1494 1824 1653 1874 addit:

247 1900 316 1953 οὐ
347 1898 452 1968 γὰρ
485 1893 598 1951 κατ’
630 1899 903 1965 εὐσέβειαν
935 1898 993 1950 αἱ
1021 1901 1241 1966 θνητῶν
1272 1900 1440 1969 τύχαι,

243 1981 576 2050 τολμήμασιν
609 1979 667 2033 δὲ
698 1979 789 2034 καὶ
819 1981 989 2049 χερῶν
1022 1980 1344 2048 ὑπερβολαῖς

244 2060 509 2117 ἅλίσκεταί
542 2080 596 2114 τε
629 2062 804 2114 πάντα
835 2061 927 2115 καὶ
958 2063 1257 2129 θηρεύεται.

243 2138 342 2212 ἔχω
376 2142 435 2196 δὲ
467 2144 660 2211 τόλμης
693 2143 784 2196 καὶ
815 2143 1061 2211 θράσους
1094 2144 1420 2198 διδάσκαλον

243 2223 304 2278 ἐν
335 2229 450 2287 τοῖς
481 2225 834 2293 ἄμηχοῖνοισιν
865 2225 1240 2295 εὐπορώτατον

227 2300 459 2373 ΜΕρωτα,
491 2306 711 2359 πάντων
744 2307 1157 2374 δυςμαχώτατον
1188 2308 1321 2360 θεόν
1344 2308 1412 2376 *).
1472 2312 1482 2319 ‘

114 2387 318 2440 Vestitu
350 2390 710 2439 Amazonarum
744 2391 964 2440 indutam
997 2392 1231 2457 prodisse
1284 2407 1346 2440 ex
1397 2391 1575 2440 eodem
1609 2389 1800 2442 Seneca

113 2467 180 2533 (v.
214 2470 312 2518 391
345 2468 504 2536 seqq.)
542 2470 720 2537 colligo
739 2488 754 2519 ι

246 2549 434 2611 „Talis
464 2550 635 2598 severi
667 2556 836 2599 mater
869 2550 1149 2618 Hippolyti
1168 2553 1284 2617 suit
1303 2568 1322 2601 .·

244 2656 310 2665 —
340 2630 467 2679 talis
498 2630 553 2678 in
585 2630 744 2679 silvas
763 2632 921 2695 ferar
937 2630 989 2681 !”
1032 2687 1036 2690 Δ

112 2725 225 2760 cum
259 2725 358 2774 quo
393 2710 647 2775 conspirat
682 2710 886 2759 Ovidius
919 2716 966 2762 v.
1003 2713 1128 2760 103:

241 2789 406 2857 „Ipsa
440 2807 606 2840 comes
639 2791 861 2852 veniam,
897 2807 993 2841 nec
1027 2809 1110 2841 me
1141 2791 1404 2841 salebrosa
1437 2793 1708 2843 movebunt

377 2869 549 2931 Saxa,
584 2888 684 2922 nec
719 2872 923 2939 obliquo
958 2871 1116 2937 dente
1147 2872 1407 2922 timendus
1442 2871 1626 2940 aper.''

111 2951 273 3015 quem
307 2949 489 3001 deinde
521 2967 800 3002 sermonem
835 2954 967 3018 apud
1000 2953 1240 3004 Senecam
1275 2953 1500 3003 Phaedra
1534 2970 1647 3004 cum
1673 2955 1798 3020 Hip-

111 3030 284 3097 polyto
317 3033 561 3095 conserit,
597 3033 756 3084 multo
788 3035 1045 3084 venustior
1079 3039 1179 3099 est,
1227 3051 1373 3100 quam
1408 3050 1556 3099 quem
1588 3036 1687 3085 iste
1718 3036 1798 3085 in-

110 3113 277 3162 venire
319 3114 558 3178 potuerit.
654 3114 879 3164 Primum
927 3131 1042 3166 esse
1092 3116 1215 3165 dicit
1266 3132 1392 3181 quae
1437 3122 1635 3167 secreto
1684 3132 1797 3166 cum

110 3191 428 3243 adolescente
459 3195 781 3259 colioquatur.
849 3195 1144 3262 Respondet
1174 3197 1286 3246 hic:

245 3272 561 3332 „Committe
595 3291 750 3326 curas
784 3275 1009 3339 auribus,
1044 3283 1230 3340 mater,
1265 3275 1444 3326 meis-’²

109 3350 239 3403 Tum
273 3353 385 3404 illa:

245 3432 478 3495 „Matris
509 3436 783 3502 superbum
817 3443 895 3487 est
928 3454 1114 3488 nomen
1148 3445 1200 3489 et
1231 3440 1448 3489 nimium
1475 3444 1697 3506 potens:

251 3513 342 3563 Me
372 3515 457 3564 vel
487 3533 728 3580 sororem,
763 3518 1070 3586 Hippolyte,
1105 3521 1188 3569 vel
1219 3522 1485 3586 famulam
1521 3536 1650 3570 voca
1700 3523 1794 3568 etc.

165 3641 204 3694 ⁸)
235 3641 348 3685 Tria
377 3642 631 3700 fragmenta
664 3646 720 3699 (Ι,
754 3647 796 3688 II
826 3651 870 3690 et
900 3647 987 3700 ΠΙ)
1019 3647 1289 3691 continuavi.
