2176 3874
923 282 1048 340 439

149 446 396 497 sonasque
429 445 539 480 cum
573 430 803 494 gravibus
837 428 1008 479 eadem
1044 431 1234 479 ratione
1253 468 1266 490 ‚
1300 446 1397 494 qua
1429 433 1595 495 graeci
1626 438 1822 498 poetae,

147 512 361 561 miscuit.
429 510 663 560 Ceterum
687 510 767 559 his
801 508 928 558 adde
953 525 1077 572 quae
1101 511 1165 559 de
1187 511 1360 560 eadem
1376 527 1433 560 re
1457 526 1604 578 supra
1628 530 1680 578 p.
1706 517 1822 564 230.

146 591 493 642 disseruimus.

267 670 346 720 Ad
367 670 596 735 Cyclopis
630 669 847 719 fabulam
878 667 1047 716 redeo.
1117 667 1244 717 Sunt
1276 671 1426 734 satyri
1459 676 1682 735 agrestes
1713 674 1823 737 qui-

147 751 262 800 dem
297 750 526 812 ferique,
564 749 651 799 sed
687 765 786 798 non
816 746 962 796 trivio
996 748 1224 811 concepti
1259 753 1309 797 et
1343 749 1538 799 educati
1573 756 1822 816 stercore3

144 834 261 879 sunt
291 829 436 890 nudi,
472 829 562 878 sed
597 845 695 879 non
730 826 866 877 foedi
911 827 1269 890 obscoenique,
1318 830 1567 893 protervi,
1601 833 1691 881 sed
1723 838 1823 883 nou

143 909 388 973 flagitiosi,
423 913 481 958 ut
514 925 610 959 non
643 909 710 957 sit
741 904 1046 963 mirandum,
1083 907 1213 970 quod
1250 907 1319 955 dii
1352 907 1633 973 heroesque
1666 913 1820 963 inter-

141 989 259 1038 dum
294 1004 466 1039 eorum
500 989 808 1039 delectentur
843 986 1214 1035 consuetudine.
1282 985 1464 1036 Verbis
1512 994 1719 1041 utuntur
1728 994 1822 1060 jni

143 1069 342 1132 quidem
378 1069 535 1118 minus
569 1065 873 1133 splendidi8‚
922 1065 1011 1115 sed
1055 1082 1154 1115 non
1186 1067 1332 1131 plane
1365 1068 1595 1119 tenuibus
1626 1071 1820 1121 inorna-

143 1148 324 1212 tisque.
391 1148 560 1212 Itaque
593 1147 729 1212 digni
762 1145 992 1207 fuerunt,
1030 1147 1208 1210 quibus
1244 1148 1389 1196 etiam
1425 1150 1646 1218 carmina*
1671 1168 1820 1215 quae-

143 1228 256 1277 dam
281 1228 504 1295 graviora
529 1226 748 1276 canenda
770 1226 1096 1276 deferrentur.
1165 1225 1374 1276 Omnino
1406 1233 1567 1278 autem
1589 1230 1820 1282 incolumi

140 1308 377 1372 gravitate
393 1308 556 1356 iocum
590 1307 798 1356 tentavit
824 1307 1107 1371 EuripideS‚
1141 1313 1194 1357 et
1225 1308 1466 1373 imprimis
1498 1325 1674 1374 magna
1707 1327 1818 1361 cum

141 1386 354 1437 utilitate
389 1386 605 1451 Cyclops
642 1387 793 1435 animi
841 1388 916 1435 sui
963 1403 1107 1437 sensa
1141 1389 1336 1437 theatro
1372 1389 1588 1453 exponit.
1657 1386 1818 1452 Quem

140 1481 237 1516 non
286 1466 473 1532 pudeat
516 1466 668 1530 impie
712 1468 1036 1530 cogitatorum
1083 1472 1458 1532 spretorumque
1502 1469 1736 1532 deorum,
1777 1471 1819 1520 si

139 1546 313 1596 eadem
346 1561 403 1595 se
434 1551 583 1610 atque
616 1545 972 1612 Polyphemum
1006 1548 1192 1598 sentire
1223 1548 1500 1614 intelligat?

932 1850 1022 1919 X.

275 1970 415 2039 De
486 1970 979 2040 canticis
1053 1971 1677 2065 Euripidis

279 2210 431 2260 Aetas
465 2210 552 2259 illa
582 2209 914 2259 novandarum
948 2224 1116 2258 rerum
1150 2210 1595 2274 mutandorumque
1618 2211 1815 2260 institu-

137 2298 302 2342 torum
334 2291 610 2360 priscorum
645 2287 1009 2337 studiosissima
1054 2304 1117 2339 ne
1162 2290 1363 2338 musicis
1413 2289 1611 2354 quidem
1656 2291 1818 2340 modis

138 2371 456 2432 numerisque
489 2368 744 2416 abstinuit.
812 2367 1015 2415 Exstitit
1047 2370 1175 2417 enim
1198 2370 1340 2431 quasi
1362 2369 1674 2434 Anaxagoras
1708 2370 1817 2434 qui-

141 2451 255 2500 dam
288 2448 578 2500 melicorum
607 2445 920 2508 TimotheuS‚
954 2448 1038 2510 qui
1070 2463 1213 2497 suum
1247 2448 1455 2497 novandi
1488 2448 1705 2498 studium
1738 2448 1819 2498 his

139 2531 299 2582 verbis
333 2526 660 2595 praedicavit:

404 2605 504 2658 οὐκ
538 2603 697 2654 ἀείδω
730 2601 796 2653 τὰ
827 2605 1025 2655 παλαιοί
1044 2617 1056 2630 ·

404 2683 565 2739 καινὰ
595 2682 699 2750 γὰρ
733 2681 842 2749 ἅμα
874 2684 1113 2750 κρείσσω.

400 2765 523 2826 νέος
556 2763 586 2816 ὁ
623 2757 759 2824 Ζεὺς
787 2764 1064 2828 βασιλεύει,

402 2845 463 2898 τὸ
497 2844 724 2897 παλαιὸν
758 2843 806 2894 δ’
841 2838 911 2910 ἦν
946 2845 1160 2910 Κρόνος
1193 2847 1396 2911 ἄρχων·

402 2926 570 2979 ἀπίτω
606 2928 782 2991 μοῦσα
813 2926 1011 2976 παλαιά
1044 2926 1111 2990 *).

142 3009 411 3061 Audiamus
445 3010 510 3059 de
541 3009 636 3058 hac
670 3023 726 3055 re
743 3006 1059 3055 Plutarchum
1095 3007 1143 3055 in
1178 3006 1319 3067 libro,
1354 3021 1500 3070 quem
1536 3004 1599 3052 de
1631 3003 1816 3052 musica

141 3089 344 3155 scripsit
376 3093 719 3154 exponentem.
769 3085 824 3135 C.
858 3089 919 3134 6:
955 3086 1203 3148 „Omnino
1238 3086 1453 3136 citharae
1487 3089 1656 3133 cantus
1689 3083 1815 3132 Ter-

197 3240 249 3295 *)
277 3240 348 3283 Cf.
377 3238 558 3284 Suidas:
600 3238 685 3295 τὴν
724 3235 920 3295 δεκάτην
955 3238 1034 3283 καὶ
1073 3237 1316 3295 ἑνδεκάτην
1352 3236 1523 3297 χορδὴν
1560 3236 1816 3297 προςέθηκε

282 3309 364 3354 noel
391 3306 477 3366 τὴν
508 3307 704 3368 ἀρχαίαν
740 3307 963 3366 μουσικὴν
1000 3308 1072 3354 ἐπὶ
1110 3307 1163 3354 τὸ
1191 3308 1513 3366 μαλακώτερον
1540 3307 1813 3365 μετήγαγεν·

281 3371 343 3435 ἤν
370 3378 421 3424 δὲ
450 3379 525 3424 ἐπὶ
546 3378 904 3437 τῶνΕὔριπίδου
933 3379 1109 3437 χρόνων
1136 3381 1221 3424 τοῦ
1250 3381 1483 3439 τραγικοῦ,
1505 3376 1614 3424 καθ’
1636 3373 1717 3431 οὓς
1736 3376 1816 3423 καὶ

288 3449 511 3502 Φίλιππος
538 3449 565 3495 ὁ
595 3450 826 3496 Μακεδών
854 3450 1081 3505 ἐβασίλευε
1109 3454 1200 3496 κτλ.
