2144 3854
895 263 1017 324 189

117 414 290 466 matris
323 414 480 464 furias
514 429 628 464 esse
661 428 820 478 neque
851 412 1062 478 amplius
1093 415 1440 478 persecuturas
1459 415 1657 462 nactum
1681 418 1790 461 eam

115 502 317 557 terram,
352 511 478 559 quae
519 495 781 544 novissima
813 496 926 541 nata
960 497 1112 552 esset,
1147 508 1177 541 e
1209 492 1330 541 mari
1365 508 1637 557 emergens.
1689 492 1791 542 Na-

117 581 228 625 ctus
262 575 413 641 igitur
447 574 654 625 Acheloi
688 570 927 637 quandam
959 571 1299 629 adluvionem‚
1332 573 1399 621 ibi
1432 573 1671 622 habitavit
1702 572 1794 622 du-

117 656 288 720 xitque
319 655 369 704 in
404 654 766 703 matrimonium
801 650 1008 699 Acheloi
1042 651 1197 698 filiam
1232 650 1537 701 Callirrhoen
1558 652 1626 717 *).
1670 652 1795 702 Mox

118 741 286 785 antem
334 733 632 794 Callirrhoe,
675 732 858 780 misera
903 731 1138 794 cupidine
1181 731 1376 780 monilis
1418 733 1660 797 'peplique
1703 733 1794 782 ha-

118 815 264 863 bendi
297 814 535 880 flagrans,
583 811 780 877 negavit
834 825 890 858 se
925 826 1038 859 cum
1073 810 1368 860 Alcmaeone
1402 812 1668 875 coitur-am,
1702 813 1796 869 nisi

116 892 386 959 Eriphyles
418 893 687 948 mundum,
730 891 792 939 ab
826 889 1158 954 Alphesiboea
1186 891 1482 955 repetitum,
1523 892 1618 940 sibi
1664 897 1794 942 attu-

115 972 275 1022 lisset.
342 973 737 1022 Consentaneum
763 976 840 1019 est
861 971 1008 1018 etiam
1032 969 1180 1019 domo
1195 971 1393 1035 pulsum
1417 986 1531 1020 esse
1559 971 1796 1023 Alcmae-

117 1067 262 1102 onem
310 1053 371 1101 ab
412 1052 662 1112 Acheloo,
710 1051 781 1099 ita
825 1056 882 1099 ut
931 1049 1193 1100 durissima
1246 1051 1549 1101 necessitate
1593 1059 1792 1103 coactus

116 1131 419 1197 Psophidem
452 1133 515 1181 ad
546 1131 781 1180 mundum
817 1130 1143 1194 repetendum
1174 1130 1360 1180 rediret
1374 1130 1477 1195 st).

247 1212 388 1262 Haec
430 1211 683 1278 prooemio
726 1212 786 1260 ab
833 1211 1133 1260 Alcmaeone
1174 1211 1311 1276 ipso,
1362 1210 1664 1276 Psophidem
1714 1229 1794 1264 re-

113 1307 275 1351 verso,
320 1293 514 1342 theatro
548 1291 776 1355 exposita
808 1307 921 1340 esse
968 1287 1268 1357 fragmenta
1292 1295 1550 1342 testantur.
1616 1292 1796 1345 Matris

114 1388 288 1423 necem
320 1366 726 1434 commemorem,
759 1371 917 1436 patris
949 1372 1192 1421 mandatis
1224 1371 1468 1436 minisque
1490 1372 1687 1424 facinus<
1710 1391 1793 1425 ex-

115 1458 284 1503 cusat:

246 1530 445 1598 μητέρα
476 1529 734 1583 κατέκταν
764 1529 864 1599 τὴν
896 1528 1044 1599 ἐμήν,
1077 1524 1276 1599 βραχὺς
1307 1531 1482 1598 λόγος,

246 1608 383 1664 έκὼν
414 1608 645 1664 ἑκοῦσαν
675 1610 710 1678 ἢ
746 1612 813 1664 οὐ
843 1612 1112 1665 θέλουσαν
1144 1613 1242 1680 οὐχ
1274 1608 1425 1667 ἑκών.

244 1772 466 1839 μάλιστα
498 1771 597 1838 μέν
627 1776 680 1838 μ’
716 1770 866 1841 έπῆρ’
901 1769 1190 1840 ἐπισκήψας
1222 1774 1395 1841 πατήρ
1419 1774 1552 1838 **⁴‘)‚

171 1902 176 1906 .
247 1851 337 1905 ὅθ’
370 1851 558 1920 ἅρματ’
591 1852 875 1920 εἰςέβαινεν
907 1853 980 1915 εἰς
1015 1855 1194 1922 Θήβας
1227 1853 1325 1906 ἰών

249 2011 497 2066 α’τεκνίαν
540 2043 607 2052 —-—
648 2044 712 2053 —
747 2017 845 2083 γῆς
875 2018 921 2068 τ’
956 2014 1225 2081 ἀκαρπίαν

244 2093 409 2160 ἆρᾶτο
436 2096 598 2161 **⁴‘'‘).

113 2176 192 2228 Ad
238 2175 580 2227 lustrationem
627 2193 719 2241 per
776 2177 1028 2244 Phegeum
1082 2179 1263 2229 factam
1316 2177 1603 2229 referuntur
1645 2178 1796 2229 verba

110 2257 327 2307 haecce:

245 2365 309 2374 —
377 2365 439 2374 -—
508 2329 639 2402 αἷμα
670 2335 771 2404 γὰρ
806 2336 866 2389 τὸ
900 2336 1123 2405 μητέρος

245 2414 522 2478 α’πενίψαθ
546 2421 605 2483 †)
674 2447 736 2457 —-
803 2445 870 2458 .-
935 2447 999 2457 —

174 2543 225 2598 ³⁸²)
255 2544 322 2586 Cf.
350 2545 555 2599 Thucyd.
586 2545 644 2595 11,
674 2544 772 2588 102.
816 2546 1046 2589 Plutarch.
1076 2547 1182 2588 Exs.
1210 2560 1253 2600 p.
1284 2545 1391 2588 602:
1430 2542 1456 2590 ὁ
1487 2543 1528 2590 δ’
1554 2543 1796 2603 Ἀλκμαίων

257 2611 359 2658 univ
386 2616 591 2670 νεοπαγῆ
619 2616 702 2658 τοῦ
730 2610 943 2671 Ἀχελῷον
978 2614 1350 2673 προςχωννύντος
1386 2615 1630 2673 ἐνῴκησεν,
1676 2617 1797 2662 ὐπο-

258 2681 441 2741 φεύγων
469 2683 552 2736 τὰς
574 2679 854 2740 Εὐμενίδας,
885 2683 955 2736 αἱς
992 2686 1045 2729 οὶ
1083 2686 1327 2742 ποιηταὶ
1357 2685 1644 2741 λέγουσιν.
1700 2691 1796 2731 Ex-

254 2755 398 2811 piavit
425 2742 651 2798 Achelous
675 2757 761 2797 hoc
786 2757 898 2811 ipso,
928 2757 1042 2810 quod
1059 2756 1175 2799 intra
1199 2771 1416 2813 aquarum
1437 2771 1619 2800 suarum
1638 2758 1797 2802 fluctus

251 2827 529 2881 humumque
558 2826 797 2870 adluvione
824 2832 978 2870 natam
1005 2827 1192 2883 recepit3
1224 2829 1281 2872 cf.
1312 2829 1443 2875 Ovid.
1461 2829 1570 2871 Met.
1596 2829 1674 2885 lx,
1694 2827 1794 2874 413.

151 2898 226 2953 W)
254 2898 446 2942 Pausan.
465 2899 494 2940 l.
516 2899 547 2940 l.
565 2893 751 2940 ἄκοντα.

114 2968 230 3023 ***)
259 2968 327 3010 Διὶ
346 2969 467 3010 hunc
488 2983 667 3010 versum
687 2970 882 3024 respexit
902 2969 1122 3024 Aristoph.
1150 2967 1264 3011 Nub.
1286 2965 1355 3010 43.

118 3040 228 3095 ****)
259 3038 411 3081 Schol.
451 3039 509 3081 ad
546 3038 726 3082 Aristot.
768 3041 871 3082 Eth.
910 3040 1000 3094 111,
1033 3039 1072 3095 l,
1099 3038 1150 3082 8:
1193 3038 1270 3082 καὶ
1299 3039 1794 3097 καταρασομὲνον

256 3106 419 3159 αὐτοῦ,
441 3108 560 3163 εἰμὴ
588 3106 846 3166 ἀποκτείνῃ,
869 3106 1232 3167 οἷκαρπίαντε
1260 3110 1358 3165 γῆς
1379 3109 1472 3154 καὶ
1502 3106 1793 3156 ἀτεκνίαν.

169 3180 225 3235 'D
255 3179 332 3223 Sic
369 3180 644 3222 emendanda
677 3181 880 3223 videntur
915 3193 1030 3235 quae
1068 3180 1114 3222 in
1142 3179 1336 3223 Bekkeri
1362 3181 1522 3224 Anecd.
1553 3183 1608 3226 Τ.
1638 3182 1718 3225 111.
1748 3198 1794 3238 p.

252 3247 352 3291 194.
382 3250 614 3306 leguntur:

363 3317 479 3375 αἷμα
504 3319 591 3377 γὰρ
620 3320 780 3375 (φησὶ)
809 3318 889 3364 σὸν
916 3319 1062 3377 μήτηρ
1092 3317 1372 3376 ἀπενίψατο,
1402 3321 1552 3365 addita
1577 3322 1794 3376 interpre-

255 3389 440 3435 tatione:
478 3388 684 3436 τουτέστι
721 3388 946 3449 καθάρσει
982 3388 1074 3436 τινὶ
1100 3389 1183 3435 τὸν
1207 3391 1291 3448 τῆς
1323 3391 1651 3449 μητροκτονίας
1678 3389 1794 3435 α’πε-

255 3460 423 3514 νὶψατο
451 3460 697 3516 μολυσμὸν.
755 3462 823 3507 Cf.
851 3461 1022 3506 Welck.
1053 3475 1097 3517 1».
1127 3460 1223 3506 577.
1254 3466 1299 3507 et
1326 3461 1450 3506 159⁰.
