2144 3854
940 237 1061 295 217

153 389 303 440 domo
349 385 622 455 prodieusff
662 388 718 436 ut
760 385 813 435 in
853 401 950 450 qua
992 384 1042 434 ei
1081 383 1284 435 funesta
1327 383 1508 434 morari
1538 399 1638 435 non
1668 383 1836 447 liceat,

153 475 209 520 et
243 468 574 520 calamitatem
607 466 738 531 regis
772 465 964 531 optimi,
999 464 1144 514 amici
1170 464 1530 523 humanissimi,
1565 465 1704 516 cuius
1728 467 1836 532 pie-

153 556 259 601 tate
292 542 466 600 mutua
498 561 849 614 generosorum
884 544 1154 594 amicorum
1187 546 1428 595 beneficia
1463 547 1689 596 certatim
1721 561 1839 612 pro-

154 636 418 691 vocantur,
466 644 563 678 non
612 629 718 678 sine
765 625 940 675 dolore
981 625 1267 674 ostendens·
1335 625 1449 674 Tali
1495 627 1647 692 igitur
1678 626 1838 675 amico

154 726 308 775 quum
340 709 523 775 privari
558 724 614 757 se
646 706 842 772 Apollo,
880 706 1167 754 servitutem
1203 704 1335 769 apud
1369 706 1507 755 illum
1529 707 1683 772 patris
1702 707 1839 756 iussu

154 790 413 848 servienS,‚
429 805 526 839 non
552 784 885 846 sustinuisset,
920 801 1173 851 quumque
1201 785 1334 835 diem
1359 786 1406 834 ei
1430 786 1635 835 fatalem
1656 803 1838 852 appro-

153 870 398 936 pinquare
432 867 682 918 divinandi
714 866 968 928 facultate,
1004 882 1100 931 qua
1131 866 1303 931 pollet,
1338 867 1690 931 praevidisset,
1724 867 1840 916 dolo

151 949 336 999 Parcas
372 949 584 1015 decepit,
621 964 741 1014 quas
776 951 969 996 constat
987 962 1150 1011 neque
1183 948 1230 996 vi
1264 946 1376 1013 cogi
1406 962 1571 1011 neque
1605 946 1840 1012 precibus

151 1030 334 1080 molliri
371 1045 550 1097 posse,
586 1029 968 1094 impetravitque
1000 1030 1060 1077 ab
1096 1027 1157 1076 iis
1192 1027 1378 1089 invitiS,
1414 1031 1470 1077 ut
1503 1025 1764 1089 AdmetuS,
1801 1027 1843 1076 ni

154 1110 267 1173 quis
301 1126 394 1176 pro
427 1126 488 1159 eo
522 1110 648 1160 alius
684 1109 831 1158 morti
866 1124 922 1157 se
956 1107 1238 1168 obtulisset,
1272 1108 1384 1173 ipse
1418 1108 1761 1158 exsolveretur
1784 1122 1842 1156 ac

151 1189 347 1254 longius
380 1190 532 1240 vitam
569 1192 615 1240 ei
647 1189 926 1257 producere
959 1188 1152 1241 liceret.
1221 1189 1399 1239 Decuit
1432 1193 1596 1237 autem
1631 1194 1717 1238 aut
1747 1204 1844 1254 pa·

150 1273 282 1320 trem
316 1276 402 1321 aut
433 1276 670 1332 matrem,
718 1271 897 1335 quibus
930 1275 981 1319 et
1012 1286 1218 1335 parvum
1250 1271 1378 1319 vitae
1412 1269 1629 1335 spatium
1662 1284 1844 1334 super-

151 1356 306 1414 esset,
342 1367 506 1417 neque
541 1352 810 1416 quidquam
844 1350 1108 1416 praesidii,
1144 1352 1346 1417 privatis
1381 1351 1489 1399 filio
1523 1351 1725 1411 iuvene,
1759 1365 1843 1399 re-

150 1431 489 1496 linqueretur,
537 1438 748 1482 mortem
782 1448 875 1498 pro
910 1433 1006 1481 hoc
1039 1431 1171 1481 haud
1206 1435 1498 1480 cunctanter
1531 1431 1684 1482 obire.
1750 1429 1845 1480 His

152 1527 272 1560 vero
317 1514 697 1575 recusantibus,
748 1513 948 1563 Admeti
988 1528 1138 1574 uxor,
1188 1513 1315 1561 flore
1357 1511 1624 1562 iuventutis
1657 1510 1846 1575 vigenS,

156 1608 246 1641 sua
277 1598 438 1642 morte
473 1594 699 1658 coniugis
733 1593 884 1642 vitam
918 1593 1165 1643 redimere
1201 1591 1472 1642 constituit.
1539 1591 1725 1640 Uxoris
1757 1607 1846 1641 au-

155 1680 258 1722 tem
293 1688 428 1722 mors
461 1673 645 1722 vicaria
679 1673 796 1737 quin
831 1673 1084 1738 probanda
1116 1672 1272 1722 fuerit
1305 1689 1364 1722 ac
1396 1672 1640 1722 redemtio
1673 1671 1847 1722 luben·

154 1754 349 1802 tissime
383 1754 670 1818 accipienda
721 1754 963 1814 Admeto,
1023 1758 1077 1803 et
1122 1754 1230 1817 regi
1276 1757 1328 1802 et
1374 1752 1750 1819 patrifamilias,
1795 1752 1848 1802 in

155 1834 294 1882 cuius
328 1833 472 1883 unius
509 1834 669 1893 salute
704 1839 757 1883 et
790 1833 1104 1899 popularium
1155 1840 1208 1883 et
1242 1834 1514 1884 liberorum
1548 1833 1682 1883 salus
1715 1832 1847 1882 nite-

154 1920 310 1974 retur,
345 1929 491 1963 nemo
526 1914 754 1964 dubitare
790 1920 985 1979 potest,
1033 1914 1131 1963 nisi
1174 1914 1258 1978 qui
1305 1913 1474 1963 officia
1525 1929 1848 1979 personarum

155 1994 442 2043 discernere
485 1994 676 2059 nequit.
746 1994 983 2043 Ceterum
1029 1999 1194 2043 morte
1239 1993 1442 2059 quidem
1477 1994 1724 2044 Admetus
1757 2011 1850 2060 per

153 2075 412 2139 coniugem
446 2074 717 2137 liberatur,
771 2074 861 2124 sed
894 2074 1030 2123 idem
1064 2074 1212 2123 huius
1248 2075 1388 2124 obitu
1423 2074 1596 2124 dolore
1628 2074 1850 2124 afficitur

154 2159 326 2217 tanto,
379 2160 561 2220 quanto
595 2156 834 2204 maiorem
868 2155 949 2203 vix
985 2170 1046 2204 ex
1079 2155 1180 2204 ulla
1216 2154 1312 2203 alia
1345 2171 1403 2204 re
1436 2156 1700 2221 percipere
1734 2162 1848 2221 pot·

154 2240 277 2290 est„
339 2234 512 2300 ltaque
560 2235 822 2285 dimidium
865 2240 1055 2285 tantum
1105 2235 1280 2285 salutis
1324 2237 1580 2302 accepisse
1634 2236 1850 2299 videtur,

153 2317 252 2366 nisi
295 2321 380 2366 aut
426 2317 472 2364 vi
518 2321 603 2365 aut
645 2322 753 2365 arte
787 2315 939 2365 etiam
974 2316 1193 2366 Alcestis
1228 2321 1389 2366 morte
1423 2318 1675 2367 liberetur.
1746 2316 1850 2366 Ne-

154 2413 255 2462 que
305 2396 514 2445 difficile
547 2401 684 2446 esset
716 2396 933 2461 Apollini
977 2397 1120 2459 telis,
1167 2397 1344 2461 quibus
1387 2413 1587 2461 semper
1631 2403 1850 2448 armatus

155 2482 250 2537 est,
285 2478 489 2538 Orcum,
526 2477 853 2525 cummaxime
887 2476 948 2525 ad
981 2477 1272 2526 initiandam
1308 2477 1744 2543 devovendamque
1761 2478 1850 2529 Al-

154 2556 315 2607 cestin
349 2571 461 2604 cum
494 2556 660 2621 gladio
695 2557 1037 2619 accedentem,
1071 2558 1348 2621 repellere:
1397 2557 1486 2606 sed
1523 2559 1723 2623 eripere
1756 2558 1852 2607 diis

156 2636 336 2687 inferis
382 2636 621 2702 praedam
666 2635 778 2701 lege
824 2636 952 2685 lovis
999 2642 1224 2695 vetatur3
1286 2638 1469 2701 quippe
1525 2654 1675 2701 quum
1724 2638 1853 2688 hanc

154 2717 318 2783 ipsam
352 2717 414 2766 ob
451 2732 695 2778 caussam,
730 2717 862 2781 quod
886 2717 1252 2782 Aesculapium,
1287 2717 1436 2765 vitam
1461 2718 1671 2766 mortuis
1699 2719 1852 2767 resti-

156 2801 400 2859 tuentem,
436 2796 641 2859 adiuvit,
677 2796 851 2846 exsilio
885 2813 944 2845 ac
974 2797 1212 2846 servitute
1236 2796 1520 2850 mulctetur.
1590 2798 1851 2862 Relinqui-

156 2882 255 2937 tur,
290 2866 347 2926 ut
381 2877 616 2927 comitate
649 2882 702 2927 et
735 2877 978 2942 speciosis
1014 2878 1313 2941 argumentis
1350 2877 1538 2928 Orcum
1562 2877 1624 2927 ad
1648 2881 1851 2945 permu-

156 2957 357 3007 tandam
406 2957 631 3008 Alcestin
684 2974 796 3008 cum
832 2956 1121 3023 grandaevis
1156 2958 1445 3022 parentibus
1481 2959 1733 3009 adducere
1767 2975 1852 3008 co-

155 3044 313 3087 netur.
382 3037 651 3101 Postquam
687 3038 789 3099 ille,
825 3043 881 3087 ut
915 3043 995 3086 est
1025 3039 1196 3101 duruS,
1251 3038 1392 3089 ferus
1428 3040 1850 3104 truculentusque,

158 3117 344 3167 nullam
377 3118 644 3167 voluntatis
678 3135 840 3182 neque
875 3118 1063 3184 gratiae
1097 3134 1217 3169 suae
1237 3120 1480 3170 rationem
1507 3120 1695 3170 habere
1715 3121 1852 3181 vidit,

159 3202 419 3246 venturum
454 3198 667 3248 alterum
702 3200 903 3248 Admeti
938 3199 1147 3248 amicum
1180 3201 1441 3266 praedicit,
1501 3201 1587 3265 qui
1622 3218 1651 3250 a
1684 3217 1742 3250 se
1776 3200 1852 3250 in-

158 3276 337 3326 choata
352 3278 579 3343 perficiat
602 3285 653 3328 et
667 3280 924 3329 mulierem
941 3296 1034 3344 per
1047 3281 1144 3329 vim
1161 3280 1294 3330 Orco
1307 3282 1502 3346 eripiat.
1527 3280 1667 3330 Haec
1679 3279 1852 3341 locuti,

159 3357 338 3419 quibus
360 3363 495 3407 totus
524 3375 695 3408 rerum
715 3361 959 3409 decursus
986 3360 1307 3426 praedicitur,
1343 3361 1471 3411 alter
1494 3377 1523 3410 a
1554 3361 1703 3409 domo
1732 3359 1852 3421 abit,

159 3435 288 3487 alter
314 3436 378 3487 ad
403 3438 754 3491 immolandam
781 3440 1007 3492 Alcestin
1032 3441 1163 3492 intro
1197 3458 1252 3493 se
1279 3441 1490 3494 confert.
1560 3439 1853 3492 Absolutum
