2176 3874
1174 307 1296 364 422

404 461 761 516 matrimonium
813 458 973 515 datam
1019 469 1134 505 esse
1183 449 1447 519 (ἐξεδόθη)
1498 450 1717 501 affirmat
1762 452 2070 503 scholiastes.

403 546 595 595 Horum
629 544 793 589 autem
829 536 1045 586 omnium
1098 535 1341 584 contraria
1387 533 1554 582 insunt
1586 530 1775 598 Hygini
1809 530 1933 594 (fab.
1967 534 2073 598 Ι12.)

400 620 687 677 narrationi,
742 634 888 683 quam
923 620 1158 681 sequutus
1194 619 1272 664 est
1303 612 1612 664 wolckerus.
1679 611 1748 662 Et
1778 613 1924 671 huius
1958 614 2075 678 qui-

402 703 515 752 dem
549 700 861 749 coniecturae
893 697 1167 761 fragmenta
1201 695 1396 744 fabulae
1439 692 1595 758 magis
1630 693 1779 742 etiam
1815 709 1962 757 quam
1995 697 2075 743 te-

401 779 681 830 stimonium
727 777 1071 843 Aristophanis
1112 776 1432 825 reluctantur.
1511 772 1881 838 Discrepantiae
1923 788 2074 823 unum

402 859 682 924 exemplum
714 858 983 922 protulisse
1017 855 1262 906 sufficiet:
1310 868 1489 917 corpus
1534 852 1788 901 interfecti
1820 851 2075 911 etiamtum

403 942 574 989 contra
604 939 682 988 ius
715 938 1049 1003 pietatemque
1090 936 1394 984 inhumatum
1428 933 1644 982 iacuisse
1689 947 1751 981 ex
1800 930 2077 997 fragmento

400 1018 559 1070 XVII.
581 1022 800 1084 apparet.
870 1017 1116 1080 Hyginum
1151 1018 1321 1062 contra
1347 1014 1389 1061 si
1418 1013 1686 1076 sequimur,
1721 1015 1954 1076 quattuor
1985 1013 2078 1061 mi-

401 1100 587 1148 nimum
618 1099 771 1147 lustra
802 1097 933 1145 inter
960 1094 1206 1158 Polynicis
1243 1099 1451 1142 mortem
1486 1098 1538 1142 et
1555 1092 1833 1141 Maemonis
1867 1091 2078 1155 agnitio-

402 1193 515 1227 nem
574 1177 864 1241 interposita
920 1175 1080 1223 fuisse
1135 1173 1443 1222 statuendum
1504 1173 1617 1221 erit.
1700 1171 1862 1220 Movit
1909 1176 2077 1221 autem

401 1255 719 1307 Welckerum
739 1255 949 1304 maxime
973 1252 1233 1302 Matthiaei
1255 1253 1531 1317 scrupulus,
1554 1266 1651 1301 non
1668 1251 1920 1316 *habentis
1955 1243 2079 1315 quo-

403 1334 550 1384 modo
585 1351 791 1399 poenam
827 1333 1163 1383 contumaciae
1203 1348 1315 1381 cum
1360 1333 1642 1397 nuptiarum
1685 1331 1925 1381 felicitate
1959 1347 2079 1380 con-

402 1414 608 1463 ciliaret.
676 1415 741 1463 At
786 1429 895 1462 eam
939 1412 1330 1462 conciliationem
1364 1412 1569 1462 deorum
1614 1412 1814 1460 numine
1849 1411 2079 1460 effectam

402 1509 515 1542 esse
549 1493 823 1557 fragmenta
856 1492 987 1542 XIV.
1023 1498 1074 1542 et
1107 1491 1282 1542 xvlss.
1316 1492 1596 1541 ostendunt.
1663 1492 1810 1553 Quod
1843 1491 1887 1540 si
1926 1507 2078 1555 quae-

402 1587 499 1633 ras,
532 1572 647 1635 quid
682 1574 744 1622 ad
761 1574 1006 1622 Bacchum
1033 1589 1140 1621 sors
1162 1573 1433 1635 Antigonae
1459 1570 1768 1636 pertinuerit,
1799 1571 2081 1620 rectissime

401 1650 691 1701 Welckerus
725 1653 835 1717 ipse
869 1653 991 1702 vidit
1023 1653 1174 1702 ferias
1214 1652 1395 1701 Bacchi
1428 1667 1488 1700 eo
1525 1651 1621 1710 die,
1657 1666 1752 1714 quo
1778 1651 1904 1699 haec
1931 1666 2080 1714 agan-

401 1735 501 1792 tur,
534 1732 734 1780 haberi:
770 1748 889 1795 quas
913 1749 1008 1797 quo
1034 1732 1239 1782 consilio
1264 1731 1466 1781 finxerit
1487 1731 1770 1795 Euripides,
1807 1730 1857 1779 in
1878 1734 2079 1795 promtu

403 1815 482 1860 est
506 1810 808 1875 intelligere:
851 1813 1067 1877 primum
1091 1814 1218 1861 enim
1254 1812 1404 1861 Marti
1429 1812 1702 1860 contrarius
1726 1814 1803 1859 est
1835 1810 2078 1870 Bacchus,

402 1905 562 1954 neque
585 1892 750 1955 potuit
777 1893 910 1955 pacis
939 1892 1152 1940 felicitas
1177 1908 1238 1941 ex
1262 1893 1382 1941 belli
1399 1892 1674 1940 calamitate
1707 1890 1900 1951 melius,
1933 1905 2080 1954 quam

401 1969 485 2018 illa
502 1969 630 2018 festa
656 1987 893 2032 sacraque
917 1972 1352 2035 repraesentando,
1375 1971 1571 2019 ostendi
1594 1969 1676 2034 *);
1711 1969 1890 2020 deinde
1915 1968 2080 2034 prius-

402 2065 547 2113 quam
580 2044 703 2097 festi
745 2050 852 2097 dies
899 2050 1259 2112 sollemnesque
1293 2066 1585 2114 superorum
1621 2050 1826 2098 deorum
1861 2048 2081 2097 celebra-

401 2131 588 2187 rentur,
623 2128 808 2175 luctum
834 2128 884 2175 in
908 2129 1132 2177 universa
1160 2129 1357 2177 civitate
1389 2128 1522 2176 finiri
1549 2145 1606 2176 ac
1640 2127 1823 2191 deponi
1857 2126 2082 2190 lugubria

402 2207 586 2255 decuit.
654 2205 796 2267 Quod
819 2207 1057 2270 Antigone
1084 2208 1342 2271 quominus
1369 2207 1477 2272 ipsa
1501 2223 1696 2271 quoque
1715 2206 1906 2260 faceret
1931 2221 2079 2269 quum

404 2284 629 2334 Creontis
665 2284 957 2334 crudelitate
990 2286 1365 2349 prohiberetur,
1414 2292 1465 2334 et
1497 2287 1579 2335 dei
1623 2302 1763 2334 sacra
1795 2284 2080 2348 pollueban-

402 2370 482 2412 tur
527 2372 578 2413 et
624 2364 777 2427 magis
813 2364 1078 2428 conspicua
1124 2365 1428 2413 reddebatur
1474 2365 1620 2413 huius
1654 2365 1881 2424 miseria,
1928 2381 2081 2429 quum

401 2444 507 2492 sola
539 2443 671 2492 inter
696 2442 852 2491 laetos
879 2443 1071 2508 lugeret
1097 2444 1460 2508 squaleretque,
1495 2449 1545 2492 et
1573 2444 1878 2509 augebantur
1895 2443 2082 2493 Creon-

401 2524 465 2572 tis
500 2522 706 2581 scelera,
742 2522 927 2570 festum
963 2523 1266 2586 profanantis
1301 2540 1357 2572 ac
1390 2523 1578 2572 luctum
1612 2523 1765 2572 sacris
1797 2523 2082 2572 immiscen-

399 2603 481 2653 tis.
549 2600 632 2649 Sic
668 2601 762 2650 deo
795 2602 847 2651 in
880 2607 1046 2667 partes
1083 2604 1357 2669 Antigonae
1389 2609 1589 2664 vocato,
1635 2602 1755 2667 quid
1789 2603 1997 2663 mirum,
2034 2602 2079 2652 si

400 2682 622 2731 eiusdem
658 2683 935 2746 praesentis
969 2683 1180 2732 numinis
1214 2683 1395 2732 auxilio
1429 2683 1566 2746 virgo
1601 2688 1798 2732 servata
1832 2683 1946 2732 est‘!
1979 2682 2080 2732 Re-

400 2762 551 2810 motis
585 2762 738 2825 igitur
772 2762 1072 2824 obstaculis,
1107 2778 1232 2827 quae
1263 2763 1370 2811 viro
1403 2761 1740 2810 eruditissimo
1788 2763 2080 2821 offecerunt,

401 2841 642 2891 diversam
677 2841 1036 2906 interpretandi
1071 2844 1199 2891 viam
1232 2841 1600 2907 ingrediendam
1636 2858 1750 2890 esse
1784 2857 1978 2891 censeo.

526 2921 724 2985 Prologi
769 2922 947 2985 agendi
987 2938 1163 2972 munus
1197 2923 1470 2989 Antigonae
1514 2921 1693 2970 tribuo.
1764 2921 1959 2970 Initium
1993 2937 2080 2970 au-

400 3005 500 3049 tem
535 3001 775 3063 prooemii
809 3001 1163 3066 Aristophanes
1200 3002 1323 3051 Rau.
1358 3018 1404 3052 v.
1436 3003 1587 3049 1212.
1622 3001 1862 3050 servavit:

530 3070 600 3144 ἦν
638 3077 895 3138 Οἰδίπους
928 3078 987 3130 τὸ
1021 3082 1234 3145 πρῶτον
1267 3080 1533 3147 εὐδαίμων
1565 3077 1719 3145 ἀνήρ,

533 3152 622 3209 εἶτ’
659 3156 850 3224 ἐγένετ’
888 3153 1048 3219 αὖθις
1081 3160 1406 3221 ἀθλιώτατος
1438 3159 1663 3226 βροτῶν.

403 3238 479 3287 Ex
517 3239 724 3288 Athenis
785 3236 1109 3291 cummaxime
1158 3259 1402 3310 reversam
1451 3256 1564 3290 esse
1612 3238 1851 3306 virginem
1899 3245 2077 3306 putau-

460 3404 510 3459 *)
541 3405 758 3449 Conferas
790 3420 971 3450 carmen
1002 3406 1047 3449 in
1073 3407 1345 3461 Phoenissis,
1374 3420 1462 3463 quo
1489 3406 1803 3450 bacchantium
1820 3406 1991 3451 laetitia
2009 3411 2077 3451 at-

543 3488 627 3529 que
655 3476 827 3520 insania
855 3491 958 3519 cum
986 3478 1299 3539 proeliantium
1324 3477 1477 3521 furore
1502 3478 1704 3521 luctuoso
1732 3481 2030 3534 comparatur.
