2144 3854
1101 255 1222 312 202

465 401 669 463 „lami
686 417 781 449 am
812 399 1087 466 stupido
1128 401 1447 451 Thessala
1477 416 1697 451 somno

466 483 621 531 Pect
638 496 749 528 ora
786 480 990 545 langu
1007 488 1246 548 eatque
1277 498 1303 529 s
1320 486 1606 547 enentqu
1623 487 1700 529 e.”

339 563 528 612 Deinde
561 561 782 623 sequitur
816 560 1094 610 Atridarum
1128 563 1348 626 ipsorum
1387 561 1661 618 altercatio,
1695 575 1822 624 quae
1852 562 2007 624 qualis

335 643 502 703 fuerit,
537 657 598 690 ex
626 641 825 704 Dictyos
851 642 1013 691 verbis
1039 641 1097 700 ΙΙ,
1121 645 1170 690 ’1.
1204 641 1481 706 intelligere
1514 641 1659 690 licet:
1696 639 1934 701 „Interim
1956 641 2008 690 iu

333 739 395 771 eo
441 722 544 771 otio
589 720 695 785 regi
735 722 1087 786 Agamemnoni
1131 737 1243 771 cum
1290 722 1521 770 Menelao
1566 720 1723 770 fratre
1768 736 2008 771 exercere

335 801 604 850 discordias
656 817 860 850 vacuum
895 801 992 850 fuit
1024 803 1086 851 ob
1121 803 1365 867 proditam
1402 801 1719 866 Iphigeniam.
1786 800 1836 849 Is
1870 817 2006 850 nam-

334 898 432 946 que
464 886 636 930 auctor
669 886 720 929 et
745 881 896 929 veluti
920 897 1091 930 caussa
1119 882 1280 930 luctus
1305 882 1410 930 eius
1429 880 1758 931 credebatur?
1763 879 1777 902 ⁷
1810 880 2010 945 Quippe

332 960 590 1011 Menelaus
602 997 619 1022 ‚
651 976 749 1009 non
784 962 904 1010 satis
939 962 1124 1010 habens
1169 961 1378 1010 fratrem
1431 961 1534 1010 filia
1567 961 1790 1025 privasse
1801 999 1818 1022 ‚
1862 975 2008 1024 quam

334 1040 519 1091 frustra
553 1041 847 1090 immolatam
882 1057 995 1090 esse
1028 1042 1358 1090 miserrimum
1382 1048 1503 1102 erat,
1538 1042 1720 1090 iterum
1744 1040 1809 1089 de
1835 1040 2011 1089 itinere

334 1120 456 1169 deos
491 1122 710 1182 consuli,
746 1123 922 1169 iterum
958 1121 1241 1170 immolandi
1277 1122 1555 1171 carissimos
1590 1121 1776 1169 liberos
1811 1119 2008 1185 pericu—

334 1201 435 1250 lum
469 1201 591 1249 adiri
624 1201 774 1250 iubet.
840 1200 1076 1250 Manente
1109 1201 1237 1250 enim
1272 1201 1462 1250 itineris
1486 1202 1792 1267 ignoratione
1813 1197 1884 1264 *),
1918 1215 2005 1248 na-

333 1281 488 1345 vigari
518 1296 615 1329 non
647 1285 858 1346 poterat,
891 1281 985 1329 nisi
1016 1281 1116 1329 dux
1147 1282 1337 1330 itineris
1370 1297 1399 1330 a
1431 1282 1526 1331 diis
1558 1281 1678 1345 ipsis
1706 1283 2008 1330 monstratus

333 1360 626 1424 oblatusque
658 1361 852 1410 fuisset.
921 1360 1156 1413 Affirmat
1187 1360 1445 1410 Menelaus
1459 1398 1474 1421 ‚
1529 1364 1742 1426 negante
1796 1359 2007 1422 Agame-

335 1456 511 1490 mnone
527 1477 540 1501 ‚
574 1441 785 1504 priorem
819 1441 1182 1505 expeditionem
1217 1441 1312 1490 diis
1344 1440 1620 1491 volentibus
1654 1445 1803 1504 atque
1835 1453 2006 1488 assen-

334 1520 567 1569 tientibus
603 1525 883 1584 susceptam
918 1519 1099 1568 fuisse:

464 1599 836 1665 „Deumque
865 1598 945 1648 de
970 1600 1259 1649 consilio
1285 1598 1405 1647 hoc
1438 1600 1662 1647 itiner
1688 1613 1756 1647 cr
1773 1595 1891 1646 edo
1915 1611 2008 1645 co-

1165 1684 1392 1728 natum
1427 1695 1520 1727 mo
1538 1674 1676 1728 do.'’⁴

333 1759 444 1809 Nou
493 1759 590 1808 hoc
624 1758 782 1808 solum
815 1763 962 1822 negat
997 1759 1332 1822 Agamemnon
1344 1794 1359 1819 ,
1395 1758 1484 1806 aed
1514 1759 1661 1807 etiam
1696 1754 1871 1822 populi
1903 1758 2008 1804 stu-

334 1841 468 1890 dium
501 1838 848 1888 renovantibus
882 1837 1064 1886 bellum
1099 1838 1268 1887 favere
1282 1855 1297 1886 ε

465 1944 532 1955 —-
628 1944 694 1953 —
791 1933 1048 1977 „verum
1084 1934 1350 1983 quorum
1384 1917 1478 1966 lib
1496 1918 1601 1965 eri
1628 1917 1771 1965 leto
1804 1913 1952 1963 dati

466 1998 639 2049 Sunt
671 1999 737 2047 in
773 1997 977 2057 belle,
1013 2013 1138 2046 non
1172 1998 1236 2045 lu
1254 1997 1408 2047 bent
1424 2013 1492 2045 er
1538 1996 1702 2045 haec
1736 1992 2010 2043 enodari

1164 2091 1244 2126 au
1259 2076 1294 2126 d
1306 2077 1419 2126 iun
1432 2075 1485 2125 t”
1509 2075 1605 2138 22‘22).

335 2160 445 2224 Quo
476 2156 794 2223 pertinaciter
826 2161 1089 2206 recusante
1106 2177 1121 2207 t

466 2237 931 2303 „studiumque
963 2237 1173 2286 iteris
1205 2237 1544 2303 reprime‚”
1567 2231 1679 2299 ***)

335 2325 539 2385 augetur
574 2317 898 2368 contentionis
931 2317 1239 2366 vehementia
1252 2352 1267 2376 ,
1313 2317 1612 2380 alternisque
1657 2312 1880 2364 versibus
1893 2346 1910 2373 ‚
1955 2316 2011 2361 ut

336 2400 407 2450 ait
440 2400 635 2460 Cicero,
669 2398 1010 2462 intorquentur
1042 2398 1174 2446 inter
1207 2397 1390 2446 fratres
1415 2395 1734 2462 gravissimae
1758 2397 2009 2444 contume-

337 2482 446 2543 liae‚
479 2485 536 2530 ut
567 2478 717 2529 facile
748 2483 984 2544 appareat
1016 2479 1156 2529 Atrei
1187 2478 1318 2526 filios
1353 2493 1467 2527 esse
1497 2476 1662 2540 ²¹²²¹‘²²²²¹²):

1000 2558 1348 2609 AGAMEMNON-

466 2639 663 2704 „Quis
707 2639 843 2689 hom
860 2654 890 2688 ο
933 2644 999 2688 te
1046 2637 1501 2705 exsuperavit
1535 2650 1822 2702 unquam
1853 2646 2009 2698 gen-

1160 2720 1322 2767 tium
1355 2714 1812 2782 impudentia!

1021 2797 1318 2846 MENELAUS.

474 2880 627 2943 Quis
663 2885 884 2927 autem
917 2895 966 2927 m
983 2878 1193 2927 alitia
1224 2878 1389 2927 te?!”

338 2962 593 3011 Postremo
628 2958 960 3021 Agamemnon
995 2957 1198 3006 fratrem
1232 2955 1515 3022 proturbat:

405 3075 449 3129 ¹*)
475 3072 632 3115 Liban.
661 3073 691 3113 l.
720 3072 778 3113 1.=
816 3067 983 3126 χρόνον
1020 3068 1071 3114 δὲ
1110 3066 1452 3125 ἐπιγιγνομένου
1491 3065 1569 3109 καὶ
1596 3065 1679 3120 τῆς
1707 3062 1897 3119 ἀγνοίας
1923 3077 2008 3118 με-

476 3139 643 3196 νούσης
671 3143 762 3183 κτλ.
1766 3131 1777 3158 s
1811 3144 1815 3147 ·

381 3213 447 3269 **)
476 3212 608 3256 Ennii
633 3211 798 3267 fragm.
829 3224 871 3252 ιι.
899 3210 942 3252 3.
973 3213 1018 3253 et
1045 3208 1087 3251 1.

367 3285 448 3339 ***)
476 3282 584 3326 Attii
609 3281 775 3338 fragm.
804 3295 848 3323 ιι.
875 3279 946 3322 15.
1001 3280 1155 3337 Dictys
1176 3279 1234 3332 11,
1254 3277 1303 3320 9:
1344 3276 1492 3332 „quod
1531 3277 1712 3331 propter
1750 3271 1892 3316 filiam
1934 3285 2006 3314 re-

474 3356 629 3397 nueret
655 3350 1018 3407 profectionem.'’

355 3425 453 3480 ⁸*··)
483 3424 574 3467 Cic.
605 3423 739 3465 Tusc.
767 3422 849 3473 lv,
869 3420 941 3473 36,
962 3420 1031 3463 7⁷.
1101 3419 1221 3463 Mira
1258 3416 1464 3461 socordia
1505 3418 1593 3459 hoc
1629 3414 1794 3471 fiagm.
1837 3410 2009 3456 Cressis

477 3494 723 3538 tribuerant
752 3490 908 3536 critici.
