2144 3854
1128 285 1211 342 64

329 440 427 499 est,
461 439 519 486 ιιι
548 433 715 501 potius
747 421 918 498 regem
949 432 1143 498 ipsum,
1179 431 1449 483 carminum
1483 428 1697 495 strepitu
1729 428 2017 492 excitatum,

330 517 380 565 in
423 515 676 581 publicum
728 530 839 562 cum
886 513 1080 561 filiabus
1129 515 1356 579 prodisse
1390 515 1590 560 statuas,
1659 508 1821 559 Huius
1854 510 2019 560 animo

328 595 617 658 religionem
652 580 897 643 incussam
933 610 1047 642 esse
1100 594 1223 642 dicit
1254 592 1500 642 Diodorus
1520 630 1535 654 ,
1569 607 1663 640 nec
1695 590 1858 640 minus
1889 589 2018 638 filias

325 675 578 723 miraculis
613 674 1009 740 obstupefactus,
1057 678 1114 722 ut
1160 674 1303 722 deam
1337 672 1599 721 crederent
1630 671 1792 736 ipsam
1823 669 2021 718 venisse

327 753 390 803 ad
424 753 592 803 Peliae
625 754 827 803 domum
862 754 1054 802 beatam
1088 753 1410 803 reddendam.
1477 751 1717 807 Docuisse
1750 749 1882 799 enim
1904 749 2018 798 Me-

326 833 497 895 deam,
535 833 770 895 Dianam,
817 835 1085 883 draconum
1132 850 1279 883 curru
1314 849 1405 898 per
1438 849 1604 882 aerem
1646 836 1869 894 vectam,
1904 845 2019 894 per·

323 928 526 980 agrasse
558 930 781 978 magnam
814 915 945 963 orbis
981 919 1202 978 partem:
1256 914 1317 961 ab
1354 913 1527 962 eadem
1562 913 1779 970 Peliam,
1823 915 1881 960 ut
1914 926 2018 960 ma·

324 994 458 1043 xime
491 1010 664 1058 regum
698 995 913 1043 omnium
946 996 1129 1058 pietate
1163 994 1437 1058 insignem,
1487 992 1703 1041 electum
1749 1007 1889 1052 esse,
1936 988 2019 1055 qui

323 1090 463 1123 sacra
499 1075 545 1123 ei
577 1079 818 1139 perpetua
852 1074 1138 1137 cultumque
1171 1074 1488 1132 institueret:
1522 1073 1734 1137 denique
1761 1072 1854 1122 sibi
1879 1087 2017 1120 man-

323 1154 494 1203 datum
530 1169 660 1215 esse,
696 1160 751 1202 ut
783 1155 906 1220 regi,
940 1170 967 1201 a
1003 1159 1260 1202 senectute
1291 1154 1524 1201 remediis
1562 1153 1857 1216 quibusdam
1892 1151 2016 1201 libe—

322 1239 452 1293 rato,
489 1234 710 1299 vigorem
744 1235 1032 1282 restitueret
1064 1233 1346 1291 iuvenilem,
1381 1233 1636 1296 multaque
1669 1233 1764 1281 alia
1798 1233 1862 1281 ad
1900 1233 2017 1280 bea-

322 1318 422 1362 tam
457 1319 777 1378 sanctamque
811 1314 957 1361 vitam
989 1313 1289 1377 pertinentia
1323 1313 1543 1361 donaret.
1611 1313 1905 1362 Admirante
1929 1328 2018 1361 au·

321 1403 426 1444 tem
449 1393 585 1443 Pelia
613 1393 882 1442 novitatem
906 1392 1282 1457 promissorum,
1315 1392 1548 1442 Medeam
1575 1394 1855 1457 professam
1882 1408 2015 1453 esse,

322 1490 380 1523 se
415 1473 667 1540 extemplo
702 1488 845 1520 suum
879 1488 1062 1537 corpus
1097 1472 1334 1520 mutando
1369 1474 1618 1522 dictorum
1649 1472 1803 1522 fidem
1846 1472 2014 1521 firma-

321 1561 514 1604 turam:
561 1553 767 1601 iussisse
813 1551 968 1615 igitur
1021 1552 1081 1599 ab
1117 1567 1212 1600 una
1245 1551 1461 1600 filiarum
1514 1569 1692 1617 puram
1724 1569 1899 1617 aquam
1935 1550 2013 1601 af-

319 1634 473 1683 ferri:
508 1648 605 1696 quo
639 1632 791 1688 facto,
828 1631 1048 1679 conclavi
1082 1631 1243 1695 aliquo
1278 1631 1543 1692 inclusam,
1591 1647 1772 1696 corpu·
1819 1631 2013 1693 lavisse,

317 1714 581 1778 ablutaque
613 1712 1092 1761 medicamentorum
1127 1712 1173 1760 vi
1205 1717 1353 1776 atque
1386 1711 1596 1772 effectu,
1634 1711 1891 1777 proprium
1923 1712 2014 1760 ha-

316 1794 475 1845 bitum
511 1808 851 1857 recuperasse.
1419 1783 1422 1785 ’

450 1873 635 1922 Medea
668 1873 717 1920 in
753 1873 986 1923 conclave
1017 1874 1231 1924 intrante
1264 1875 1532 1926 finiebatur
1567 1879 1709 1925 actus
1732 1873 2012 1933 secundus;

318 1955 535 2021 spatium
578 1953 817 2018 temporis
863 1970 1022 2018 usque
1067 1955 1128 2002 ad
1176 1955 1395 2005 reditum
1455 1957 1558 2005 eius
1606 1955 1744 2004 chori
1794 1955 2012 2004 carmine

317 2034 719 2084 consumebatur.
791 2033 1060 2098 Colloquii,
1099 2036 1227 2100 quod
1265 2041 1638 2100 praecesserat,
1673 2035 2011 2099 fragmentum

316 2120 479 2166 exstat
511 2130 680 2174 unum,
716 2129 814 2178 quo
851 2130 906 2162 se
939 2115 1250 2165 incredulum
1285 2133 1400 2166 esse
1434 2133 1523 2165 rex
1557 2116 1803 2165 declarat:
1836 2126 1891 2181 ff

449 2192 709 2258 φθείρου·
743 2193 804 2244 τὸ
837 2192 941 2260 γὰρ
976 2193 1113 2261 δρᾶν
1147 2195 1246 2246 οὐκ
1279 2194 1428 2262 ἔχων,
1463 2195 1661 2262 λόγους
1693 2192 1860 2259 λέγεις
1882 2191 1950 2258 *).

312 2275 498 2326 Medea
533 2292 595 2324 ex
628 2276 847 2324 conclavi
881 2277 1097 2337 redienS‚
1135 2294 1248 2327 cum
1282 2279 1539 2328 videretur
1560 2278 1773 2326 numinis
1799 2276 2008 2326 alicuius

313 2355 556 2405 beneficio
601 2355 907 2405 iuventutem
949 2362 1000 2406 et
1050 2359 1291 2423 insignem
1341 2359 1564 2423 corporis
1620 2355 2006 2424 pulcritudinem

313 2451 655 2500 recuperasse,
689 2451 867 2501 magna
900 2438 1227 2487 admiratione
1260 2455 1458 2504 regem,
1511 2443 1568 2487 ut
1617 2454 1710 2502 par
1742 2441 1876 2495 erat,
1911 2435 2007 2484 im-

312 2516 483 2582 plevit.
550 2516 694 2564 Fecit
726 2516 908 2566 deinde
941 2518 1415 2568 medicamentorum
1448 2519 1497 2567 vi
1535 2517 1798 2567 simulacra
1831 2515 2007 2565 draco-

311 2613 429 2646 num
464 2612 734 2661 apparere,
782 2598 956 2662 quibus
1004 2615 1095 2664 per
1127 2615 1292 2648 aerem
1329 2614 1391 2648 ex
1426 2597 1766 2664 Hyperboreis
1797 2597 2008 2646 advecta

311 2678 404 2726 dea
439 2676 499 2724 ad
534 2677 722 2725 Peliam
757 2676 951 2726 deverti
982 2679 1250 2729 videretur.
1332 2679 1521 2742 Quibus
1570 2677 1811 2739 ostentis,
1861 2679 2005 2724 natu-

308 2774 414 2807 ram
448 2758 712 2806 humanam
748 2759 1112 2823 superantibus,
1143 2767 1310 2809 motus
1337 2775 1444 2821 rex,
1477 2773 1653 2822 magno
1697 2757 1889 2805 honore
1926 2753 2003 2803 di-

309 2853 455 2903 gnam
483 2852 597 2885 esse
621 2835 852 2887 Medeam
872 2840 1079 2888 credere
1109 2840 1408 2904 omninoque
1436 2838 1598 2887 verbis
1620 2837 1775 2885 fidem
1796 2835 2002 2895 habere.

311 2916 443 2966 Tum
477 2917 562 2965 illa
595 2933 766 2981 regem
791 2918 1026 2982 ablegatis
1049 2919 1243 2968 filiabus
1269 2918 1432 2967 solum
1454 2922 1615 2976 nacta,
1651 2915 1903 2982 persuasit
1933 2915 2000 2976 ei,

308 3003 364 3046 ut
398 2998 527 3046 filias
562 2992 759 3046 iuberet
792 3000 994 3048 sociata·
1014 3015 1193 3064 opera,
1229 2998 1464 3063 quidquid
1497 2998 1608 3062 ipsa
1641 2997 1887 3057 iussisset,
1921 2994 2000 3045 ef·-

308 3078 492 3126 ficere:
530 3076 714 3126 debere
749 3078 879 3127 enim
912 3079 1046 3144 regis
1092 3096 1271 3146 corpus
1306 3095 1404 3127 non
1447 3094 1702 3127 servorum
1751 3076 1999 3139 manibnS,

308 3158 399 3208 sed
433 3158 703 3207 liberorum
736 3159 990 3208 curatione
1023 3160 1173 3209 divini
1207 3159 1434 3210 beneficii
1464 3160 1714 3224 particeps
1748 3156 1877 3208 fieri.

439 3238 534 3287 Hi·
570 3238 855 3303 compositis
888 3255 978 3288 rex
1011 3241 1143 3290 intro
1178 3241 1311 3302 abiit,
1344 3240 1607 3304 potuitque
1631 3236 1833 3287 tertium
1857 3234 1998 3286 chori

309 3333 509 3368 carmen
543 3318 807 3384 interponi,
843 3334 1003 3384 eoque
1035 3321 1178 3373 finito
1211 3321 1375 3383 filiae,
1409 3319 1564 3385 patris
1596 3319 1764 3381 iussu,
1800 3315 1886 3382 qui
1919 3315 1995 3366 in—

363 3488 406 3543 *)
437 3489 586 3547 Vulgo
613 3487 780 3546 λόγους
808 3488 935 3547 ἔχεις.
