2144 3854
990 292 1114 353 325

218 447 450 515 superbia
496 444 642 503 elati,
686 443 762 493 vel
809 441 1020 505 denique
1051 457 1344 507 quocunque
1376 441 1560 492 affectu
1594 443 1885 508 perturbati,

217 535 302 578 aut
335 528 432 593 ipsi
462 528 754 591 perpetrent
786 529 868 571 aut
900 522 1009 569 aliis
1044 523 1281 572 suadeant
1311 524 1596 590 factumque
1617 523 1884 588 probabili-

215 610 310 660 bus
342 605 641 672 argumentis
675 607 913 666 purgent:
949 601 1131 650 etenim

347 683 564 745 „auda-2·
599 683 772 730 omnia
798 682 1008 747 perpeti

345 779 474 830 gem
506 763 733 811 humana
766 763 871 810 ruit
900 777 998 827 per
1030 762 1245 810 vetitum
1278 763 1478 825 nefas-'²

216 846 271 897 In
304 851 439 894 tanta
472 849 675 892 naturae
708 843 950 891 humanae
982 841 1184 890 audacia
1218 842 1588 907 contemplanda
1621 859 1770 908 quum
1786 846 1888 895 vel-

216 930 273 975 ut
314 924 508 973 attoniti
552 930 853 987 stupeamus,
890 928 994 971 tum
1029 937 1146 971 vero
1180 922 1422 971 miramur
1445 924 1674 972 astutiam
1710 925 1887 974 soller-

215 1005 435 1069 tiamque
466 1003 715 1052 hominum
752 1000 1155 1062 vafer-rimorum,
1200 1019 1297 1066 qua
1346 1008 1399 1052 et
1430 1003 1479 1052 in
1514 1003 1723 1052 dicendo
1757 1009 1810 1053 et
1841 1006 1892 1055 in

218 1086 409 1150 agendo
442 1089 640 1133 utentes
674 1083 821 1132 modo
855 1082 1058 1131 insidias
1091 1087 1287 1131 struunt
1319 1083 1615 1132 veteratorie
1650 1084 1799 1132 modo
1831 1100 1893 1133 ex

222 1164 598 1216 difficultatibus
638 1179 695 1212 se
733 1167 933 1212 versut-e
970 1162 1257 1227 expediunt.
1324 1163 1433 1212 Non
1469 1163 1711 1212 scelerum
1748 1163 1897 1227 igitur

217 1262 379 1310 neque
409 1242 702 1293 temeritatis
736 1242 1105 1309 magnitudine,
1155 1258 1252 1292 non
1299 1243 1590 1293 insolentiae
1623 1259 1783 1308 neque
1814 1243 1892 1293 fe-

216 1327 384 1375 rociae
428 1324 731 1372 immanitate
775 1323 1076 1388 Euripideae
1121 1339 1362 1387 personae
1407 1323 1709 1387 Aeschyleas
1745 1339 1893 1388 supe-

221 1411 358 1455 rant:
391 1421 503 1453 nam
537 1404 766 1468 quidnam
801 1401 1099 1452 nefariorum
1137 1402 1406 1452 facinorum
1432 1405 1503 1454 ,ab
1536 1404 1685 1452 huius
1714 1402 1894 1452 fabulis

219 1486 400 1536 abest‘!
435 1485 526 1533 sed
562 1484 847 1544 calliditate,
882 1483 1193 1545 dexteritate,
1228 1483 1463 1533 doctrina.
1531 1485 1706 1547 Neque
1735 1484 1897 1532 minor

220 1566 498 1632 priscorum
532 1563 729 1612 illorum
760 1564 1030 1623 hominum,
1065 1579 1272 1626 quorum
1307 1578 1472 1612 mores
1506 1563 1783 1626 Aeschylus
1809 1579 1896 1611 ex-

222 1645 438 1712 pressit,
486 1643 777 1707 improbitas
811 1649 862 1692 et
895 1644 1116 1708 nequitia
1150 1648 1257 1703 est,
1305 1643 1392 1692 sed
1439 1644 1591 1691 maior
1624 1644 1899 1692 animorum-

224 1731 398 1790 stupor
431 1732 482 1773 et
514 1724 682 1773 rudior
717 1724 987 1788 imperitia:
1035 1723 1165 1772 unde
1213 1724 1302 1781 fit,
1351 1728 1408 1772 ut
1439 1723 1738 1772 rusticorum
1771 1722 1899 1771 alter

223 1810 372 1872 poeta
393 1805 475 1866 sit,
508 1803 634 1852 alter
656 1804 974 1852 eruditorum.
1042 1803 1345 1852 Eruditionis
1374 1803 1626 1868 praesides
1654 1807 1767 1851 sunt
1780 1801 1895 1851 Mu-

226 1901 335 1946 sae,
387 1899 485 1933 non
518 1883 870 1949 simplicitatis,
905 1898 1001 1932 non
1035 1883 1360 1947 frugalitatis,
1406 1898 1503 1931 non
1537 1882 1760 1931 roboris:
1806 1897 1898 1947 pro

225 1964 521 2032 politissimo
555 1963 705 2028 igitur
739 1964 782 2012 is
815 1963 1070 2012 habendus
1102 1969 1182 2012 est
1215 1969 1390 2027 poeta,
1439 1962 1522 2026 qui
1556 1967 1606 2011 et
1639 1962 1748 2027 ipse
1781 1978 1896 2010 eru-

224 2043 498 2094 ditissimus
544 2049 621 2092 est
667 2048 719 2092 et
762 2044 884 2091 tales
931 2043 1125 2106 effingit
1158 2043 1303 2091 etiam
1337 2057 1574 2108 personas
1606 2041 1898 2090 fabularum.

224 2123 452 2174 Eruditio
486 2139 582 2172 non
616 2124 726 2188 ipsa
760 2124 926 2171 statim
962 2123 1203 2188 sapientia
1239 2126 1340 2181 est,
1389 2121 1477 2169 sed
1511 2121 1716 2186 praebet
1749 2136 1899 2180 arma,

225 2205 401 2270 quibus
436 2204 607 2252 muniti
641 2205 920 2253 libertatem
956 2203 1133 2251 mentis
1167 2207 1420 2262 tueamur,
1475 2200 1647 2261 docet,
1694 2217 1789 2266 qua
1821 2215 1899 2247 ra-

223 2285 359 2334 tione
385 2282 612 2332 Sirenum
637 2284 963 2332 delenimenta
981 2283 1290 2345 effugiamus,
1325 2285 1565 2329 monstrat
1586 2281 1730 2340 viam,
1754 2296 1901 2343 quam

224 2364 542 2430 ingrediendo
588 2363 651 2411 ad
700 2363 990 2428 sapientiam
1022 2363 1378 2426 perveniamus.
1447 2360 1546 2408 Sed
1583 2375 1902 2423 quaecunque

227 2461 309 2493 res
343 2445 406 2493 ad
440 2444 708 2492 utilitatem
742 2449 795 2490 et
827 2443 1034 2489 salutem
1070 2442 1412 2502 inveniuntur,
1447 2439 1622 2487 iisdem
1657 2440 1706 2487 in
1740 2439 1901 2504 perni-

230 2524 374 2582 ciem,
409 2523 459 2570 in
492 2522 737 2581 fraudem,
770 2521 820 2568 in
854 2520 1106 2569 libidinem
1138 2522 1208 2568 uti
1242 2521 1374 2580 licet,
1410 2519 1493 2567 ubi
1522 2519 1696 2582 aliquis
1716 2519 1903 2567 servire

230 2602 555 2667 cupidinibus,
590 2617 733 2665 quam
767 2601 1027 2664 imperare,
1062 2605 1115 2648 et
1139 2600 1353 2664 perdere
1373 2601 1575 2648 domum
1599 2605 1748 2662 atque
1770 2613 1903 2646 rem-

229 2683 502 2749 publicam,
547 2697 696 2745 quam
741 2680 931 2728 mederi
978 2679 1153 2728 morbo
1200 2695 1315 2740 suo,
1361 2677 1558 2728 mavult.
1626 2677 1693 2726 Et
1723 2677 1907 2741 ubique

229 2763 338 2813 fere
386 2763 604 2812 doctrina
651 2767 702 2810 et
748 2760 945 2808 dicendi
993 2760 1039 2807 vi
1079 2774 1314 2824 personas
1348 2756 1642 2821 Euripideas
1676 2757 1810 2805 abuti
1843 2756 1907 2804 ad

230 2844 448 2905 insidias,
483 2843 543 2892 ad
580 2846 900 2907 cognatorum
938 2840 1213 2902 civiumque
1247 2839 1557 2886 incommoda
1590 2840 1759 2885 notum
1802 2840 1905 2896 est3

232 2924 320 2974 sed
372 2939 471 2972 non
517 2923 679 2971 minus
712 2936 940 2985 magnum
976 2935 1231 2968 numerum
1264 2917 1478 2983 proponi.
1506 2916 1757 2966 hominum
1791 2930 1908 2965 vere

232 3003 529 3069 sapientium
574 3007 626 3050 et
671 3001 1023 3059 constantium,
1082 2999 1164 3063 qui
1210 3014 1298 3047 res.
1335 2999 1574 3047 humanas
1617 2997 1908 3061 despiciant,

233 3084 317 3147 qui
352 3098 566 3131 summas
600 3082 820 3129 miserias
856 3095 1012 3144 aequo
1045 3080 1208 3127 animo
1242 3078 1504 3142 patiantur,
1539 3077 1621 3140 qui
1657 3092 1744 3125 sua
1771 3091 1906 3125 com-

234 3163 381 3213 moda
415 3177 630 3225 suasque
663 3161 940 3224 voluptates
976 3159 1169 3208 utilitati
1203 3158 1431 3223 publicae
1464 3159 1793 3222 postponant,
1826 3155 1909 3218 qui

210 3258 327 3307 ·pro
361 3242 539 3291 civium
573 3241 734 3290 salute
768 3241 950 3289 animas
983 3239 1112 3288 haud
1148 3243 1444 3286 cunctanter
1466 3236 1794 3300 profundant,
1828 3236 1911 3299 qui

237 3337 334 3372 non
368 3321 543 3370 minori
575 3321 762 3370 laetitia
797 3320 857 3368 ad
895 3319 1166 3384 supplicia,
1202 3333 1346 3381 quam
1383 3317 1446 3366 ad
1479 3315 1676 3381 nuptias
1708 3314 1909 3378 profici-

240 3409 464 3464 scantur,
496 3401 602 3465 quis
635 3401 865 3466 ignorat‘!
898 3404 981 3448 aut
1012 3399 1120 3463 quis
1154 3402 1255 3447 tam
1286 3397 1452 3458 ferus,
1482 3395 1592 3459 quis
1626 3394 1686 3443 ab
1720 3392 1800 3441 illa
1833 3407 1912 3442 sa-

242 3481 457 3548 pientia,
507 3481 783 3532 christianis
819 3477 1308 3542 convenientissima,
1353 3482 1452 3527 tam
1482 3476 1668 3526 alienus
1702 3477 1815 3535 est,
1855 3476 1915 3521 ut
