2144 3854
1081 266 1202 323 240

310 419 484 480 modo,
529 418 619 467 sed
652 416 942 465 remotiores
976 427 1195 478 quoque,
1244 410 1436 462 Siculos
1470 417 1618 477 atque
1652 411 1885 475 Caunios,
1919 423 1976 467 ea

309 498 617 563 potissimum
646 501 824 556 aetate,
861 510 955 560 qua
988 494 1040 543 in
1072 492 1322 557 fastigium
1357 492 1645 543 eruditionis
1673 493 1978 547 Graecorum

308 582 480 641 gentes
506 575 807 636 ascendisse,
841 575 903 623 iis
929 573 1250 639 temporibuS,
1285 573 1459 637 quibus
1481 573 1809 640 philosophia,
1837 575 1979 626 litte-

307 656 394 715 ris,
427 655 727 705 humanitate
758 656 908 704 vitam
942 651 1377 719 perpolitissimam
1409 653 1592 714 fuisse,
1634 655 1809 717 quibus
1844 670 1977 715 sum-

305 751 434 783 mam
469 736 685 784 omnium
716 736 894 784 artium
928 734 1285 799 perfectionem
1320 739 1372 782 et
1404 733 1789 783 sincerissimum
1820 735 1977 784 homi-

306 830 421 864 uum
455 814 687 864 iudicium
721 815 876 864 fuisse
911 818 1133 874 constat,
1168 829 1228 862 eo
1262 813 1410 878 igitur
1442 813 1666 872 saeculo,
1702 829 1800 880 quo
1833 820 1977 880 prae-

306 894 713 944 stantissimarum
748 895 926 944 artium
963 894 1124 943 studia
1169 894 1423 958 vigebant,
1472 909 1568 956 quo
1613 893 1698 941 illa
1745 895 1854 960 ipsa
1900 894 1978 945 iu·

306 979 447 1023 venta
482 979 623 1035 sunt,
668 991 794 1038 quae
837 975 988 1023 hodie
1038 989 1208 1022 omnes
1253 973 1578 1034 admiramur,
1624 989 1720 1036 quo
1764 973 1824 1023 ad
1860 990 1976 1040 per-

303 1053 571 1103 fectionem
617 1054 829 1103 adducta
872 1059 987 1103 suut
1019 1069 1338 1117 quaecunque
1371 1053 1423 1100 iu
1457 1054 1551 1101 vita
1584 1053 1795 1103 humana
1828 1070 1975 1120 prae-

304 1134 438 1182 clara
469 1133 736 1194 habentur,
783 1150 842 1183 eo
886 1134 1082 1183 saeculo
1121 1132 1340 1182 Graecos
1377 1133 1630 1182 universos
1666 1133 1975 1198 depravatoS,

303 1214 940 1278 corruptos,'turpissim0s,
967 1212 1099 1261 vitiis
1135 1214 1355 1262 omuibus
1383 1213 1799 1277 inquinatissimos
1815 1214 1977 1268 fuisse

301 1292 644 1342 affirmandum
679 1293 791 1344 erit.
859 1293 1128 1342 Audiamus
1173 1309 1297 1356 quae
1342 1291 1635 1342 Plutarchus
1670 1293 1721 1342 in
1753 1294 1856 1344 vita
1884 1294 1975 1343 Ni-

303 1373 408 1422 ciae
442 1388 486 1424 c.
521 1373 600 1422 29.
634 1373 897 1421 memoriae
929 1372 1164 1437 prodidit,
1199 1373 1372 1435 quibus
1406 1387 1503 1420 nou
1537 1372 1683 1422 modo
1713 1374 1974 1424 confirma-

301 1459 383 1503 tur
417 1452 550 1516 quod
583 1452 934 1517 Aristophanes
968 1457 1210 1512 testatur,
1257 1451 1586 1501 Athenienses
1630 1452 1712 1501 illo
1747 1458 1974 1519 tempore

301 1549 420 1598 prae
454 1533 656 1597 reliquis
692 1530 900 1580 Graecis
935 1530 1224 1580 eruditionis
1247 1531 1391 1580 laude
1416 1532 1674 1590 floruisse,
1694 1531 1846 1597 idque
1865 1532 1975 1590 Eu-

300 1611 472 1678 ripidis
506 1612 818 1677 potissimum
852 1626 1005 1677 opera
1039 1611 1380 1675 beneficioque
1406 1610 1800 1663 doctissimarum
1835 1612 1974 1663 fabu-

298 1693 455 1742 larum
491 1692 722 1742 effectum
757 1692 928 1752 fuisse,
964 1692 1052 1740 sed
1087 1692 1230 1740 etiam
1266 1691 1496 1756 quicquid
1519 1698 1654 1741 esset
1681 1692 1860 1742 Graeci
1882 1708 1971 1743 uo-

298 1773 442 1822 minis
475 1773 698 1821 eiusdem
735 1771 1024 1820 eruditionis
1059 1771 1424 1834 eorundemque
1470 1773 1739 1821 carminum
1772 1772 1973 1825 audien-

298 1852 472 1902 dorum
517 1852 890 1916 cupidissimum
942 1850 1097 1901 fuisse
1155 1852 1444 1900 ostenditur.
1525 1851 1783 1901 Enarratis
1841 1852 1972 1903 euim

297 1933 442 1982 variis
474 1932 865 1990 Atheniensium,
899 1932 984 1994 qui
1017 1930 1319 1995 expeditioni
1354 1930 1594 1979 Siciliensi
1625 1931 1972 1992 interfuerunt,

295 2011 439 2074 fatis,
486 2011 642 2072 „Non
686 2009 892 2075 pauci,’'
938 2011 1122 2073 inquit,
1161 2010 1277 2075 „vel
1311 2010 1479 2058 furtim
1515 2026 1575 2059 ex
1609 2011 1819 2059 latomiis
1853 2011 1970 2060 sub·-

295 2092 442 2140 tracti
469 2091 547 2140 vel
582 2091 663 2154 qui
694 2091 822 2138 inter
849 2105 1015 2138 servos
1055 2089 1367 2138 delituissent
1402 2090 1635 2139 divenditi
1672 2095 1803 2141 suut.
1836 2088 1971 2146 ‘Ve-

296 2187 429 2220 rum
463 2171 559 2219 his
594 2169 990 2219 verecundia
1027 2176 1088 2217 et
1122 2186 1355 2218 morum
1388 2170 1698 2225 honestas
1723 2169 1968 2219 auxilio

293 2249 321 2298 f
328 2249 441 2302 uit.
508 2251 609 2299 Aut
643 2249 773 2297 enim
809 2249 945 2297 brevi
979 2249 1265 2298 manumissi
1298 2254 1428 2310 sunt,
1462 2254 1546 2297 aut
1578 2249 1626 2298 in
1660 2249 1848 2298 honore
1877 2249 1966 2299 ha-

293 2329 386 2379 biti
419 2330 551 2395 apud
607 2329 831 2377 dominos
865 2334 1220 2380 remanserunt.
1287 2328 1544 2378 Nonnullis
1579 2329 1729 2378 etiam
1760 2328 1964 2395 Euripi-

293 2410 384 2458 des
419 2409 629 2458 salutem
663 2409 839 2458 attulit.
908 2409 1030 2458 Nam
1067 2414 1265 2474 praeter
1293 2414 1487 2457 ceteros
1510 2409 1772 2458 interiores
1802 2408 1967 2458 Grae-

293 2504 379 2538 cos
415 2487 568 2537 Siculi
599 2489 745 2537 huius
779 2496 958 2553 poetae
992 2489 1202 2538 studiosi
1247 2488 1404 2538 fuisse
1449 2488 1704 2549 videntur,
1757 2494 1808 2554 et
1854 2504 1966 2538 cum

293 2570 468 2634 exigua
510 2569 718 2618 subinde
743 2570 892 2619 -illius
939 2570 1204 2618 carminum
1241 2569 1508 2633 specimina
1542 2574 1593 2617 et
1625 2569 1762 2632 quasi
1790 2555 1965 2634 gustus

291 2648 355 2697 ad
389 2664 476 2697 eos
510 2648 883 2712 perferrentur,
927 2650 1215 2699 ediscebant
1246 2649 1460 2712 laetique
1492 2649 1622 2697 iuter
1655 2663 1711 2698 se
1744 2664 1964 2699 commu-

292 2728 534 2777 nicabant.
601 2728 677 2777 Eo
710 2729 859 2795 igitur
892 2735 1119 2794 tempore
1153 2729 1318 2779 ferunt
1349 2728 1620 2793 permultos
1646 2744 1844 2789 eorum,
1878 2726 1964 2792 qui

293 2809 506 2873 sospites
541 2809 742 2857 domum
776 2810 1112 2869 revertissent,
1147 2808 1435 2872 Euripidem
1458 2807 1657 2856 honoris
1685 2822 1857 2855 caussa
1880 2821 1961 2856 sa-

291 2886 478 2936 lutasse
510 2902 568 2936 ac
601 2888 918 2951 praedicasse
951 2888 1072 2937 alios
1125 2904 1180 2937 se
1211 2888 1488 2938 libertatem
1523 2902 1584 2934 ex
1618 2886 1854 2936 servitute
1881 2901 1961 2935 re-

291 2966 504 3030 cepisse,
538 2967 670 3030 quod
705 2984 829 3031 quae
861 2969 1099 3018 memoria
1132 2971 1356 3017 tenerent
1386 2966 1517 3015 illius
1552 2967 1768 3015 carmina
1803 2966 1960 3015 domi-

288 3061 379 3095 nos
414 3046 666 3107 docerent,
701 3048 819 3096 alios
855 3064 936 3110 se,
972 3064 1123 3111 quum
1174 3052 1289 3112 post
1322 3062 1530 3110 pugnam
1565 3050 1793 3111 vagantes
1827 3046 1959 3094 victu

289 3130 531 3183 carerent,
568 3125 678 3174 cibo
711 3134 929 3192 potuque
961 3129 1154 3176 adiutos
1189 3143 1318 3188 esse,
1352 3142 1463 3174 cum
1496 3142 1667 3174 versus
1687 3121 1817 3173 illius
1843 3139 1957 3174 can-

287 3209 466 3254 tarent.
534 3203 643 3267 Quo
675 3207 837 3256 minus
874 3209 1145 3256 mirandum
1181 3212 1290 3268 est,
1334 3205 1462 3269 quod
1499 3205 1706 3254 Caunios
1740 3207 1958 3264 narrant,

290 3299 404 3333 cum
449 3284 689 3349 navigium
739 3287 984 3349 quoddam
1043 3283 1457 3351 (Atheniensium)
1509 3284 1779 3333 latronibus
1826 3285 1956 3332 inse-

288 3364 553 3426 quentibus
586 3366 663 3414 ad.
682 3373 879 3430 portum
915 3383 1086 3416 eorum
1121 3366 1441 3432 confugisset,
1475 3365 1612 3413 initio
1640 3364 1834 3428 quidem
1859 3378 1956 3411 non

288 3443 542 3522 recepisse
589 3446 677 3495 sed
725 3446 1037 3510 prohibuisse
1083 3447 1239 3506 aditu,
1308 3449 1412 3495 tum
1446 3460 1564 3494 vero
1612 3445 1953 3510 interrogasse,
