2144 3854
1116 270 1235 328 132

352 417 585 484 pientiam
617 412 871 474 admirari,
905 415 1150 482 muripidis
1183 414 1401 465 carmina
1431 413 1663 478 recitare,
1712 414 1961 480 inprims
1983 431 2012 465 a

351 498 557 546 Socrate
573 494 779 542 docetur
800 491 1122 560 Phidippides
1147 494 1489 558 Aristophanis
1514 490 1661 557 (Nuh.
1682 494 1826 545 1:371.
1843 492 2011 561 law).

351 573 495 636 Quod
526 572 657 620 idem
687 577 836 636 poeta
865 572 916 621 in
946 574 1097 638 priori
1131 574 1343 624 Nubium
1377 573 1592 622 editione
1617 578 1875 638 posuerat:
1909 572 2013 624 Εὐ-

348 649 563 716 ριπίδου
598 648 646 701 δ’
680 648 713 701 ὁ
744 647 836 710 τὰς
866 651 1158 718 τραγῳδίας
1190 653 1363 704 ποιῶν
1392 649 1483 711 τὰς
1514 650 1892 717 περιλαλούσας
1924 642 2014 704 οὗ-

347 730 437 790 τός
468 726 574 781 ἐστι
604 728 698 790 τὰς
730 729 918 796 σοφάς,
951 734 1046 782 hoc
1079 733 1195 798 quid
1229 733 1362 781 aliud
1394 731 1711 796 significatur,
1745 748 1888 797 qnam
1921 731 2011 782 So-

347 812 581 861 craticam
613 810 971 876 philosophiam
1004 812 1258 877 Euripidis
1291 811 1468 860 fabulis
1514 811 1715 861 inesse?
1766 811 1891 861 Nam
1923 812 2011 862 2.oe-

345 891 457 941 λεῖν
488 890 573 940 isti
602 895 676 939 est
698 890 1048 955 philosophari.
1084 891 1220 939 Idem
1246 905 1418 939 sensus
1446 895 1524 940 est
1549 890 1806 940 verborum
1831 890 2015 940 Calliae

345 975 520 1037 poetae
551 968 754 1018 comici:

473 1047 577 1115 ἤδη
613 1039 680 1098 σὺ
714 1045 875 1114 σεμνὴ
907 1047 996 1099 καὶ
1027 1051 1245 1112 φρονεῖς
1277 1046 1416 1100 οὕτω
1449 1047 1597 1115 μέγα.

473 1125 673 1192 »ἔξεστι
704 1127 806 1193 γάρ
840 1144 930 1192 μοι
949 1140 962 1154 ·
998 1127 1288 1194 Σωκράτης
1308 1127 1419 1194 γὰρ
1454 1127 1664 1188 atnoe?

343 1208 479 1260 Idem
511 1209 724 1272 denique
756 1207 1034 1257 Teleclides
1068 1210 1283 1258 comicus
1317 1210 1538 1259 dixerat:

476 1285 813 1352 Μνησίλοχός
844 1284 946 1338 ἐστ’
981 1284 1194 1348 ἐκεῖνος,
1229 1287 1288 1347 ὃς
1319 1287 1511 1354 φρύγει
1542 1304 1592 1339 τι
1624 1286 1799 1353 δρᾶμα
1827 1286 2014 1339 καινὸν

476 1366 759 1433 Εὐριπίδῃ,
795 1365 884 1417 καὶ
915 1367 1202 1433 Σωκράτης
1233 1365 1298 1418 τὰ
1330 1367 1562 1433 φρύγαν’
1595 1366 1928 1435 ὗποτῶθησιν.

343 1447 577 1498 Ceterum
620 1447 885 1512 Euripides
931 1464 993 1496 ne
1037 1448 1298 1497 Prodicum
1345 1449 1543 1512 quidem
1575 1453 1766 1499 temere
1811 1452 2014 1500 secutus

343 1532 436 1577 est.
502 1526 809 1576 Testimonio
843 1531 919 1575 est
950 1526 1181 1574 Herculis
1227 1541 1465 1589 persona,
1519 1543 1662 1591 qnam
1705 1529 1775 1578 in·
1801 1526 2012 1578 Alcesti-

342 1606 419 1655 dis
463 1605 627 1654 sabula
675 1606 819 1670 plane
867 1605 1111 1653 diversam
1156 1621 1184 1652 a
1229 1604 1471 1654 Prodiceo
1520 1606 1739 1655 Hercule
1779 1605 2015 1656 exhibuit.

473 1685 572 1734 lam
599 1684 867 1743 videamus,
903 1699 997 1747 qua
1021 1684 1206 1732 ratione
1233 1689 1286 1732 et
1309 1683 1360 1732 in
1391 1685 1703 1735 moder-andis
1727 1683 1877 1734 animi
1901 1700 2014 1750 per·-

342 1763 700 1815 turbationibus
718 1763 1043 1811 constantiam
1063 1768 1113 1811 et
1130 1763 1180 1811 in
1206 1763 1385 1812 officiis
1413 1765 1704 1826 probitatem
1729 1765 2014 1814 servandam

341 1859 456 1894 esse
482 1843 709 1891 docuerit
741 1842 1020 1906 Euripides.
1086 1841 1229 1903 Quod
1254 1842 1536 1907 Aristippus
1562 1843 1879 1908 respondisse
1913 1842 2013 1892 fer-

341 1927 426 1972 tur
455 1921 803 1985 interrogatus,
838 1920 953 1984 quid
981 1920 1174 1983 sapiens
1196 1921 1256 1970 ab
1279 1921 1530 1984 insipienti
1553 1917 1806 1973 differret:
1837 1922 2012 1984 „mitte

341 2006 603 2065 utrumque
650 2000 834 2048 nudum
878 1999 940 2048 ad
990 1999 1210 2063 ignotos,
1272 2004 1324 2047 et
1365 2000 1611 2059 videbis;''
1660 2001 1795 2064 quod
1836 2006 2015 2067 sponte

339 2081 654 2144 Anaxagoras
699 2079 845 2138 fecit,
881 2086 953 2137 ut,
990 2077 1157 2126 relicta
1191 2078 1350 2143 patria
1383 2095 1441 2128 ac
1473 2081 1760 2144 patrimonio
1794 2080 2012 2144 cognatis

339 2173 601 2218 concesso,
651 2157 769 2205 nihil
802 2157 991 2222 proprii
1024 2157 1260 2206 retineret
1290 2164 1488 2221 praeter
1521 2159 1832 2224 sapientiam;
1881 2159 2012 2223 quod

337 2238 453 2286 Bias
500 2236 654 2294 dixit,
705 2253 760 2285 se
810 2252 897 2285 sua
931 2237 1089 2284 omnia
1122 2252 1293 2285 secum
1325 2246 1553 2303 portare:
1603 2238 1807 2287 eandem
1842 2239 2012 2288 condi-

339 2318 522 2367 tionem
567 2316 817 2380 plerisque
851 2315 1101 2379 Euripidis
1137 2317 1359 2379 personis
1392 2317 1696 2382 propositam
1729 2331 1843 2366 esee
1873 2318 2009 2366 vide-

338 2411 463 2445 mus.
531 2395 683 2444 Exuti
717 2396 846 2443 enim
877 2410 1059 2458 regno,
1096 2395 1224 2459 pulsi
1257 2396 1441 2459 patria,
1473 2395 1888 2462 privati-opima,
1923 2397 2011 2445 de-

338 2475 501 2525 stituti
533 2491 562 2523 a
587 2475 820 2539 cognatis,
853 2474 1079 2534 humiles,
1113 2475 1295 2534 miseri,
1329 2476 1498 2538 pannis
1527 2475 1691 2536 obsiti,
1722 2476 1837 2539 quin
1863 2476 2010 2526 etiam

338 2554 556 2614 debiles,
590 2554 807 2616 aegroti,
843 2554 1061 2616 corporis
1095 2554 1337 2617 animique
1357 2553 1619 2604 doloribus
1653 2555 1873 2614 cruciati,
1908 2555 2011 2604 for-

336 2639 483 2683 tunae
523 2632 836 2695 hostiumque
867 2631 1078 2680 ludibrio
1125 2633 1363 2698 expositi,
1414 2649 1509 2682 non
1541 2633 1639 2682 iam
1669 2649 1814 2699 reges
1846 2650 2008 2699 neque

336 2711 545 2774 heroes,
596 2712 686 2761 sed
719 2709 838 2760 nudi
869 2711 1100 2760 mortales
1133 2711 1521 2776 experimentum
1559 2712 1676 2761 dare
1705 2713 1902 2763 virtutis
1935 2718 2008 2762 at-

336 2807 435 2855 que
485 2792 752 2857 sapientiae
798 2797 1055 2853 coguntur.
1122 2790 1379 2839 Eiusmodi
1429 2791 1762 2840 mendicorum
1805 2807 2007 2858 gregem

337 2870 455 2918 satis
501 2886 731 2935 magnum
778 2869 1133 2934 Aristophanes
1176 2869 1272 2917 iam
1314 2870 1365 2918 in
1398 2869 1792 2920 Acharnensibus
1826 2871 2006 2936 coegit,

336 2964 432 2998 non
477 2948 695 2997 offensus
738 2947 824 2996 ille
871 2947 1068 3010 quidem
1118 2947 1316 2996 miseria
1349 2963 1667 3011 personarum
1699 2947 2005 3001 heroicarum

337 3025 471 3091 (nam
504 3026 761 3092 Sophoclis
794 3027 995 3089 quidem
1028 3025 1221 3091 Oedipo
1255 3026 1363 3090 quis
1393 3027 1617 3076 miserior
1629 3026 1693 3091 ⁶3),
1730 3028 1816 3078 sed
1841 3030 2005 3094 potius

336 3105 676 3171 philosophia,
721 3105 859 3154 cuius
892 3105 1049 3170 gratia
1081 3106 1129 3154 in
1161 3107 1302 3155 istam
1335 3106 1659 3156 humilitatem
1691 3107 1800 3157 illas
1833 3109 2004 3158 detru-

336 3199 418 3233 sas
453 3201 565 3235 esse
596 3185 815 3234 videret:
848 3185 902 3236 id
934 3185 1066 3248 quod
1099 3185 1367 3235 ostenditur
1397 3185 1780 3250 interrogatione
1800 3186 2004 3238 Dicaeo-

335 3263 537 3328 poleos:

988 3341 1343 3408 ἀναβάδην
1372 3345 1553 3403 ποιεῖς,

465 3415 582 3483 ἐξὸν
614 3436 781 3472 κατα
793 3421 827 3485 β
844 3421 879 3472 ά
891 3420 1012 3487 δην
1023 3442 1038 3483 ,·
1075 3423 1175 3475 οὐκ
1207 3421 1320 3484 ἐτὸς
1352 3416 1555 3490 χωλοὺς
1587 3424 1764 3482 ποιεῖς.
