2144 3854
1127 267 1249 326 204

487 417 863 484 „Remisque
886 416 1446 482 nixiproperiter
1469 432 1696 467 navem
1717 418 2023 484 insugam

496 496 886 547 Transdunt
930 496 1166 546 subter
1207 512 1377 545 saxa
1427 495 1508 545 ad
1554 497 1846 557 laevam,
1897 516 2023 566 qua

1181 593 1357 626 mons
1390 593 1566 626 mare

494 654 844 707 Mollibat'’
873 654 944 720 *).

357 738 617 788 lusanabili
650 737 854 787 vulnere
888 737 1188 786 laborantem
1225 736 1443 800 Delphos
1477 738 1661 788 adiisse
1694 753 1752 787 ac
1785 737 1850 787 de
1883 753 2025 787 sana-

356 821 490 869 tione
521 819 768 868 oraculum
804 816 1126 865 consuluisse.
1195 816 1239 866 A
1272 818 1365 865 deo
1399 820 1667 881 monitum,
1712 823 1772 868 ut
1810 819 1859 867 in
1895 820 2026 884 Aga-

356 899 628 948 memnonis
661 897 806 946 domo
851 895 1123 945 remedium
1168 903 1459 961 quaereret,
1506 901 1667 963 Argos
1710 899 1907 949 venisse
1957 903 2026 959 et,

358 995 506 1043 quum
539 978 792 1027 introitum
826 993 854 1025 a
886 976 1091 1025 ianitore
1117 974 1377 1040 flagitando
1400 979 1729 1042 impetrasset,
1763 978 2027 1028 confestim

358 1074 416 1108 se
449 1058 500 1106 in
528 1057 792 1107 sacrarium
817 1056 1104 1105 coniecisse.
1171 1055 1265 1105 His
1288 1058 1526 1123 expositis
1549 1059 1886 1123 precationem
1909 1050 2027 1108 subss·

357 1137 514 1203 iungit
544 1137 844 1202 ambiguam:

487 1216 659 1276 καλῶς
690 1211 875 1282 ἔχοιμι,
916 1212 1138 1281 Τηλέφῳ
1173 1213 1222 1265 δ’
1256 1212 1367 1282 άγὼ
1400 1217 1604 1282 φρονῶ.

359 1296 489 1346 Tum
522 1299 629 1346 vice
658 1296 901 1362 hospitis,
934 1301 990 1345 ut
1022 1296 1108 1346 ille
1138 1296 1199 1346 ab
1233 1296 1598 1362 Agamemnone
1628 1297 1679 1348 in
1712 1297 1862 1348 fidem
1897 1298 2027 1348 reci-

355 1377 535 1442 piatur,
567 1376 783 1440 rogando
816 1377 1029 1442 perficit.
1348 1425 1356 1433 ,

487 1457 586 1506 lam
619 1456 758 1506 locus
793 1455 938 1504 datur
972 1456 1117 1504 alteri
1151 1455 1321 1518 choro,
1355 1472 1451 1520 quo
1485 1457 1700 1522 hospitis
1735 1460 1920 1508 sortem
1959 1458 2027 1507 ci-

360 1552 444 1586 ves
476 1535 695 1585 miserati
730 1550 844 1584 esse
876 1535 1136 1583 videntur:

491 1613 645 1678 ἀρκεῖ
672 1612 856 1679 μετρία
890 1612 1042 1678 βιοτά
1074 1630 1168 1679 μοι
1201 1612 1484 1680 σώφρονος
1515 1612 1786 1682 τραπέζης,

489 1692 550 1747 τὸ
600 1694 650 1747 δ’
694 1696 922 1760 ἄκαιρον
967 1692 1112 1746 ἅπαν
1153 1693 1265 1746 τόδ’
1312 1693 1644 1762 ὑπερβάλλον
1683 1711 1737 1748 τε
1769 1693 1842 1764 μὴ
1874 1711 2030 1763 προς·

1188 1774 1341 1840 είμαν
1367 1776 1466 1841 **).

357 1856 484 1907 Dum
518 1854 789 1921 TelephuS,
825 1871 1055 1921 egressus
1088 1872 1151 1907 ex
1183 1857 1404 1919 aedibuS,
1438 1857 1503 1906 de
1535 1872 1770 1906 successu
1803 1856 1899 1906 sibi
1920 1873 2030 1922 gra-

358 1938 558 1996 tulatur,
592 1936 786 2001 trepida
818 1936 952 1985 venit
991 1938 1176 2001 regina,
1211 1953 1274 1986 ex
1312 1938 1452 1985 cuius
1477 1936 1614 1986 vultu
1641 1937 1756 1986 mali
1778 1936 2030 2002 quidpiam

359 2017 615 2067 imminere
645 2015 792 2064 facile
824 2016 1145 2080 intelligeret:

491 2096 697 2146 ἄνασσα
729 2093 972 2158 πράγους
1003 2093 1162 2146 τοῦδε
1195 2093 1284 2146 καὶ
1311 2092 1690 2159 βουλεύματος,

489 2173 540 2226 τί
571 2192 662 2239 μοι
693 2172 1013 2239 σκυθρωπὸς
1044 2171 1358 2243 ἐξελήλυθας
1394 2174 1574 2241 δόμων
1584 2194 1599 2234 3

361 2255 455 2306 Cui
502 2255 683 2305 deinde
731 2255 1123 2320 Clytaemnestra
1166 2258 1326 2322 aperit
1368 2257 1585 2306 delatum
1632 2271 1745 2306 esse
1778 2254 1839 2303 ad
1874 2255 2028 2305 duces

361 2336 694 2387 certissimum
737 2337 956 2385 nuntium
1005 2337 1069 2386 de
1115 2336 1329 2402 Telephi
1378 2338 1559 2386 itinere
1605 2341 1755 2399 atque
1798 2335 2029 2396 adventu,

361 2431 454 2466 nec
486 2416 686 2465 dubium
719 2432 859 2476 esse,
906 2416 1021 2481 quin
1053 2416 1263 2481 Ulysses
1297 2433 1404 2467 rem
1435 2417 1574 2467 brevi
1606 2415 1908 2480 exploratam
1939 2416 2030 2465 ha-

361 2495 553 2546 biturus
589 2496 667 2545 sit.
734 2496 976 2559 Quocirca
1009 2512 1122 2546 eum
1156 2502 1341 2559 monet,
1375 2502 1432 2546 ut
1465 2497 1561 2546 sibi
1593 2494 1849 2545 consulat:

491 2573 720 2638 „Nunc
768 2582 839 2626 tu
889 2578 956 2626 in
999 2593 1066 2626 re
1111 2593 1399 2644 crepera
1443 2581 1559 2626 tua
1592 2574 1753 2643 quid
1786 2575 2031 2624 consili

1214 2659 1477 2725 capias,
1511 2654 1699 2706 πάθ’
1730 2652 1853 2720 ἐπ’.)

361 2735 434 2786 lbi
467 2735 720 2800 Telephus
754 2737 952 2801 reginae
984 2738 1279 2802 persuadet,
1315 2743 1368 2786 ut
1402 2737 1629 2785 Orestem
1663 2734 1898 2782 infantem
1933 2731 2030 2782 sibi

362 2831 454 2879 pro
489 2814 661 2864 obside
694 2815 870 2876 tradat,
906 2833 1003 2882 quo
1037 2833 1094 2867 se
1127 2822 1312 2867 tutetur
1326 2814 1485 2879 ****).
1521 2816 1946 2879 Clytaemnestrae
1976 2812 2030 2860 in

440 2928 488 2982 *)
517 2928 623 2970 Attii
651 2928 816 2986 fragm.
843 2927 886 2972 4.

420 2997 487 3052 **)
516 2997 698 3054 Fragm.
729 2998 814 3041 inc.
844 3012 886 3040 n.
915 2997 1013 3041 163.
1041 2998 1204 3042 Matth.

363 3067 478 3121 ***)
505 3067 612 3109 Attii
638 3067 805 3124 fragm.
833 3082 876 3111 n.
905 3067 948 3110 5.

365 3136 478 3192 ****)
504 3137 673 3193 Hygin.
705 3139 736 3180 l.
766 3139 823 3180 L:
863 3138 1067 3192 „Monitu
1095 3139 1473 3196 Clytaemestrae
1501 3135 1704 3180 Orestem
1731 3135 1944 3179 infantem
1971 3133 2029 3177 de

501 3207 730 3250 cunabulis
767 3208 961 3264 rapuit.”
1024 3209 1179 3252 Schol.
1217 3208 1441 3263 Aristoph.
1482 3206 1677 3250 Acharn.
1716 3206 1824 3250 332:
1872 3202 1933 3249 τὰ
1976 3203 2029 3248 δὲ

501 3277 676 3334 μεγάλα
701 3275 836 3333 πάθη
866 3277 1112 3332 ὐποπαίζει
1140 3280 1223 3334 τῆς
1250 3278 1524 3335 τραγῳδίας·
1567 3276 1664 3321 ἐπεὶ
1701 3275 1781 3320 καὶ
1818 3271 1845 3319 ὁ
1882 3272 2029 3330 Τήλε-

503 3363 593 3402 φος
619 3345 737 3391 κατά
765 3346 849 3391 τὸν
877 3348 1222 3407 τραγῳδοποιόν
1251 3348 1469 3404 Αἰσχύλον
1498 3349 1602 3403 (scr.
1633 3344 1922 3405 Εὐριπίδην),
1951 3344 2029 3388 ἵνα

501 3416 617 3474 τύχῃ
653 3414 781 3476 παρὰ
821 3421 918 3471 τοῖς
942 3414 1127 3476 Ἕλλησι
1164 3420 1409 3477 σωτηρίας,
1448 3416 1532 3464 τὸν
1556 3414 1776 3476 Ὀρέστην
1803 3413 1892 3472 εἶχε
1920 3417 2028 3459 συλ-

504 3484 668 3545 λαβών.
