2176 3874
948 286 1071 344 5⁰9

165 433 245 483 Ex
277 432 453 484 eodem
487 433 599 483 loco
634 434 712 484 vel
746 450 914 483 omnes
949 435 1027 482 vel
1060 449 1176 498 pars
1210 446 1379 482 eorum
1414 432 1718 499 Iphigeniam
1750 435 1841 484 im·

167 514 412 563 molatura
445 514 709 578 postmodo
738 514 868 562 freto
891 515 1099 562 traiecto
1120 516 1170 563 in
1186 512 1386 562 Troiam
1413 516 1601 563 redisse
1627 515 1844 580 putanda

167 598 249 644 est
280 590 348 660 *).
416 593 728 643 Prooemium
762 592 960 643 dicendi
992 609 1168 642 munus
1202 594 1429 642 manibus
1453 595 1732 644 mandatum
1767 599 1845 643 est

166 673 421 724 interfecti
454 674 706 738 Polydori,
744 675 879 723 cuius
913 672 1088 732 anima,
1124 675 1342 737 corporis
1378 674 1586 723 liberata
1618 674 1843 735 vinculis,

166 752 324 802 instar
357 755 437 802 dei
480 770 577 803 non
624 756 784 804 minus
830 754 994 802 futura
1038 754 1327 818 praedicere
1380 770 1526 817 quam
1576 742 1846 819 praeterita

167 834 433 898 explanare
468 840 517 884 et
551 834 940 900 locupletissime
974 833 1225 881 auditores
1274 833 1454 882 docere
1489 839 1672 898 posset.
1739 834 1844 883 Diis

164 914 325 975 enim,
373 930 469 978 quo
519 915 823 964 manifestior
871 918 1008 962 esset
1040 912 1279 960 Hecubae
1328 913 1573 974 solitudo,
1619 914 1845 963 consulto

166 1003 336 1043 noster
369 997 661 1044 abstinuisse
682 994 890 1044 videtur.
958 993 1178 1042 Manium
1207 1001 1368 1041 autem
1393 994 1701 1057 praesentiae
1728 1010 1843 1042 cave

165 1074 431 1138 quidquam
464 1075 798 1134 immanitatis,
834 1075 965 1138 quod
987 1074 1246 1123 horrorem
1265 1078 1617 1138 stuporemque
1639 1074 1845 1135 inficiat,

166 1155 331 1203 inesse
375 1162 546 1220 putes:
593 1154 883 1220 longissime
931 1155 1063 1204 enim
1098 1154 1278 1202 Graeci
1322 1153 1660 1220 abfueruntss
1694 1154 1841 1202 terri-

169 1235 409 1295 culorum,
445 1235 621 1297 quibus
657 1235 976 1284 mulierculae
1002 1235 1243 1299 puerique
1266 1239 1594 1294 moverentur,
1628 1234 1844 1295 fictione,

169 1319 224 1363 ut
257 1314 494 1378 quidquid
528 1313 607 1360 vel
642 1314 847 1363 deorum
875 1315 954 1363 vel
977 1315 1270 1363 daemonum
1304 1314 1380 1363 vel
1404 1314 1620 1363 manium
1643 1330 1843 1379 reprae-

166 1398 420 1442 sentarent
455 1394 658 1441 naturali
694 1401 743 1442 et
777 1395 964 1458 vulgari
1010 1394 1169 1443 forma
1212 1395 1495 1459 praeditum
1537 1394 1845 1444 inducerent.

166 1472 395 1522 Nondum
430 1475 538 1522 dies
571 1473 751 1533 illuxit,
786 1491 895 1523 cum
919 1475 1154 1539 Polydori
1189 1475 1349 1523 anima
1384 1491 1445 1524 ex
1460 1476 1671 1524 tentorio
1695 1475 1844 1536 redit,

165 1553 217 1601 in
251 1568 348 1616 quo
382 1569 582 1602 versans
617 1555 944 1604 dormientem
978 1562 1186 1604 matrem
1220 1556 1517 1603 somniorum
1551 1556 1667 1604 visis
1701 1571 1845 1621 prae-

164 1633 358 1683 monuit
402 1630 501 1697 **>.
591 1634 771 1684 Refert
836 1641 1001 1686 autem
1064 1652 1118 1685 se
1176 1635 1433 1699 parvulum
1496 1635 1844 1700 Polymestori,

167 1714 417 1763 Thracum
454 1721 683 1778 tyranno,
735 1733 844 1766 cum
888 1733 1064 1782 magna
1109 1717 1214 1765 auri
1261 1716 1308 1763 vi
1340 1715 1610 1776 traditum,
1659 1716 1841 1776 statim,

166 1800 431 1861 postquam
476 1795 628 1845 Troia
675 1803 815 1861 capta
863 1798 1045 1857 fuerit,
1092 1813 1119 1844 a
1166 1796 1358 1861 perfido
1403 1796 1627 1861 hospite,
1675 1795 1760 1859 qui
1793 1801 1844 1844 et

164 1875 428 1940 pecuniam
462 1878 680 1926 retinere
714 1885 762 1926 et
798 1878 1099 1927 Graecorum
1145 1879 1352 1941 gratiam
1386 1876 1512 1924 Inire
1544 1876 1721 1935 vellet,
1769 1877 1843 1925 in-

164 1955 431 2005 terfectum
467 1962 518 2004 et
551 1959 601 2006 in
637 1960 784 2007 maris
818 1959 975 2007 undas
998 1960 1243 2007 abiectum
1262 1973 1400 2017 esse;
1434 1973 1562 2006 nunc
1584 1956 1846 2021 impetrata

166 2037 227 2084 ab
262 2035 436 2085 inferis
473 2037 567 2086 diis
601 2039 844 2087 redeundi
878 2039 1044 2097 venia,
1098 2045 1151 2086 ut
1185 2037 1399 2102 sepulcri
1430 2038 1672 2086 honorem
1705 2053 1844 2086 asse-

164 2121 370 2181 quatur,
422 2122 474 2165 et
518 2119 680 2182 ipsum
726 2120 870 2166 matri
915 2119 963 2166 in
999 2118 1184 2166 somnis
1224 2132 1463 2182 apparere
1497 2123 1548 2165 et
1580 2133 1759 2182 corpus
1793 2117 1845 2166 in

162 2197 335 2246 littore
370 2198 583 2249 eiectum
611 2204 930 2247 ostensurum
965 2215 1094 2246 esse.
1163 2197 1319 2246 Simul
1353 2197 1647 2261 Polyxenae,
1684 2197 1846 2245 sorori

164 2291 299 2336 suae,
332 2277 698 2340 postulantibus
716 2279 921 2327 Achillis
946 2279 1182 2337 manibus,
1220 2277 1526 2341 pereundum
1543 2293 1658 2326 esse
1680 2282 1846 2326 osten-—

166 2355 266 2404 dit:
307 2355 360 2402 id
396 2357 525 2404 enim
570 2373 596 2404 a
632 2357 838 2405 Graecis
874 2358 925 2405 in
958 2357 1039 2404 illa
1074 2359 1378 2405 chersoneso
1412 2359 1712 2405 morantibus
1747 2357 1843 2422 agi,

166 2440 224 2483 ut
256 2435 446 2500 virgine
479 2435 777 2484 immolanda
812 2435 1073 2485 fortissimi
1116 2437 1207 2484 viri
1250 2438 1473 2485 manibus
1519 2436 1844 2487 satisfaciant.

166 2514 280 2564 Uno
314 2515 467 2578 igitur
500 2516 579 2563 die
614 2516 823 2564 duorum
873 2516 1139 2564 liberorum
1191 2516 1366 2564 funera
1399 2516 1575 2563 mulier
1608 2516 1845 2564 infelicis-

166 2595 308 2654 sima,
344 2611 471 2658 quae
505 2596 830 2644 cummaxime
864 2612 892 2644 e
918 2596 1144 2656 tentorio,
1182 2596 1480 2644 somniorum
1505 2595 1622 2644 visis
1654 2597 1844 2656 territa,

165 2674 513 2739 progreditur,
557 2676 854 2739 adspectura
906 2682 999 2724 est.
1066 2675 1176 2724 Hae
1219 2691 1300 2724 res
1335 2677 1472 2739 ipsae
1513 2676 1636 2724 citra
1669 2675 1844 2725 verbo-

162 2771 275 2804 rum
310 2761 558 2804 tumorem
591 2756 711 2804 satis
747 2756 1024 2806 auditorum
1059 2756 1246 2805 animos
1290 2760 1427 2804 metu
1459 2759 1608 2819 atque
1640 2756 1846 2806 misera-

162 2835 300 2884 tione
333 2841 592 2901 occupant.
1577 2898 1582 2903 .

300 2915 721 2979 Repraesentatur
752 2917 800 2966 in
833 2932 981 2966 scena
999 2916 1376 2983 Agamemnonis
1394 2916 1698 2981 praetorium
1731 2932 1845 2965 cum

161 2996 313 3046 valvis
347 2996 532 3059 tribuS‚
566 2997 728 3046 media
762 2998 898 3063 regia
932 3004 984 3048 et
1015 2997 1204 3047 duabus
1237 2996 1580 3061 hospitalibus.
1650 2996 1726 3046 Ex
1755 2997 1845 3046 ha-

221 3193 274 3248 ⁹⁶)
302 3192 467 3235 Confer
496 3206 609 3248 quae
639 3193 694 3234 de
725 3205 858 3235 scena
888 3192 1102 3236 dramatis
1120 3193 1350 3251 Pflugkius
1379 3197 1424 3236 et
1451 3191 1691 3248 praecipue
1712 3192 1843 3235 Som-

302 3276 454 3306 merus
484 3264 778 3319 disputarunt.

194 3331 271 3387 aaz)
298 3333 506 3376 Tertium
534 3335 627 3377 iam
656 3334 775 3375 diem
803 3333 960 3376 relicto
991 3348 1095 3376 orco
1123 3339 1315 3391 vagatur
1344 3336 1409 3388 (v.
1441 3332 1564 3387 320:
1604 3332 1707 3375 inde
1732 3331 1845 3375 illud

306 3399 406 3458 ἥκω
446 3405 620 3462 νεκρῶν
667 3404 917 3459 κευθμῶνα
962 3403 1040 3447 καὶ
1079 3405 1249 3449 σκότου
1289 3404 1436 3454 πύλας
1471 3401 1617 3448 λιπών
1657 3416 1745 3446 non
1786 3403 1843 3447 ad

301 3485 510 3528 praesens
537 3479 716 3532 tempus
742 3474 1028 3519 referendum
1058 3490 1155 3519 esse
1184 3475 1461 3534 intelligitur.
1643 3476 1645 3479 ’
