2144 3854
1022 293 1146 350 326

269 450 392 500 haec
425 460 536 497 cum
569 441 899 508 Aristophane
929 439 1132 490 rideat‘!
1198 439 1251 488 In
1283 437 1538 488 mendicos
1569 440 1701 491 enim
1732 441 1818 492 hic
1848 458 1930 495 ss-

267 529 460 594 pientes
491 522 786 587 Euripideos
819 519 1053 570 mutando
1085 519 1291 569 efficere
1336 518 1552 580 studuit,
1595 536 1658 570 ne
1703 538 1800 586 qu·
1842 534 1929 573 m.

267 622 410 672 quam
445 602 641 652 virtutis
675 602 1032 666 probitatisque
1065 599 1257 663 species
1289 598 1340 647 in
1373 598 1505 647 illius
1538 601 1740 664 scriptis
1764 602 1930 653 inesse

264 686 528 735 videretur.
594 681 731 730 Idem
764 681 988 730 astutiam
1012 680 1360 742 audaciamque
1378 694 1697 743 personarum
1724 681 1775 730 in
1789 681 1928 732 The-

265 761 701 827 smophoriazuson
746 761 911 809 fabula
956 759 1271 825 perstrinxit,
1318 775 1412 822 qua
1460 758 1626 808 fabula
1669 760 1930 816 mulierum

264 842 428 893 odium
461 839 711 905 Euripidis
743 840 902 890 solum
935 839 1261 889 demonstrari
1296 844 1469 903 putant
1513 839 1761 898 homines,
1807 856 1930 905 quo-

263 938 374 972 rum
407 919 584 980 animi,
631 935 779 983 quum
828 920 972 969 nimis
1027 920 1112 969 diu
1145 919 1197 967 in
1230 919 1461 983 Aeschyli
1492 921 1722 968 monstris
1756 927 1928 986 stupo-

263 1005 393 1061 rent,
427 1002 794 1065 obtorpuerunt.
863 999 1097 1048 Mulieres
1130 999 1329 1063 quidem
1364 1006 1414 1047 et
1447 999 1508 1046 ad
1543 999 1806 1048 vincendas
1841 1016 1928 1050 cu-

260 1079 453 1146 pidines
487 1079 648 1128 minus
673 1079 832 1128 fortes
860 1085 909 1127 et
937 1079 997 1127 ad
1021 1079 1221 1127 fraudes
1250 1080 1598 1142 excogitandas
1625 1080 1929 1130 sollertiores

262 1174 375 1210 esse
418 1159 549 1208 inter
593 1174 762 1207 omnes
810 1163 1018 1208 constat.
1105 1157 1334 1223 Magnam
1377 1158 1527 1220 igitur
1561 1175 1730 1207 earum
1763 1161 1812 1210 in
1845 1161 1928 1210 ina

259 1237 511 1303 provincia
543 1237 926 1286 administranda
959 1253 1158 1302 operam
1193 1253 1304 1286 esse
1338 1253 1545 1287 necesse
1577 1238 1685 1288 fuit.
1772 1241 1928 1289 Acce-

259 1311 365 1376 dit,
425 1318 555 1381 quod
605 1317 1048 1381 perturbationibus
1099 1317 1244 1365 animi
1289 1318 1618 1381 exprimendis
1663 1319 1927 1383 plurimum

259 1411 440 1459 operae
474 1396 611 1445 dedit
644 1396 935 1460 Euripides:
970 1412 1174 1460 quarum
1211 1413 1358 1460 quum
1390 1397 1520 1446 nulla
1543 1398 1798 1447 difficilius
1819 1399 1927 1449 vin·-

259 1480 416 1538 catur,
445 1476 575 1525 nulla
611 1474 807 1525 familiis
842 1477 1165 1542 perniciosior
1197 1476 1279 1536 sit,
1315 1493 1456 1540 quam
1492 1493 1644 1537 amor,
1677 1478 1830 1528 facile
1868 1479 1926 1528 li-

259 1559 343 1604 cet
373 1555 652 1616 aestimare,
686 1572 832 1620 quam
867 1557 1042 1605 crebro
1075 1556 1147 1604 illi
1179 1557 1229 1605 in
1261 1556 1524 1605 mulierum
1557 1556 1826 1607 sceleribus
1864 1558 1926 1606 il-

255 1633 519 1683 lustrandis
561 1637 853 1686 versandum
898 1637 1061 1685 fuerit.
1143 1635 1267 1684 Nam
1303 1635 1503 1684 Ovidius
1537 1636 1814 1702 tragoedias
1846 1652 1927 1686 re-

257 1727 498 1774 censens,
558 1730 682 1778 quae
716 1717 894 1765 amoris
929 1715 1180 1764 materiam
1230 1715 1521 1777 habuerint,
1565 1732 1720 1781 paene
1757 1732 1927 1767 omnes

258 1791 553 1857 Euripideas
587 1796 806 1845 nominat
840 1795 1017 1857 (Trist.
1043 1795 1102 1856 11,
1129 1797 1225 1843 381
1257 1795 1449 1859 seqq.):
1815 1863 1819 1866 q

384 1870 566 1935 „Nam
590 1874 714 1942 quid
747 1876 803 1925 in
837 1875 1214 1943 Hippolyto
1248 1876 1351 1923 nisi
1378 1892 1568 1925 caecae
1585 1876 1808 1938 flamma
1833 1892 1924 1926 no-

1083 1956 1308 2003 vercae?

486 2029 692 2081 Nobilis
727 2039 804 2082 est
843 2033 1105 2082 Canace
1135 2034 1326 2098 fratris
1361 2050 1533 2082 amore
1564 2035 1661 2083 sui.

388 2107 566 2171 Quid?
598 2127 702 2160 non
756 2111 1194 2172 Tantalides,
1248 2114 1487 2178 agitante
1523 2113 1777 2180 Cupidine
1809 2131 1923 2166 cur-

1081 2207 1185 2250 ras,

485 2265 726 2316 Pisaeam
759 2268 994 2335 Phrygiis
1025 2272 1170 2319 vexit
1207 2271 1426 2320 eburnus
1462 2273 1640 2338 equis?

388 2345 634 2411 Tingeret
667 2354 726 2395 ut
746 2349 955 2411 ferrum
988 2356 1230 2399 natorum
1260 2354 1518 2416 sanguine
1550 2359 1735 2416 mater,

484 2424 722 2475 Concitus
758 2443 791 2475 a
826 2427 966 2476 laeso
986 2431 1126 2492 fecit
1162 2446 1334 2479 amore
1368 2430 1532 2483 dolor.

384 2502 451 2554 Si
479 2521 582 2554 non
615 2505 669 2553 A
685 2522 750 2553 er
763 2522 835 2571 op
852 2523 927 2555 en
947 2510 1126 2571 frater
1157 2510 1441 2559 sceleratas
1476 2517 1714 2573 amasset,

482 2585 705 2633 Aversos
740 2583 877 2635 Solis
911 2603 1013 2636 non
1047 2590 1335 2653 legeremus
1370 2606 1539 2656 equos.

383 2663 555 2730 Impia
587 2680 689 2713 non
721 2667 949 2731 tragicos
981 2670 1237 2734 tetigisset
1274 2668 1506 2734 Scylla
1540 2669 1827 2735 cothurnos,

481 2741 559 2791 Ni
586 2745 821 2808 patrium
855 2748 1046 2796 crinem
1082 2747 1391 2798 desecuisset
1426 2765 1580 2799 amor.

382 2821 484 2886 Qui
516 2824 647 2888 legis
679 2824 1030 2875 Electram
1067 2834 1118 2876 et
1154 2835 1388 2894 egentem
1421 2830 1606 2878 mentis
1637 2828 1884 2891 Orestem,

474 2903 718 2968 Aegisthi
753 2906 945 2954 crimen
985 2906 1402 2974 Tyndaridosque
1435 2908 1582 2973 legis.

385 2979 525 3030 Nam
548 2981 673 3048 quid
701 2982 767 3032 de
799 2987 983 3035 tetrico
1005 2989 1231 3051 reseram
1265 2987 1591 3037 domitore
1629 2985 1915 3037 Chimae-

1100 3084 1232 3128 rae,

481 3137 644 3201 Quem
677 3141 781 3190 leto
802 3144 984 3206 sallas·
1017 3146 1220 3213 hospita
1247 3161 1420 3213 paene
1453 3143 1643 3194 dedit?

380 3216 517 3281 Quid
550 3219 731 3286 loquar
765 3220 828 3270 H
838 3240 903 3272 er
920 3225 1371 3293 mionen2-quid
1386 3231 1456 3287 te,
1489 3223 1782 3276 Schoeneia
1803 3225 1914 3275 vir-

1091 3308 1195 3370 go?

487 3376 674 3444 Teque,
712 3377 998 3445 Mycenaeo
1030 3384 1258 3437 Phoebas
1291 3390 1469 3435 amata
1502 3381 1663 3434 duci?
