2176 3874
1099 306 1222 362 436

346 458 484 507 sime.
550 453 767 512 Vellem,
818 450 988 515 aliquis
1024 452 1142 500 satis
1187 454 1331 500 acuto
1378 453 1524 513 atque
1573 449 1785 512 eleganti
1829 449 2013 500 iudicio
2069 455 2072 458 ’

346 535 597 601 praeditus
630 532 681 580 in
712 536 937 580 naturam
971 531 1268 591 carminum,
1314 529 1486 593 quibus
1530 528 1606 592 agi
1649 528 1899 592 finguntur
1929 544 2013 578 res

345 614 618 678 quibusque
651 615 819 675 gestae
852 615 1140 669 narrantur,
1174 609 1441 673 inquireret
1474 607 1578 665 sic,
1625 611 1682 656 ut
1714 624 1805 673 pro
1839 624 2013 658 exem-

346 692 563 756 plaribus
599 689 862 753 propositis
898 688 1127 752 Cyclopis
1160 689 1413 751 Rhesique
1461 687 1640 736 fabulis
1675 693 1726 736 et
1758 703 1869 737 cum
1904 686 2013 735 Ho-

344 770 468 819 meri
501 768 773 823 narratione
807 769 1123 832 comparatis,
1172 768 1289 831 quid
1336 767 1530 831 utrique
1577 767 1747 831 generi
1793 768 2014 827 deceret,

346 848 644 898 ostenderet.
724 846 881 895 Huius
944 848 1072 895 enim
1123 847 1313 895 decoris
1369 847 1672 911 ignoratione
1730 845 2016 910 gravissime

346 934 556 993 peccant
588 927 740 976 nostri
787 931 989 990 poetae,
1035 941 1239 989 quorum
1289 926 1331 973 si
1379 927 1486 989 quis
1523 925 1752 990 Cyclopis
1799 916 2016 990 fabulam

346 1007 686 1059 illustrandam
706 1006 980 1065 sumsisset,
1016 1022 1111 1053 non
1137 1005 1324 1065 dubito,
1360 1006 1474 1068 quin
1509 1006 1822 1070 gravissimas
1849 1009 2015 1069 partes

347 1087 490 1136 arieti
522 1086 777 1135 tribuisset
811 1086 1020 1147 agendas
1055 1091 1105 1132 et
1129 1090 1388 1148 apparatus
1413 1085 1589 1132 scenici
1623 1085 1840 1133 novitate
1872 1099 2015 1148 quam

346 1167 504 1230 ipsius
540 1165 767 1214 carminis
802 1164 983 1211 virtute
1017 1164 1263 1211 theatrum
1307 1165 1415 1228 capi
1445 1164 1699 1227 tenerique
1731 1163 2016 1221 maluisset;

347 1245 508 1304 idem,
559 1258 654 1307 quo
699 1242 854 1302 magis
903 1243 1087 1290 scilicet
1134 1242 1208 1289 sui
1251 1243 1430 1305 ingenii
1473 1244 1542 1291 vis
1577 1243 1722 1307 plane
1756 1241 2018 1305 singularis

347 1326 638 1389 appareret,
685 1321 946 1370 abiecisset
980 1320 1213 1384 quidquid
1249 1322 1360 1370 boni
1392 1321 1639 1370 Homerus
1674 1320 2017 1386 suppeditaret

349 1408 402 1452 et
435 1401 770 1450 substituisset
802 1399 1000 1465 frigida,
1034 1401 1174 1460 levia,
1210 1401 1390 1459 mollia,
1425 1401 1604 1464 inepta.
1670 1400 1864 1450 Horum
1898 1414 2017 1448 con-

349 1482 552 1531 trarium
587 1481 646 1528 ab
676 1479 916 1544 Euripide
943 1479 1127 1527 factum
1152 1495 1264 1528 esse
1297 1479 1543 1542 intelligis.
1607 1479 1683 1528 De
1716 1494 1806 1528 suo
1829 1478 2019 1527 addidit

351 1565 543 1624 satyros
578 1564 727 1623 atque
761 1575 837 1618 eo,
873 1575 969 1622 quo
1004 1560 1051 1606 in
1072 1559 1218 1607 rebus
1245 1559 1544 1607 inveniendis
1566 1558 1790 1607 acumine
1822 1572 2019 1622 semper

351 1638 566 1696 excellit,
601 1643 652 1686 et
687 1639 874 1702 priores
904 1653 1073 1686 eorum
1097 1654 1240 1686 casus
1267 1642 1318 1687 et
1337 1641 1643 1702 praesentes„
1656 1636 1873 1686 actiones
1907 1651 2020 1684 cum

350 1718 499 1768 rebus
532 1717 592 1765 ab
618 1717 835 1766 Homero
869 1718 1061 1765 traditis
1095 1718 1359 1767 contexuit.
1428 1716 1628 1766 Gratam
1663 1717 2021 1778 iucundamque

350 1797 542 1861 graecis
587 1797 863 1845 hominibus
913 1811 1173 1860 personam
1216 1802 1492 1861 satyrorum
1541 1798 1591 1845 in
1635 1795 1812 1846 fabulis
1861 1793 2021 1844 fuisse

352 1877 510 1935 adeo,
544 1882 600 1926 ut
633 1892 786 1942 genus
822 1875 1095 1925 dramatum
1130 1877 1382 1940 peculiare
1414 1880 1729 1936 nasceretur,
1777 1875 1909 1939 quod
1941 1889 2021 1922 sa-

352 1956 562 2020 tyricum
579 1955 926 2019 appellaretur,
960 1955 1103 2018 vulgo
1126 1960 1297 2003 notum
1322 1960 1414 2003 est.
1484 1955 1814 2016 Quamobrem
1839 1969 2022 2019 operae

352 2035 568 2100 pretium
604 2042 681 2082 est
703 2048 959 2096 quaerere,
982 2034 1210 2096 quidnam
1228 2033 1543 2097 potissimum
1561 2037 1824 2096 sequentes
1842 2031 2023 2082 Graeci

356 2119 634 2177 satyrorum
668 2127 831 2159 mores
857 2117 1001 2174 atque
1026 2111 1219 2175 ingenia
1237 2116 1353 2160 ante
1374 2112 1543 2160 oculos
1575 2111 1878 2174 frequentius
1903 2110 2022 2173 poni

355 2190 613 2240 voluerint.
681 2189 908 2238 Ostendit
952 2189 1144 2238 illorum
1189 2206 1433 2255 persona,
1481 2193 1660 2253 quanta
1706 2190 1772 2238 sit
1814 2194 2020 2238 naturae

355 2270 610 2329 humanae,
645 2268 688 2316 si
719 2267 852 2316 nullo
879 2268 1149 2317 honestatis
1184 2270 1365 2328 studio,
1399 2268 1532 2318 nulla
1563 2268 1860 2318 continentia
1881 2267 2019 2317 cohi-

356 2350 547 2405 beatur,
582 2346 849 2411 turpitudo.
917 2347 1044 2396 Nam
1076 2348 1312 2412 quidquid
1337 2352 1502 2414 agunt,
1538 2349 1770 2412 cogitant,
1806 2346 2022 2397 sentiunt

357 2426 419 2475 ad
438 2425 662 2476 libidines
696 2431 883 2475 temere
915 2425 1179 2490 explendas
1211 2432 1415 2492 spectat.
1484 2427 1611 2476 Esse
1645 2427 1730 2491 qui
1772 2425 1852 2476 vel
1885 2441 2021 2476 com-

358 2505 517 2555 munis
553 2505 778 2554 utilitatis
813 2505 1025 2555 tuendae
1059 2506 1137 2554 vel
1171 2506 1370 2570 pietatis
1402 2507 1479 2555 vel
1508 2507 1665 2555 laudis
1699 2505 1861 2556 studio
1894 2506 2022 2571 peri-

360 2584 470 2633 cula
502 2583 662 2646 adeat,
698 2584 781 2647 qui
814 2585 892 2633 vel
924 2601 1067 2634 suum
1101 2585 1407 2635 commodum
1435 2586 1594 2635 alieno
1616 2585 1694 2634 vel
1709 2590 2022 2650 praesentem

358 2664 654 2728 voluptatem
688 2663 886 2713 futurae
919 2664 1064 2713 saluti
1098 2670 1377 2729 postponat,
1417 2665 1497 2714 vix
1529 2664 1721 2713 videtur
1751 2664 1816 2714 iis
1847 2663 2021 2713 verisi-

358 2743 493 2792 mile.
557 2742 709 2791 Iidem
742 2747 906 2792 tamen
941 2744 1001 2791 ab
1035 2745 1379 2808 improbitate,
1413 2760 1441 2792 a
1474 2744 1704 2805 saevitia,
1755 2759 1783 2792 a
1817 2741 2021 2806 ferocia,

360 2838 389 2870 a
423 2821 727 2882 crudelitate,
762 2838 791 2869 a
822 2822 1022 2870 nefariis
1057 2839 1113 2870 ac
1138 2824 1363 2872 scelestis
1386 2823 1687 2871 facinoribus
1721 2821 1866 2871 alieni
1887 2827 2020 2882 sunt,

360 2900 581 2964 satisque
613 2905 833 2948 amantes
867 2901 1118 2963 iustitiae,
1163 2918 1273 2951 cum
1320 2919 1414 2965 qua
1459 2917 1594 2950 suam
1627 2901 1891 2950 utilitatem
1925 2915 2021 2950 una

359 2979 562 3028 interire
595 2979 882 3044 intelligant.
950 2979 1161 3030 Miseret
1195 2997 1280 3030 eos
1313 2980 1552 3039 Menelai,
1604 2979 1886 3044 probissimi
1926 2979 2019 3027 ho-

360 3057 652 3114 muncionis,
686 3073 840 3106 uxore
873 3075 965 3122 per
998 3061 1096 3108 vim
1121 3061 1443 3122 fraudemque
1473 3057 1664 3122 privati,
1701 3063 1750 3105 et
1769 3056 2019 3122 indignam

361 3152 469 3186 rem
503 3152 614 3185 esse
647 3137 781 3185 aiunt
814 3137 1054 3186 adulteria
1086 3139 1374 3199 mulierum,
1408 3153 1527 3200 quas
1564 3135 1776 3200 quidem,
1810 3136 1904 3184 nisi
1937 3151 2018 3185 re-

361 3217 453 3265 bus
487 3216 708 3263 venereis
743 3218 1009 3276 servirent,
1058 3219 1258 3266 interire
1303 3231 1470 3266 omnes
1515 3218 1770 3279 cuperent.
1838 3215 2019 3277 Quales

364 3299 478 3344 sunt
511 3294 680 3359 satyri,
715 3295 839 3343 tales
873 3296 1018 3361 vulgo
1051 3292 1276 3362 plerique
1314 3302 1477 3345 essent
1510 3294 1761 3355 homines,
1814 3294 1857 3342 si
1888 3294 2020 3343 nulla

362 3373 622 3438 disciplina
664 3374 970 3423 erudirentur
1012 3392 1171 3441 neque
1215 3377 1279 3425 ad
1320 3374 1573 3424 meliorem
1619 3373 2021 3423 consuetudinem

364 3452 585 3504 docendo
616 3453 984 3518 exercendoque
1017 3457 1399 3506 traducerentur.
1469 3454 1568 3504 Aut
1616 3453 1836 3517 ignorant
1869 3451 2019 3515 satyri
