2176 3874
1130 260 1252 319 386

364 417 484 468 satis
509 409 781 464 manifestis
804 406 994 457 indiciis
1016 412 1180 457 motus
1202 405 1322 456 mihi
1341 405 1634 472 persuadeo.
1670 403 2023 469 Bellerophon-

362 503 458 556 teS,
490 494 571 557 qui
598 490 692 540 diis
726 488 907 536 invisus
940 486 1188 536 solitarius
1225 491 1430 547 erraret,
1451 485 1587 535 nullo
1611 489 1837 548 tempore
1859 484 2025 548 aptius

362 569 718 637 repraesentari
750 567 915 632 potuit
949 582 1094 630 quam
1130 580 1190 614 eo
1209 603 1222 626 ‚
1258 581 1353 629 quo
1387 565 1642 614 universus
1677 562 1887 628 populus
1920 578 2025 612 ma-

363 653 423 701 lis
457 647 806 699 consuetudine
838 646 1103 695 maioribus
1135 645 1323 694 fractus
1357 644 1506 693 ullam
1541 661 1568 692 a
1603 643 1698 691 diis
1732 658 1899 692 rerum
1930 642 2025 692 hu-

362 745 611 781 manarum
644 743 814 776 curam
846 726 953 791 geri
986 729 1070 774 aut
1102 725 1293 774 virtutis
1341 724 1492 773 ullum
1537 723 1755 772 fructum
1791 737 1904 770 esse
1935 721 2026 775 de-

362 808 621 874 sperabat,
668 822 827 869 neque
868 804 1091 862 videntur
1133 805 1356 853 homines
1397 804 1548 852 rudes
1591 804 1836 869 patienter
1882 815 2025 848 aures

359 895 460 940 tam
495 886 662 936 subtili
693 885 1015 948 disputationi
1045 883 1316 946 praebituri
1353 881 1532 941 fuisse,
1581 883 1673 932 nisi
1717 880 2026 938 medicinam,

361 984 507 1034 quam
538 966 903 1023 desiderarent,
944 963 1016 1011 illi
1055 963 1220 1010 inesse
1269 963 1521 1013 sentirent.
1589 961 1918 1024 Quamobrem
1949 959 2030 1020 iis,

363 1047 449 1111 qui
480 1047 606 1095 hanc
641 1043 939 1106 tragoediam
973 1041 1234 1090 aestimare
1266 1041 1430 1101 velint,
1465 1040 1772 1105 Thucydidis
1812 1039 2027 1089 narratio

364 1126 446 1191 (ll,
479 1122 582 1187 52.)
617 1121 886 1188 reputanda
919 1136 1031 1169 esse
1063 1120 1282 1180 videtur',
1329 1120 1551 1169 docentis
1586 1121 1788 1170 easdem
1835 1119 2028 1169 dubita-

362 1207 519 1254 tiones
552 1203 709 1252 fuisse
743 1199 1043 1262 eosdemque
1087 1199 1344 1263 scrupulos
1388 1200 1571 1264 populo
1618 1198 1907 1250 Atheniensi
1950 1198 2027 1247 iu-

362 1285 535 1333 iectos.
601 1281 676 1330 Sit
707 1280 858 1344 igitur
890 1279 986 1328 hoc
1019 1278 1300 1342 exemplum
1331 1278 1487 1326 instar
1518 1278 1863 1343 plurimorum,
1901 1293 2030 1341 quae

362 1361 566 1411 inveniri
609 1362 838 1424 possunt,
886 1362 938 1406 et
985 1357 1275 1421 prudentiae
1319 1356 1572 1420 Euripidis
1635 1363 1688 1406 et
1737 1358 1932 1422 pietatis
1977 1362 2031 1407 et

362 1440 697 1495 humanitatis,
734 1437 909 1501 quibus
944 1437 1121 1486 ductus
1157 1437 1218 1484 ad
1254 1437 1463 1484 sananda
1485 1436 1679 1498 publiea
1714 1437 1840 1486 mala
1872 1442 2029 1486 artem

363 1525 414 1569 et
444 1519 729 1568 facultatem
764 1532 901 1565 suam
927 1516 1174 1575 conferre,
1211 1532 1355 1579 quam
1380 1515 1521 1564 bonis
1545 1515 1646 1564 suis
1671 1530 1873 1564 securus
1897 1522 2030 1564 tran-

362 1599 639 1663 quillusque
684 1596 783 1644 frui
828 1595 1074 1644 maluerit.
1141 1594 1237 1657 Qui
1272 1596 1314 1642 si
1350 1594 1482 1642 nulla
1514 1611 1676 1644 rerum
1705 1595 2031 1644 communium

361 1678 764 1743 publicarumque
820 1676 990 1725 habita
1037 1690 1154 1722 cura
1217 1674 1561 1722 venustissima
1607 1689 1829 1737 quaeque
1884 1679 2033 1737 atque

363 1756 724 1819 elegantissima
759 1755 899 1817 sequi
931 1754 1186 1809 voluisset,
1223 1759 1272 1801 et
1305 1752 1596 1802 delectando
1632 1769 1775 1817 quam
1809 1751 2033 1802 docendo

362 1836 695 1896 movendoque
712 1835 897 1897 aptiora
918 1848 1212 1896 proponere,
1241 1848 1335 1880 uon
1361 1834 1559 1881 carebat
1571 1833 1777 1880 istorum
1798 1833 2034 1882 bonorum

363 1912 778 1977 assequendorum
812 1912 1059 1962 facultate.
1131 1912 1205 1959 An
1240 1911 1446 1974 simplici
1478 1927 1589 1959 eum
1612 1911 1778 1960 officio
1795 1913 2032 1977 imparem

363 1993 522 2041 fuisse
555 1997 815 2055 putamus,
862 2006 972 2037 cum
1019 1990 1202 2054 duplici
1236 1990 1432 2054 egregie
1467 1990 1776 2039 satisfactum
1811 2007 1924 2039 esse
1957 1991 2033 2041 in·-

363 2070 678 2132 telligamus‘i
760 2069 1018 2130 Nunquam
1077 2069 1204 2116 enim
1253 2084 1364 2116 cum
1413 2069 1668 2131 dispendio
1716 2075 2032 2118 venustorum

364 2150 507 2198 utilia
549 2152 696 2210 atque
739 2152 1012 2211 opportuna
1059 2151 1259 2195 secutus
1305 2152 1398 2197 est.
1476 2148 1544 2195 At
1586 2148 1725 2195 nobis
1768 2148 2032 2198 multorum

365 2227 671 2277 saeculorum
690 2226 945 2274 intervallo
963 2226 1022 2273 ab
1046 2226 1142 2273 illis
1169 2227 1475 2290 temporibus
1492 2227 1692 2275 remotis
1718 2243 1878 2291 neque
1903 2233 2032 2278 tem·

364 2323 538 2372 porum
559 2311 745 2354 tantum
763 2321 1028 2367 rerumque
1049 2305 1393 2366 conditionem,
1416 2307 1506 2354 sed
1527 2307 1644 2355 artis
1679 2322 1873 2371 quoque
1891 2322 2034 2356 caus·

367 2401 446 2434 sas
480 2384 829 2448 ignorantibus,
866 2384 1103 2447 quaedam
1138 2385 1478 2448 intempestive
1513 2385 1713 2444 addita,
1748 2386 1842 2434 alia
1874 2387 2034 2435 miuus

365 2465 614 2520 concinna,
649 2462 803 2511 multa
837 2463 1059 2526 cupidius
1096 2480 1240 2527 quam
1275 2465 1564 2527 prudentius
1600 2466 1789 2519 inserta
1815 2481 1928 2513 csse
1960 2463 2035 2513 vi-

366 2544 561 2593 dentur.
630 2542 891 2590 Levissimi
925 2549 1040 2591 suut
1074 2549 1329 2606 poetarum
1362 2544 1425 2601 ii,
1462 2560 1665 2608 quorum
1703 2544 1933 2609 operibus
1965 2545 2036 2595 nil

365 2622 511 2682 inest,
547 2621 596 2669 iu
632 2636 726 2684 quo
761 2622 1008 2684 peregrini
1036 2622 1360 2681 offendantur,
1394 2623 1480 2683 nil,
1516 2625 1646 2687 quod
1671 2624 1847 2673 tollere
1868 2625 2034 2684 velint,

366 2701 498 2764 quod
531 2701 737 2749 alienum
783 2716 894 2748 esse
935 2702 1170 2751 videatur.
1241 2703 1397 2764 Quam
1430 2704 1618 2751 veniam
1666 2719 1813 2766 quum
1848 2702 2034 2752 Shace-

368 2780 563 2843 sperio,
599 2785 742 2827 antea
774 2780 823 2827 in
855 2780 1078 2828 invidiam
1112 2782 1339 2841 inducto,
1375 2783 1565 2847 pridem
1599 2783 1754 2831 nostri
1787 2782 2034 2841 dederint,

366 2857 673 2922 Euripidem,
707 2859 1014 2922 iniquissimo
1046 2860 1227 2909 iudicio
1253 2863 1649 2922 circumventum,
1683 2863 1912 2910 damnare
1936 2876 2035 2911 uon

368 2936 611 2986 desinunt.
679 2937 749 2986 Et
782 2954 877 3001 quo
911 2940 1108 2988 tandem
1143 2949 1442 3002 accusatore,
1478 2957 1574 3004 quo
1609 2945 1741 2990 teste
1765 2940 2034 2989 damnant‘!

369 3014 599 3076 Comico,
634 3017 715 3080 qui
745 3016 1108 3081 philosophiam
1139 3019 1414 3085 Euripidis,
1451 3036 1546 3070 non
1581 3020 1779 3084 poesin,
1814 3025 2032 3080 accusat,

368 3109 516 3158 quem
540 3094 791 3143 calumniis
817 3097 1017 3145 studere
1039 3100 1197 3147 omnia
1230 3105 1492 3156 testantur,
1528 3114 1671 3162 quem
1697 3104 2033 3148 accusatorem

368 3174 666 3236 respuebant
712 3175 970 3238 aequales,
1030 3179 1165 3227 cuius
1226 3180 1456 3228 iudicium
1501 3177 1678 3225 Graeci
1727 3178 2035 3243 Romanique

370 3266 566 3315 semper
598 3253 933 3318 negligebant:
980 3257 1063 3319 qui
1112 3259 1154 3306 si
1201 3276 1295 3323 qua
1338 3263 1536 3323 praeter
1579 3256 1941 3321 philosophiam
1983 3259 2035 3308 in

368 3329 606 3395 Euripide
638 3334 970 3397 reprehendit,
1004 3337 1176 3387 eadem
1203 3338 1311 3387 fere
1336 3336 1493 3387 omnia
1525 3335 1576 3384 in
1598 3334 1847 3399 Sophocle
1868 3337 2035 3386 inesse

368 3418 585 3475 apparet.
652 3413 872 3463 Alterum
905 3414 1139 3466 indicium
1174 3416 1438 3483 temporis,
1472 3404 1568 3480 quo
1601 3415 2033 3480 Bellerophontem
