2176 3874
920 279 1040 337 511

149 429 366 492 cti-isque
391 427 642 477 nocturnis
666 428 1030 492 expergefacta,
1062 427 1224 493 primo
1246 442 1388 477 mane
1409 427 1551 477 adest
1573 426 1644 492 *)‚
1681 443 1823 479 aver-

146 507 512 560 runcandorum
555 507 795 556 malorum
831 523 1006 558 caussa
1039 514 1241 573 optans,
1289 515 1346 558 ut
1379 507 1587 570 Heleni,
1631 509 1825 574 pridem

147 588 346 650 mortui,
380 588 540 636 anima
574 589 670 636 sibi
705 588 896 638 obviam
926 587 1041 647 fiat,
1092 604 1218 652 quae
1248 587 1642 638 terriculamenta
1674 590 1827 638 inter-

147 673 403 733 pretetur,
449 673 535 718 aut
581 669 856 718 Cassandra
900 668 996 716 hoc
1038 667 1206 716 facere
1250 668 1415 732 possit
1460 670 1556 730 ²²²³³).
1633 668 1828 735 Duplex

147 754 313 798 autem
361 749 556 814 species
603 750 649 797 ei
681 764 773 813 per
818 748 1034 811 quietem
1082 749 1242 797 oblata
1290 754 1389 797 est:
1434 749 1651 814 primum
1697 750 1828 798 enim

149 828 448 894 Polydorum
483 830 532 878 in
567 828 778 878 Thracia
812 826 1129 876 interfectum
1150 829 1437 891 conspicere
1459 830 1551 878 sibi
1585 829 1690 877 visa
1724 834 1824 890 est3

148 910 332 958 deinde
367 926 579 970 cervam,
615 924 761 972 quam
795 907 845 955 in
878 908 1066 971 gremio
1098 913 1310 968 teneret,
1344 924 1370 956 a
1393 909 1509 974 lupo
1530 909 1827 958 abstractam

148 990 275 1039 vidit
319 990 518 1050 laniari,
567 994 772 1055 propter
822 988 954 1051 quod
986 987 1147 1036 visum
1194 987 1257 1036 de
1302 988 1404 1037 filia
1449 990 1618 1037 timet:
1666 1004 1829 1052 neque

149 1070 278 1119 enim
323 1071 518 1135 ignorat
562 1084 708 1117 unam
757 1083 819 1116 ex
864 1066 1144 1118 Troadibus
1192 1069 1252 1117 ab
1308 1069 1504 1119 Achille
1555 1069 1829 1133 praemium

150 1149 446 1214 postulatam
482 1165 610 1197 esse.

285 1229 421 1278 Inter
452 1229 542 1276 has
577 1227 803 1291 querelas
849 1228 968 1276 dum
1015 1244 1137 1277 anus
1185 1243 1367 1292 pavore
1414 1233 1728 1278 consternata
1768 1227 1830 1277 ad

149 1309 530 1374 Agamemnonis
564 1308 868 1372 praetorium
889 1309 1037 1368 redit,
1075 1308 1404 1357 Cassandram
1431 1313 1707 1369 evocatura,
1743 1309 1832 1356 ob-

148 1389 272 1438 viam
307 1388 462 1438 habet
496 1389 627 1437 forte
648 1388 974 1452 prodeuntem
1003 1390 1208 1438 chorum
1238 1389 1536 1452 captivarum
1562 1385 1694 1451 ***)‚
1729 1393 1832 1437 sta-

148 1468 239 1518 tim
274 1485 335 1518 ea
367 1469 689 1527 nuntiantem,
727 1484 853 1530 quae
886 1469 1374 1534 interpretationibus
1402 1468 1700 1518 somniorum
1723 1483 1833 1523 cer-

149 1549 275 1596 tiora
309 1554 440 1608 sunt,
475 1547 729 1611 Polyxena
754 1555 807 1595 ut
840 1565 931 1612 pro
964 1549 1164 1597 victima
1198 1548 1410 1608 Achilli,
1444 1549 1528 1611 qui
1558 1549 1607 1598 in
1641 1549 1834 1597 tumulo

151 1644 395 1693 apparens
429 1628 622 1676 navium
658 1643 856 1676 cursum
892 1629 1184 1685 inhibuerit,
1235 1628 1555 1687 caederetur,
1590 1628 1640 1678 in
1676 1628 1833 1678 Grae-

151 1724 321 1758 corum
348 1709 587 1757 concione
614 1709 869 1757 decretum
896 1725 1027 1760 esse.
1095 1710 1269 1772 Neque
1292 1709 1388 1757 hoc
1413 1713 1602 1757 tantum
1634 1708 1833 1770 docent,

149 1789 242 1837 sed
266 1789 546 1838 accuratius
578 1790 724 1837 etiam
742 1794 896 1837 totam
925 1789 1231 1838 deliberandi
1252 1790 1491 1838 rationem
1525 1805 1833 1854 persequun-

149 1875 248 1918 tur.
317 1869 566 1918 Immolari
601 1870 845 1918 victimam
893 1886 1101 1918 necesse
1148 1875 1277 1918 erat:
1335 1869 1506 1918 eadem
1552 1869 1680 1918 enim
1727 1873 1835 1918 erat

151 1951 199 1999 in
235 1950 533 1999 chersoneso
578 1957 886 1999 retentorum
924 1967 1050 2014 quae
1083 1950 1359 2014 quondam,
1397 1965 1510 1999 cum
1543 1951 1689 1999 domo
1722 1964 1836 2014 pro-

205 2125 255 2180 *)
283 2124 387 2167 Diei
423 2128 601 2180 tempus
647 2123 721 2167 his
761 2126 957 2169 maxime
1008 2125 1158 2169 verbis
1197 2125 1505 2182 significatur:
1559 2115 1597 2166 αἶ
1635 2122 1837 2182 crepon&

289 2193 419 2247 Διός,
446 2188 482 2238 ὦ
513 2196 674 2238 σκοτία
701 2196 800 2250 νύξ,
830 2198 962 2250 quod,
992 2197 1075 2239 etsi
1102 2210 1189 2239 non
1218 2200 1442 2250 accurate,
1470 2199 1621 2238 tamen
1649 2196 1707 2238 ad
1735 2210 1837 2238 sen-

291 2279 392 2308 sum
418 2270 541 2308 recte
570 2266 885 2321 interpretatus
915 2272 980 2309 est
1006 2267 1196 2308 Ennius:

402 2336 479 2387 „O
506 2350 672 2392 magna
700 2338 862 2392 templa
892 2338 1101 2386 coelitum,
1133 2337 1359 2378 commixta
1386 2335 1523 2377 stellis
1551 2335 1834 2390 splendidis.”

179 2405 259 2460 >W)
286 2405 429 2447 Recte
450 2406 739 2448 scholiastes:
774 2403 872 2462 εἷπε
892 2405 942 2450 δὲ
970 2404 1123 2462 ψυχὴ
1140 2422 1166 2448 ν
1192 2403 1443 2455 Ἑλένου,
1475 2403 1633 2460 ἐπειδὴ
1664 2408 1837 2460 τεθνη-

291 2471 385 2526 κώς
410 2467 492 2531 ἤν,
523 2474 874 2533 Κασάνδραν
904 2475 955 2521 δὲ
983 2475 1062 2520 καὶ
1095 2472 1151 2519 ου’
1181 2473 1481 2530 Κασάνδρας,
1523 2473 1682 2530 ἐπειδὴ
1715 2477 1836 2528 ζῶσα

291 2537 364 2602 ἦν.
422 2547 698 2589 Cassandrae
728 2547 940 2589 divinatio
969 2547 1117 2604 magis
1146 2547 1284 2589 etiam
1313 2560 1447 2600 quam
1476 2550 1607 2587 antea
1634 2546 1726 2587 fide
1759 2559 1836 2588 ca-

292 2618 438 2670 rebat,
469 2631 571 2659 cum
591 2622 707 2660 esset
727 2618 1074 2674 Agamemnonis
1096 2619 1258 2673 pellex.
1317 2616 1621 2672 Quamobrem
1641 2615 1836 2658 defuncti

295 2689 419 2744 prius
447 2687 585 2730 etiam
616 2702 750 2743 quam
787 2689 1037 2744 superstitis
1074 2689 1313 2730 Hecubam
1349 2686 1605 2729 meminisse
1644 2701 1730 2728 non
1769 2690 1838 2729 est

294 2759 560 2801 mirandum.
630 2759 860 2801 Mortuum
912 2764 1064 2802 autem
1112 2773 1209 2801 esse
1247 2760 1473 2800 Helenum
1519 2759 1622 2799 luce
1673 2757 1837 2800 clarius

293 2829 539 2872 ostenditur
567 2831 772 2872 versibus
801 2829 1079 2884 423-427.‚
1105 2830 1182 2885 qui
1209 2829 1380 2885 fugisse
1410 2829 1612 2871 videntur
1641 2828 1836 2870 Matthi-

294 2914 430 2944 aeum
459 2900 517 2942 ad
544 2914 590 2943 v.
621 2899 690 2942 84.
731 2901 920 2943 Porsoni
948 2900 1337 2944 contradicentem.
1582 2893 1587 2898 ’

153 2971 261 3028 *3696)
289 2971 444 3014 Schol.
477 2968 625 3015 ἔοικεν
649 2967 705 3014 ov’
736 2972 1032 3027 διασωθῆναι
1046 2969 1242 3028 Ἑκάβην
1252 2969 1379 3028 μέχρι
1407 2969 1489 3023 τῆς
1517 2967 1686 3023 σκηνῆς
1710 2965 1834 3023 Ἀγα-

293 3041 529 3099 μέμνονος,
558 3039 917 3097 ἐμποδισθεῖσαν
945 3043 1075 3099 παρὰ
1103 3042 1188 3085 τοῦ
1217 3042 1374 3096 χοροῦ,
1404 3035 1498 3082 ἀλλ’
1529 3035 1752 3082 ἀπελθεῖν
1772 3039 1837 3088 εἰς

293 3110 380 3168 τὴν
410 3113 582 3168 σκηνὴν
612 3111 884 3169 Πολυξένης.
941 3114 1092 3156 Minus
1120 3116 1242 3155 recte
1271 3110 1490 3167 posterius
1520 3110 1702 3153 notavit.
1749 3110 1838 3151 Po-

293 3186 457 3241 lyxena
487 3184 628 3236 enim,
667 3184 861 3226 noudum
890 3184 1023 3226 matri
1053 3188 1228 3238 erepta,
1268 3195 1358 3224 una
1387 3195 1489 3223 cum
1517 3181 1605 3222 hac
1633 3179 1679 3221 in
1705 3193 1838 3234 prae-

294 3255 409 3298 torio
438 3255 646 3312 degebat,
678 3269 730 3297 ex
762 3269 847 3310 quo
875 3255 1066 3297 Hecuba
1093 3253 1192 3309 ipsa
1209 3253 1449 3309 prodierat.
1506 3250 1685 3293 Erravit
1703 3249 1837 3304 idem,

298 3325 487 3367 chorum
517 3340 571 3367 ex
599 3327 826 3380 praetorio
856 3326 1033 3381 prodire
1071 3329 1244 3380 putans.
1303 3323 1400 3366 Non
1430 3336 1484 3364 ex
1513 3335 1627 3375 uno,
1665 3321 1745 3362 sed
1783 3334 1838 3362 ex

297 3395 500 3450 pluribus
540 3395 820 3438 dominorum
856 3394 1053 3438 tentoriis
1087 3394 1306 3450 feminae,
1349 3393 1524 3449 pridem
1563 3389 1839 3446 principibus

293 3465 572 3518 distributae,
601 3466 815 3510 coierunt.
871 3466 964 3508 Nec
991 3468 1227 3521 potuerunt
1251 3464 1296 3507 in
1334 3477 1423 3506 uuo
1461 3461 1651 3505 tentorio
1679 3461 1838 3503 seden-
