2144 3854
968 274 1050 330 87

168 419 545 488 ταμορφωθεὶς
587 420 663 480 εἰς
704 419 906 486 χρυσὸν
947 418 1038 470 καὶ
1081 418 1170 471 διὰ
1229 423 1324 488 τῆς
1363 419 1570 489 ὀροφῆς
1608 419 1682 483 εἰς
1729 415 1854 483 τοὺς

171 501 395 569 Δανάης
454 499 673 566 εἰςρυεὶς
717 499 973 562 κόλπους,
1026 501 1310 568 συνῆλθεν.
1394 501 1646 553 Horatius.
1687 506 1853 554 autem
1915 516 1918 518 “

170 584 263 634 od.
299 584 380 645 ΙΙΙ,
417 584 497 643 16,
519 586 547 631 1
580 598 748 647 seqq..:

300 663 562 713 Inclusam
596 663 822 712 Danaen
856 662 1074 724 turris
1108 661 1183 710 ah
1201 677 1365 710 enea
1588 723 1591 726 Α

297 744 781 808 Robustaeque
802 744 1004 807 fores
1039 747 1104 791 et
1138 742 1427 807 vigilum
1462 760 1689 794 canum

303 823 486 874 Tri-st
506 837 568 871 es
603 838 678 870 ex
693 838 767 871 cu
783 823 811 871 b
829 824 937 872 iae
969 823 1270 872 munierant
1301 824 1430 872 satis

421 901 710 952 Nocturnis
747 903 810 952 ab
846 902 1116 963 adulteris,

298 975 363 1034 S'i
394 999 496 1033 non
531 981 810 1044 Acrisium,
845 983 1064 1049 virginis
1098 983 1312 1033 abditae

299 1063 570 1114 Custodem
598 1063 866 1130 pavidum,
902 1065 1107 1131 Iupiter
1141 1071 1192 1113 et
1237 1063 1288 1114 V
1281 1081 1407 1114 enus

294 1144 549 1195 Rebi-ssent
562 1163 582 1193 .·
603 1146 729 1209 sore
765 1146 901 1194 enim
935 1151 1106 1194 tutum
1139 1145 1241 1195 iter
1277 1152 1329 1195 et
1357 1151 1548 1212 patens

430 1224 711 1275 Gonvers
730 1227 862 1275 oin
892 1232 1048 1293 pret
1065 1226 1195 1275 ium
1227 1226 1378 1276 Deo.

159 1307 301 1357 Haec
335 1305 466 1355 enim
498 1306 562 1354 de
601 1305 842 1372 Euripide
867 1307 1024 1372 petita
1050 1322 1164 1356 esse
1198 1322 1259 1356 ex
1286 1307 1631 1372 Aristophanis
1650 1307 1854 1360 Thesm.

161 1401 207 1439 v.
242 1387 357 1438 414.
394 1386 624 1449 cognosci
660 1391 857 1452 potest:

294 1460 407 1518 εἶτα
442 1463 530 1517 διὰ
564 1468 758 1517 τοῦτον
790 1468 941 1527 ταῖς
969 1466 1563 1532 γυναικωνίτισιν

294 1546 688 1614 σφραγῖδας
723 1545 1183 1612 ἐμβάλλουσιν
1216 1548 1339 1615 ἤδη
1374 1548 1483 1600 καὶ
1508 1540 1806 1615 μοχλοὺς

294 1631 585 1693 τηροῦντες
619 1626 773 1693 ἡμᾶς,
810 1627 900 1678 καὶ
933 1626 1142 1693 προςέτι
1176 1631 1251 1680 Μ
1254 1646 1284 1680 ο
1296 1632 1326 1680 λ
1341 1647 1370 1680 ο
1383 1647 1412 1680 τ
1427 1647 1454 1680 τ
1468 1648 1526 1681 ικ
1537 1647 1565 1680 ο
1579 1622 1615 1680 ὺ
1629 1646 1655 1689 ς

291 1706 632 1773 τρέφουσι
656 1725 736 1772 μο
755 1710 1131 1774 ρμολυκεῖα
1153 1712 1301 1771 τοῖς
1325 1713 1598 1778 μοιχοῖς
1625 1709 1849 1770 κύνας.

163 1790 322 1840 Recte
355 1791 502 1839 etiam
535 1789 887 1854 interpolator:

295 1865 364 1920 ἐν
397 1885 522 1932 παρ
535 1872 611 1919 &a
626 1886 659 1918 ν
672 1870 713 1918 ὥ
729 1879 760 1919 σ
773 1888 792 1919 ι
827 1868 875 1920 δ’
911 1869 1093 1933 εὐθύς,
1130 1864 1210 1931 οἷς
1245 1867 1502 1936 ἐδείματο,

293 1948 578 2001 δίδωσιν
616 1945 1037 2015 Ἀργείαισιν
1071 1953 1369 2017 εὔφρουρ
1387 1970 1464 2003 ον
1498 1950 1756 2016 κόραις,

294 2029 389 2091 εἰς
422 2028 682 2096 ἀνδρὸς
716 2032 877 2092 ὄψιν
912 2031 1434 2098 εὐλαβούμενος
1467 2034 1711 2098 μολεῖν.

162 2112 480 2178 Gynaeceum
516 2128 724 2161 aeneum
758 2113 1106 2162 aedificaverat
1153 2120 1205 2164 et
1252 2116 1482 2164 custodes
1537 2118 1736 2180 praeter
1770 2128 1852 2163 ca-

162 2209 252 2243 nes
288 2194 437 2242 etiam
472 2193 687 2258 virgines
722 2193 1043 2259 imposuerat,
1079 2210 1199 2258 quas
1236 2196 1434 2261 quidem
1471 2195 1610 2245 chori
1650 2209 1855 2243 munere

166 2275 216 2322 in
251 2274 345 2322 hac
396 2273 560 2323 fabula
609 2273 806 2323 functas
857 2291 971 2323 esse
1034 2281 1415 2325 consentaneum
1459 2281 1549 2325 est.
1617 2274 1695 2324 Ad
1729 2275 1854 2324 haec

164 2354 361 2404 theatro
406 2354 694 2418 exponenda
738 2370 899 2418 neque
946 2355 1201 2405 Mercurio
1249 2373 1408 2419 neque
1452 2355 1612 2421 (quod
1647 2355 1756 2419 quis
1792 2369 1854 2403 ex

163 2435 368 2484 Horatio
405 2433 623 2500 colligat)
657 2434 856 2485 Venere
891 2452 1052 2500 neque
1084 2436 1185 2484 ullo
1220 2436 1417 2485 omnino
1451 2437 1547 2484 deo
1582 2452 1706 2501 opus
1733 2435 1849 2485 fuit:

167 2515 565 2563 commodissime
611 2516 738 2568 enim
793 2517 952 2565 omnia
996 2532 1022 2564 a
1068 2517 1261 2565 nutrice
1307 2521 1358 2564 et
1404 2516 1522 2564 sciri
1557 2521 1607 2564 et
1641 2517 1853 2566 demon-

164 2594 311 2643 strari
364 2599 646 2660 potuerunt.
741 2595 1122 2644 Formositatem
1177 2597 1376 2658 virginis
1422 2595 1625 2644 laudans
1670 2597 1850 2657 nutrix,

163 2680 347 2724 tantam
382 2675 430 2723 ei
462 2675 627 2724 inesse
660 2675 729 2723 ait
761 2679 1066 2723 venustatem
1080 2712 1095 2735 ‚
1131 2679 1186 2724 ut
1216 2675 1324 2739 ipsa
1358 2675 1737 2740 contemplando
1771 2676 1852 2724 vix

162 2755 323 2821 possit
357 2755 551 2804 satiari:

302 2834 601 2900 Contemplo
630 2834 843 2903 placide
863 2837 1093 2900 sormam
1127 2839 1180 2883 et
1198 2835 1402 2899 faciem
1435 2834 1652 2899 virginis

298 2916 538 2966 Duellae.
766 2922 770 2926 '

166 2996 339 3046 Naevii
372 2998 468 3045 hoc
502 3001 578 3045 est
610 2996 939 3063 fragmentum
954 3032 968 3057 ‚
1016 2995 1155 3045 cuius
1200 2993 1413 3043 fabulam
1427 3031 1442 3054 ,
1493 2995 1557 3043 de
1602 2994 1853 3060 Euripidis

168 3077 391 3127 dramate
423 3076 684 3126 manifesto
719 3092 1005 3141 expressam
1023 3112 1037 3135 ‚
1073 3091 1169 3124 non
1205 3075 1373 3125 debuit
1405 3074 1696 3124 Welckerus
1732 3091 1851 3139 neg-

168 3155 342 3222 ligere.
421 3155 682 3206 Praeterca
726 3163 916 3222 partem
961 3156 1200 3221 prooemii
1232 3156 1358 3204 hanc
1391 3154 1547 3205 fuisse
1578 3155 1818 3206 arbitror:

303 3234 404 3288 οὐκ
438 3233 577 3288 ἔστιν
611 3238 732 3288 οὔτε
765 3239 934 3302 τεῖχος
967 3237 1087 3287 οὔτε
1119 3235 1359 3303 χρήματα

303 3319 413 3369 οὔτ’
449 3319 575 3370 α”λλο
610 3317 982 3384 δυςφύλακτον
1016 3315 1175 3369 οὐδὲν
1209 3316 1278 3379 ὥς
1310 3316 1468 3385 γυνή.

300 3399 514 3467 Prologo
549 3406 675 3463 acto,
711 3402 998 3467 prodierunt
1033 3399 1244 3451 famulae
1277 3400 1606 3463 custodesque
1631 3394 1853 3462 virginis,

172 3478 349 3542 quibus
384 3480 526 3531 chori
559 3471 726 3548 partes
772 3482 965 3532 delatae
1006 3485 1147 3532 erant
1159 3518 1174 3544 ,
1226 3497 1352 3546 quae
1400 3479 1465 3530 de
1508 3478 1639 3529 tristi
1687 3475 1855 3526 officio
