2144 3854
955 285 1075 342 261

178 431 332 480 hibita
366 431 450 490 sit,
485 447 581 481 non
617 432 818 490 dubito,
863 436 915 478 et
947 432 998 478 in
1031 431 1132 478 fine
1165 430 1363 479 demum
1397 430 1654 490 Canacen,
1705 446 1854 494 quum

177 517 231 561 et
278 511 482 561 nutricis
530 510 944 560 admonitionibus
993 516 1044 558 et
1079 509 1245 558 fratris
1281 509 1459 559 solatio
1494 510 1687 559 animus
1721 516 1853 559 tran-

177 590 406 655 quillatus
442 592 856 653 confirmatusque
890 594 1040 649 esset,
1076 590 1125 637 in
1161 590 1435 638 cubiculum
1458 592 1719 639 abductam
1740 586 1855 654 μὶ·-

178 676 285 719 tum
319 669 550 719 edidisse.
619 669 822 718 Interim
855 667 1145 717 adolescens
1195 670 1242 718 in
1295 685 1441 718 scena
1476 686 1732 719 remanere
1764 685 1854 735 po-

175 750 286 810 tuit,
319 754 468 813 atque
501 749 819 814 pronuntiare
850 748 934 795 ina
968 748 1031 796 de
1064 748 1254 797 infante
1288 750 1415 798 clam
1446 751 1780 815 asportando:

304 826 372 879 τὰ
403 828 550 880 πόλλ’
585 826 789 892 ἀνάγκη
824 825 1059 893 διαφέρει
1093 827 1402 894 τολμήματα

304 985 337 1040 ὅ
368 989 559 1054 χρόνος
589 985 796 1038 ἅπαντα
828 989 1000 1039 τοῖσιν
1031 986 1256 1051 ὕστερον
1290 987 1503 1053 φράσει·

303 1067 462 1128 λάλος
494 1065 634 1119 ἐστὶν
667 1057 838 1129 οὗτος,
873 1068 973 1119 οὐκ
1007 1067 1274 1134 ἐρωτῶσιν
1305 1067 1457 1134 λέγει.

168 1149 313 1200 Haec
345 1144 620 1214 excipiebat
652 1150 792 1199 chori
826 1165 1047 1213 carmen,
1093 1168 1191 1216 quo
1224 1152 1398 1201 eadem
1432 1151 1676 1200 sententia
1708 1164 1850 1198 exor-

167 1231 402 1282 nabatur:
1671 1243 1675 1247 ⁷

298 1303 334 1376 ἦ
369 1304 541 1377 βραχὺ
575 1309 769 1372 σθένος
802 1310 1006 1378 ἀνέρος,

298 1389 431 1443 ἀλλὰ
463 1391 697 1460 ποικιλίᾳ
730 1392 1015 1458 πραπίδων

298 1470 448 1523 δεινὰ
479 1469 578 1537 μὲν
610 1473 815 1524 πόντου
849 1473 1088 1540 χθονίων

296 1554 342 1603 τ’
377 1552 573 1618 ἀερίων
602 1570 657 1604 τε
690 1553 954 1618 δάμναται

298 1633 630 1699 παιδεύματα
664 1634 855 1700 φύλων
869 1635 938 1701 *).

298 1715 473 1775 ActuS,
510 1717 595 1780 qui
629 1718 949 1781 sequebatur,
982 1721 1203 1766 naturam
1240 1730 1302 1764 ex
1336 1714 1515 1763 eodem
1547 1715 1724 1763 Ovidio
1759 1730 1843 1763 co-

166 1794 477 1859 gnoscimus:

298 1902 363 1911 -·
493 1906 558 1914 --
691 1880 902 1940 „media
932 1880 1080 1928 sedet
1114 1879 1310 1927 Aeolus
1345 1879 1500 1927 aula.-

437 1957 666 2007 Grimina
699 1966 820 2008 sunt
855 1961 1016 2010 oculis
1047 1958 1378 2024 surripienda
1405 1958 1590 2024 patris.

298 2035 589 2086 Frondibus
623 2040 878 2102 infantem
912 2041 1172 2106 ramisque
1205 2038 1427 2087 albentis
1461 2038 1628 2086 olivae

428 2117 507 2166 Et
543 2119 738 2167 levibus
770 2122 916 2169 vittis
947 2120 1131 2168 sedula
1166 2119 1302 2167 celat
1338 2134 1484 2179 anus,

300 2195 559 2265 Fictaque
591 2216 744 2248 sacra
765 2202 909 2265 facit
944 2201 1173 2267 dicitque
1202 2199 1478 2265 precantia
1511 2197 1698 2246 verba:

423 2278 535 2327 Dat
565 2282 789 2346 populus
822 2283 998 2340 sacris,
1034 2279 1128 2328 dat
1157 2286 1312 2345 pater
1345 2281 1458 2345 ipse
1489 2279 1644 2327 viam.

294 2357 410 2413 Iam
441 2375 603 2425 prope
637 2361 797 2409 limen
833 2367 985 2409 erat.-
1016 2361 1223 2426 patrias
1256 2360 1463 2424 vagitus
1497 2358 1568 2407 ad
1603 2374 1754 2408 aures
1796 2421 1798 2423 ‚

429 2437 599 2494 Venit,
637 2445 685 2488 et
722 2440 915 2489 indicio
945 2439 1183 2506 proditur
1216 2441 1307 2488 ille
1339 2456 1448 2488 suo.

292 2516 471 2582 Eripit
505 2519 761 2582 infantem
794 2521 1115 2585 mentitaque
1147 2535 1301 2568 sacra
1334 2518 1544 2567 revelat>

427 2598 641 2647 Aeolus.
714 2599 910 2648 Insana
945 2600 1096 2664 regia
1129 2615 1252 2648 voce
1284 2605 1449 2647 sonat.

299 2675 366 2724 Ut
401 2693 546 2725 mare
573 2681 645 2745 fit
679 2680 972 2739 tremulum,
1007 2680 1158 2727 tenui
1191 2695 1304 2727 cum
1336 2679 1614 2742 stringitur
1650 2694 1800 2738 aura,

432 2757 500 2805 Ut
534 2761 769 2823 quatitur
802 2758 981 2825 tepido
1002 2760 1230 2822 fras-ina
1264 2759 1413 2823 virga
1450 2756 1610 2820 Noto,

293 2837 386 2886 Sic
417 2854 535 2886 mea
568 2839 761 2889 vibrari
787 2840 1050 2906 pallentia
1084 2839 1309 2888 membra
1342 2838 1543 2888 videres
1563 2857 1583 2887 .-

421 2918 647 2979 Quassus
684 2921 748 2968 ab
781 2922 1018 2985 imposito
1054 2936 1263 2985 corpore
1297 2921 1463 2968 lectu-s
1497 2918 1645 2968 erat''
1679 2923 1773 2967 etc.

287 2997 538 3065 „Iamque
567 2999 685 3048 dari
701 3017 925 3067 parvum
956 3001 1265 3066 canibusque
1294 3000 1570 3066 avibusque
1593 3005 1831 3066 nepotem

419 3078 683 3139 Iusserat,
720 3082 776 3130 in
806 3083 926 3130 solis
961 3081 1274 3148 destituique
1309 3082 1446 3130 locis.

296 3156 514 3222 Vagitus
548 3158 692 3210 dedit
728 3162 818 3210 ille
851 3163 1036 3211 miser.-
1070 3163 1288 3212 sensisse
1317 3167 1550 3227 putare3‚

421 3238 635 3305 Quaque
667 3258 815 3291 suum
842 3248 1054 3309 poterat
1087 3258 1209 3292 voce
1242 3242 1459 3308 rogabat
1495 3240 1695 3291 avum.”

211 3336 262 3392 ἢ
289 3337 460 3393 Vulgo:
516 3337 648 3382 δεινά
689 3339 772 3396 μὲν
809 3339 985 3384 πόντον
1021 3342 1223 3397 χθονίων
1251 3340 1293 3386 τ’
1320 3339 1489 3399 ἀερίων
1515 3356 1565 3384 τε
1596 3340 1828 3394 δαμνᾶται

291 3406 588 3464 παιδεύματα
625 3415 669 3456 et
705 3413 834 3471 δαμᾷ
870 3414 999 3469 φῦλα
1047 3411 1223 3460 πόντου
1260 3414 1469 3470 χθονίων
1504 3409 1543 3454 τ’
1584 3407 1750 3468 ἀερίων
1776 3424 1826 3453 τε

296 3477 604 3536 παιδεύματα.
