2176 3874
1043 275 1165 332 373
1247 302 1249 307 v

264 425 432 476 monio
455 441 552 476 non
574 425 734 475 solum
757 423 952 483 domus,
977 427 1184 488 penates
1210 428 1262 473 et
1285 423 1441 474 altera
1470 425 1644 489 patria,
1679 425 1770 476 sed
1798 427 1950 480 etiam

262 506 464 556 divitiae
493 506 731 571 regnique
753 504 962 554 societas
996 502 1301 565 offeruntur3
1346 504 1429 554 illa
1479 505 1661 555 excidit
1704 508 1949 574 coniugio,

261 587 386 637 haec
424 586 767 652 adspernatur.
839 584 1009 648 ltaque
1047 581 1230 632 Medea
1266 584 1452 635 misera
1495 587 1582 643 fit,
1629 587 1894 652 repudiata
1919 605 1950 638 a

261 666 497 730 coniuge3
542 665 708 715 Danae
739 665 920 714 misera
968 677 1110 723 esse,
1146 679 1289 727 quam
1326 680 1424 713 non
1457 666 1722 731 repudiare
1759 684 1950 733 regem,

259 745 460 796 mavult.
541 745 713 808 Quid?
761 744 893 810 quod
928 744 1053 792 haec
1087 743 1235 791 etiam
1275 742 1380 792 filio
1428 746 1488 794 ab
1523 762 1612 806 eo,
1661 749 1744 812 qui
1778 749 1947 800 coniu-

257 825 394 890 gium
427 826 536 875 eius
573 825 725 890 petit,
772 824 1020 890 privatur,
1054 821 1240 872 Medea
1271 829 1457 884 contra,
1496 826 1626 890 quod
1666 833 1747 878 est
1779 845 1808 879 e
1841 845 1947 880 ma-

257 906 490 955 trimonio
523 904 761 971 expulsa,
801 903 914 952 filiis
950 919 1006 952 se
1041 903 1150 968 ipsa
1186 903 1364 968 spoliat
1380 901 1451 968 *).

381 984 579 1051 Operae
613 988 693 1034 est
725 999 991 1047 quaerere,
1028 1000 1236 1047 quanam
1271 982 1335 1032 de
1370 1000 1542 1034 caussa
1576 985 1759 1049 Danae,
1813 991 1945 1056 regis

260 1066 556 1116 connubium
607 1064 904 1128 repudians,
946 1069 1084 1113 tanta
1130 1063 1258 1112 mala
1293 1064 1487 1114 subeat.
1564 1066 1797 1118 Feliciter
1829 1086 1945 1119 con-

255 1147 397 1210 tigit,
440 1151 497 1194 ut
543 1161 604 1194 ea
637 1160 753 1209 pars
798 1145 1039 1193 orationis
1090 1143 1198 1192 eius
1246 1150 1502 1203 servatur,
1547 1163 1607 1194 ex
1654 1163 1749 1211 qua
1795 1150 1946 1198 animi

255 1226 367 1275 eius
398 1225 639 1275 sententia
683 1224 815 1273 haud
850 1224 1125 1274 difficulter
1157 1224 1502 1289 perspiciatur.
1585 1227 1700 1276 Fuit
1731 1229 1828 1277 iam
1863 1246 1944 1279 se-

253 1306 570 1355 melamoris
605 1305 653 1353 vi
687 1309 932 1370 correpta,
969 1320 1066 1369 quo
1094 1310 1319 1369 tempore
1353 1307 1602 1356 commisit
1634 1307 1702 1366 id,
1735 1315 1945 1374 propter

255 1387 388 1450 quod
437 1402 467 1435 a
499 1391 708 1450 parente
753 1386 804 1434 in
838 1401 974 1434 mare
1008 1385 1201 1433 abiecta
1235 1390 1327 1433 est.
1408 1385 1541 1435 Hinc
1575 1387 1800 1437 divinitus
1835 1405 1941 1438 ser-

253 1471 364 1515 vata
398 1471 450 1515 et
481 1466 621 1530 quasi
657 1465 755 1514 luci
790 1464 1017 1523 reddita,
1065 1465 1175 1527 quis
1209 1465 1448 1523 miretur,
1498 1468 1629 1530 quod
1663 1469 1827 1519 eidem
1862 1469 1941 1519 fu-

253 1546 356 1594 rori
388 1545 550 1594 denuo
586 1562 640 1594 se
668 1546 979 1594 committere
1010 1551 1228 1603 veretur,
1266 1547 1398 1609 quod
1431 1546 1516 1594 illo
1538 1550 1710 1597 morbo
1743 1550 1793 1598 in
1827 1565 1941 1613 per-

253 1630 456 1690 petuum
475 1625 683 1674 liberata
708 1630 802 1686 est,
838 1625 968 1688 quod
993 1625 1142 1690 longe
1167 1626 1503 1675 honestiorem
1529 1626 1772 1693 longeque
1794 1645 1939 1694 prae-

254 1706 572 1767 stantiorem,
619 1722 762 1770 quam
809 1721 1030 1754 amorem
1066 1704 1377 1768 Venereum,
1421 1706 1669 1756 intellexit
1713 1724 1826 1758 esse
1859 1709 1939 1759 iu-

253 1785 675 1835 stitiae1amorem
719 1786 1107 1850 probitatisque,
1158 1786 1290 1850 quod
1335 1803 1496 1850 neque
1539 1788 1739 1852 pietatis
1775 1789 1940 1839 officia

250 1865 358 1914 vult
381 1865 614 1929 cupidini,
639 1881 802 1928 neque
825 1865 918 1914 filii
945 1882 1110 1915 curam
1142 1866 1330 1915 libidini
1355 1867 1573 1931 coniugis
1602 1870 1938 1934 postponere‘}

251 1943 526 2010 Triplicem
552 1946 680 1994 enim
710 1961 927 1994 amorem
963 1946 1362 2012 distinguendum
1387 1964 1499 1996 esse
1528 1954 1714 2008 censet,
1750 1964 1812 1997 ex
1832 1947 1935 1999 Ve-

248 2041 385 2085 nere,
421 2041 482 2074 ex
515 2026 715 2090 pietate,
750 2042 812 2074 ex
847 2026 1108 2075 honestate
1140 2026 1453 2091 profectum,
1488 2044 1694 2092 quorum
1721 2029 1936 2093 primum

249 2105 441 2154 salvere
474 2106 636 2166 iubet,
673 2106 874 2171 reliquis
909 2107 1103 2156 duobus
1140 2123 1196 2156 se
1229 2106 1435 2156 addicit.

382 2185 519 2234 Ordo
552 2186 912 2250 tragoediarum
962 2204 1111 2251 quum
1162 2192 1781 2253 naturaargumentorum
1823 2190 1936 2256 ipsa

248 2267 700 2330 praescriberetur,
750 2267 1018 2316 curandum
1077 2283 1189 2316 esse
1243 2269 1384 2317 duxit
1431 2269 1727 2334 Euripides,
1784 2274 1840 2319 ut
1882 2274 1935 2319 et

248 2347 485 2394 varietate
519 2351 572 2395 et
603 2361 834 2396 sensuum
871 2347 1198 2396 delectatione
1216 2349 1463 2396 theatrum
1486 2354 1751 2399 teneretur.
1801 2349 1933 2399 Sim-

248 2425 521 2490 plicissima
554 2425 685 2474 enim
718 2426 932 2474 Medeae
975 2431 1051 2475 est
1087 2432 1360 2487 structura,
1409 2433 1464 2476 ut
1497 2429 1645 2478 etiam
1679 2446 1708 2478 a
1741 2430 1933 2480 duobus

249 2505 499 2553 actoribus
535 2506 793 2553 commode
825 2507 1045 2570 potuerit
1080 2507 1319 2567 exhiberi,
1359 2512 1422 2571 ¹et
1455 2509 1503 2556 in
1536 2509 1678 2556 unius
1711 2508 1820 2558 fere
1854 2508 1932 2557 af-

248 2584 413 2633 fectus
447 2589 618 2633 natura
652 2585 978 2634 describenda
1011 2591 1114 2635 tota
1147 2592 1389 2637 versatur.
1468 2587 1729 2651 Copiosius
1764 2604 1931 2636 rerum

247 2665 513 2724 varietate,
556 2679 877 2730 personarum
914 2665 1253 2726 multitudine,
1290 2666 1603 2715 consiliorum
1638 2668 1930 2716 affectuum-

249 2760 346 2808 que
380 2745 685 2794 conflictibus
721 2743 891 2792 drama
938 2744 1037 2794 fuit
1070 2746 1390 2797 Philoctetae.
1453 2745 1642 2811 Dictyis
1677 2763 1794 2797 vero
1828 2753 1930 2796 tra-

246 2825 450 2888 goedia,
495 2841 605 2873 cum
654 2825 714 2873 ab
759 2825 853 2872 hac
888 2829 1029 2888 parte
1064 2826 1343 2875 Philoctete
1387 2842 1484 2876 non
1535 2833 1669 2876 esset
1702 2828 1928 2888 inferior,

248 2904 479 2970 ampliori
504 2905 777 2954 excellebat
801 2921 986 2963 rerum,
1022 2922 1148 2969 quae
1170 2922 1344 2956 sensus
1370 2913 1641 2968 moverent,
1676 2912 1927 2972 apparatu.

246 2985 618 3034 Producebatur
652 2986 779 3034 enim
814 2985 864 3032 in
902 3001 1098 3034 scenam
1128 2988 1386 3036 comitatus
1420 2988 1555 3052 regis
1579 2988 1928 3052 amplissimus,

247 3070 477 3114 constans
526 3082 588 3114 ex
622 3066 738 3113 viris
773 3065 1108 3130 principibus,
1158 3067 1222 3116 ad
1266 3068 1464 3132 nuptias
1511 3068 1927 3117 concelebrandas

244 3145 494 3204 invitatis,
529 3161 735 3210 quorum
772 3152 965 3194 caterva
996 3146 1125 3194 inter
1156 3147 1319 3211 ipsum
1355 3149 1460 3197 irae
1480 3147 1702 3197 furorem
1735 3149 1926 3213 ipsum-

247 3241 343 3290 que
376 3226 633 3291 impetum,
669 3241 765 3290 quo
799 3226 848 3274 in
883 3225 1117 3275 Perseum
1151 3227 1381 3278 invadere
1406 3230 1690 3290 conabatur,
1725 3229 1775 3276 in
1810 3244 1927 3276 saxa

312 3406 359 3460 ἦ)
390 3405 553 3450 Confer
582 3422 698 3463 quae
742 3410 787 3454 in
818 3410 1005 3453 eandem
1046 3410 1144 3456 fere
1170 3411 1433 3456 sententiam
1461 3410 1711 3474 Sclroell.
1752 3423 1795 3464 p.
1825 3406 1923 3451 153.

389 3476 643 3533 disputavit.
