2176 3874
979 295 1105 354 389

100 440 103 442 “
198 442 360 493 Recte
408 441 657 491 lacobsius
702 441 918 506 primum
965 452 1162 490 versum
1208 439 1500 489 emendasse
1532 440 1725 491 videtur
1758 456 1876 492 con-

198 521 411 574 iiciendo
429 519 595 572 παῖδα
619 520 798 585 φόνου
822 513 995 584 σχέθε,
1024 525 1163 568 recte
1180 520 1316 569 idem
1332 520 1384 569 in
1413 521 1593 585 quinto·
1607 509 1877 589 ἀπήλασας

198 603 421 668 reposuit
452 608 502 651 et
535 603 584 650 in
618 607 790 667 quarto
820 598 955 670 τῷδε
985 599 1221 658 inseruit3
1265 600 1566 663 reliquorum
1600 603 1878 653 emendatio

197 683 362 732 minus
384 681 432 730 ei
457 680 672 731 feliciter
699 681 865 732 cessit.
926 678 981 728 In
1003 678 1184 726 litteris
1207 677 1884 743 (KPAENTAPENOYZ

198 777 380 812 nomen
409 758 1004 812 ΜΕΓΑΠΕΝΘΟΤΣ
1030 756 1186 806 latere
1218 759 1536 810 manifestum
1582 768 1676 815 est.
1744 762 1878 813 Tum

197 842 250 892 in
285 841 464 891 eodem
509 857 658 891 versu
702 856 795 908 pro
830 835 1082 890 Γλαύκου
1130 837 1306 902 reponi
1355 842 1630 890 vocativum
1666 841 1877 893 Γλαῦκε

196 921 456 986 postulant
489 938 547 971 ea
582 937 707 986 quae
741 922 1049 985 sequuntur,
1084 914 1173 968 καὶ
1207 908 1276 967 σὺ
1307 919 1413 969 κτλ.
1480 919 1574 969 His
1607 921 1876 972 intellectis

195 1002 504 1067 reliquorum
536 1000 730 1050 medela
759 999 923 1049 facilis
947 1003 1039 1049 est.
1106 998 1440 1061 Quamobrem
1463 999 1537 1051 sic
1560 1002 1877 1052 scribendum

198 1097 312 1139 esse
347 1096 557 1131 censeoz

335 1157 524 1212 Οὐκέτι
557 1156 798 1225 Προίτου
831 1156 994 1209 παῖδα
1028 1156 1205 1225 φόνου
1248 1156 1403 1225 σχέθε
1435 1161 1875 1230 Βελλεροφόντης,

427 1242 527 1292 τοῦ
562 1233 612 1291 δ’
642 1237 699 1292 ἐκ
733 1242 851 1303 σοῦ,
885 1237 1092 1301 παιδός,
1124 1237 1452 1304 τειρομένου,
1484 1240 1743 1306 θάνατον,

329 1323 555 1381 Γλαῦκε,
590 1320 736 1386 παρὰ
769 1318 1166 1385 Μεγαπένθους
1198 1319 1438 1387 Ἰοβοίτου
1470 1315 1522 1373 θ’
1556 1321 1843 1387 ὑπάλυξεν·

426 1399 598 1461 οὕτως
630 1400 734 1467 γὰρ
767 1401 1002 1465 Μοιρῶν
1032 1396 1157 1471 τῷδ’
1187 1399 1444 1473 ἐπέκλωσε
1476 1402 1612 1455 λίνα.
1832 1422 1835 1424 ·

331 1480 442 1534 Καὶ
475 1474 544 1532 σὺ
561 1480 762 1546 πατρὸς
783 1480 959 1547 φόνον
980 1481 1139 1543 αὐτὸς
1156 1481 1427 1550 ἀπήλασας
1440 1475 1669 1550 ἐγγύθεν
1685 1480 1874 1546 ἐλθών,

199 1596 203 1599 -
427 1559 518 1613 καὶ
551 1560 746 1627 μύθων
778 1559 986 1613 ἐσθλῶν
1018 1562 1222 1628 μάρτυς
1254 1560 1601 1631 ἐπεφράσατο.

199 1643 381 1694 Verte:
450 1642 599 1702 „Non
645 1643 853 1708 amplius
899 1645 1106 1694 caedem
1138 1646 1231 1694 filii
1264 1646 1435 1696 Proeti
1478 1646 1531 1710 (a
1566 1648 1726 1712 capite
1760 1644 1876 1709 suo)

195 1723 396 1772 arcebat
428 1721 787 1785 Bellerophon3
823 1724 912 1771 sed
948 1739 1062 1771 cum
1091 1725 1175 1771 ille
1206 1739 1234 1771 a
1266 1728 1342 1784 te,
1375 1727 1511 1784 filio,
1545 1730 1876 1789 premeretur,

195 1808 427 1864 mortem,
448 1801 655 1861 Glauce,
689 1818 834 1866 quam
859 1802 1219 1867 Megapenthes
1243 1803 1534 1867 Iobatesque
1555 1803 1875 1864 intentabant,

198 1883 402 1949 effugit:
449 1882 523 1931 sic
557 1881 689 1930 enim
722 1881 841 1930 fatis
875 1881 924 1930 ei
957 1882 1259 1932 destinatum
1294 1887 1418 1935 erat.
1486 1883 1552 1932 Et
1585 1889 1640 1932 tu
1671 1883 1876 1932 caedem

196 1979 225 2012 a
256 1968 403 2029 putre
436 1962 546 2027 ipse
591 1960 890 2025 propulsasti
928 1963 1244 2024 subveniens,
1295 1968 1348 2012 et
1391 1962 1578 2028 (pater)
1611 1963 1876 2028 probarum

195 2043 470 2092 orationum
491 2088 494 2089 γ
515 2039 756 2104 (tuarum)
804 2041 948 2103 testis
992 2043 1203 2090 animum
1249 2041 1503 2095 attendit.'’
1570 2043 1705 2101 Alia,
1750 2058 1877 2106 quae

194 2138 294 2172 nou
327 2127 443 2171 sunt
473 2120 640 2170 verbis
667 2135 919 2184 expressa,
956 2137 1018 2170 ex
1040 2121 1170 2182 loco,
1204 2123 1256 2171 in
1274 2139 1371 2187 quo
1404 2123 1488 2172 illa
1505 2122 1703 2187 depicta
1718 2126 1876 2184 erant,

195 2201 475 2252 coniectare
507 2200 640 2249 licet.
707 2199 835 2249 Nam
880 2217 1032 2265 quum
1068 2203 1294 2253 omnibus
1327 2203 1648 2267 imaginibuS,
1696 2201 1877 2266 quibus

193 2282 328 2332 illins
371 2280 544 2345 templi
592 2281 851 2329 columnae
882 2281 1149 2330 'decoratae
1191 2288 1363 2343 erant,
1409 2282 1638 2346 exempla
1677 2281 1878 2347 pietatis

194 2362 410 2410 filiorum
445 2376 563 2425 erga
597 2364 781 2407 matres
815 2367 1188 2425 repraesentata
1220 2363 1437 2420 fuerint,
1470 2363 1597 2411 hanc
1630 2361 1876 2427 picturam

197 2441 374 2490 eodem
406 2440 707 2504 pertinuisse
740 2455 947 2488 necesse
980 2445 1084 2488 est:
1133 2440 1263 2489 unde
1308 2457 1336 2489 a
1375 2441 1685 2490 Stheneboea
1718 2446 1877 2490 matre

153 2551 156 2554 ,
195 2520 463 2586 impulsum
498 2518 880 2584 Megasthenem
914 2519 1117 2567 caedem
1161 2520 1291 2568 illam
1329 2520 1724 2586 Bellerophontis
1757 2537 1876 2583 per-

197 2599 487 2666 petrandam
511 2598 795 2662 suscepisse
822 2599 1126 2662 intelligitur.
1193 2599 1459 2649 Praeterea
1483 2607 1653 2664 aperte
1671 2599 1876 2663 Euripi-

171 2668 175 2678 ⁵
197 2680 313 2729 dem
349 2685 550 2728 secutus
586 2684 663 2727 est
695 2678 922 2742 Hyginus
975 2679 1072 2728 fab.
1110 2681 1189 2728 57.
1225 2684 1275 2728 et
1308 2685 1491 2728 astron.
1524 2678 1585 2740 Π,
1622 2682 1703 2728 18.
1748 2678 1876 2727 Ter—

196 2759 321 2821 tium
355 2759 693 2807 testimonium
743 2763 904 2807 exstat
952 2758 1246 2807 scholiastae
1291 2758 1499 2808 Homeri
1541 2759 1596 2810 ll.
1632 2758 1701 2809 V1
1714 2793 1729 2816 ‚
1765 2760 1876 2806 155.

195 2837 420 2905 Denique
454 2839 662 2887 multum
695 2838 757 2887 ad
791 2837 1055 2887 eruendam
1098 2839 1334 2887 dramatis
1378 2843 1672 2888 structuram
1706 2838 1878 2888 confe—

197 2923 311 2967 runt
361 2917 706 2983 Aristophanis
768 2917 1065 2967 imitationes
1115 2923 1166 2966 et
1226 2918 1604 2969 scholiastarum
1653 2918 1876 2968 eiusdem

198 2998 554 3047 annotationes,

327 3077 643 3128 Prooemium
690 3093 836 3128 nemo
871 3077 1177 3127 commodius
1211 3077 1576 3145 Megapenthe‚
1623 3078 1793 3129 Proeti
1827 3083 1878 3127 et

198 3158 544 3209 Stheneboeae
576 3159 681 3208 filio
716 3155 784 3221 *),
817 3158 986 3206 dicere
1018 3159 1196 3223 potuit.
1264 3159 1385 3214 Eius
1425 3159 1683 3208 materiam
1717 3158 1876 3223 Hygi-

198 3254 291 3287 nus
325 3239 491 3303 posuit
523 3239 602 3287 his
639 3239 801 3289 verbis
837 3236 959 3301 (fab.
996 3253 1039 3288 c.
1072 3237 1209 3301 579:
1266 3239 1633 3304 „Bellerophon
1668 3253 1779 3288 cum
1813 3238 1875 3287 ad

261 3414 313 3469 fif)
342 3413 412 3456 of.
442 3415 635 3457 Pausan.
661 3412 720 3467 11,
748 3413 818 3456 16.
850 3428 893 3469 p.
914 3411 1009 3457 146.
1038 3412 1206 3470 Hygin.
1224 3427 1264 3456 c.
1292 3411 1390 3455 244.
1428 3413 1581 3458 Schol.
1602 3410 1730 3455 Pind.
1747 3409 1875 3454 Nem.

337 3483 418 3538 lx,
447 3483 517 3527 3⁰.
546 3483 677 3528 Diod.
711 3484 780 3538 lv,
809 3483 878 3527 68.
