2176 3874
1151 263 1273 320 398

516 410 903 468 άναπίπτοντας
934 408 1056 473 ἄτερ
1090 407 1232 473 βίον,

514 485 640 551 τοὺς
673 490 720 542 δ’
754 489 1106 554 εὐτυχοῦντας
1136 491 1268 555 ἄγει,

389 575 560 636 quibus
595 572 821 620 continuo
855 570 1210 620 annectendum
1245 585 1358 619 esse
1391 568 1584 618 videtur
1616 567 1792 631 fragm.
1826 568 1920 616 ⁶27:

513 653 621 702 ποῦ
657 646 723 715 δὴ
755 649 815 700 τὸ
849 645 1016 714 σαφὲς

515 732 797 781 θνατοῖσιν
830 729 1037 794 βιοτᾶςς

514 813 730 862 θοαῖσιν
763 809 859 876 μὲν
890 806 1051 860 ναυσὶ
1081 808 1254 872 πόρον

515 890 675 943 πνοαὶ
705 889 837 941 κατὰ
870 889 1064 952 βένθος
1095 887 1248 939 ἅλιον

516 971 781 1030 ἰθύνουσι,
815 970 975 1037 τύχας
1008 967 1065 1021 δὲ
1096 972 1237 1019 θνα-

516 1053 623 1103 τῶν
653 1050 718 1102 τὰ
751 1049 847 1116 μὲν
880 1049 1059 1116 μεγάλ’
1094 1048 1166 1109 εἰς
1203 1047 1361 1100 οὐδὲν

515 1131 781 1199 μεθίστησ’
816 1130 846 1182 ὁ
879 1123 1044 1190 πολὺς
1075 1129 1283 1196 χρόνος,

515 1210 579 1263 τὰ
611 1211 795 1277 μείονα
828 1209 877 1262 δ’
912 1210 1055 1273 αὔξει
1093 1209 1166 1275 *),

517 1368 758 1422 οὐδέποτ’
793 1370 1039 1437 εὐτυχίαν
1059 1373 1227 1422 κακοῦ
1253 1367 1447 1436 άνδρὸς
1469 1367 1781 1436 ὖπέρφρονά
1815 1374 1860 1424 τ’
1886 1371 2051 1438 ὄλβον

517 1449 736 1517 βέβαιον
771 1450 971 1502 εἰκάσαι
1002 1452 1182 1518 χρεών,

517 1530 629 1583 οὐδ’
664 1531 862 1583 άδίκων
894 1532 1105 1598 γενεάν·
1139 1530 1169 1583 ὁ
1201 1529 1303 1598 γὰρ
1339 1529 1556 1591 οὐδενὸς
1588 1524 1754 1596 ἐκφὺς

516 1612 706 1678 χρόνος
740 1611 982 1674 δικαίους
1014 1610 1224 1680 ἐπάγων
1255 1612 1488 1672 κανόνας

519 1692 784 1744 δείκνυσιν
818 1693 1122 1760 ἀνθρώπων
1154 1693 1442 1760 κακότητας
1476 1692 1592 1744 αἰεί.

519 1774 627 1823 Νοη
661 1775 843 1824 invenit
878 1777 1282 1841 Bellerophontes
1327 1777 1376 1823 in
1424 1775 1686 1824 solitudine
1721 1791 1868 1839 quam
1901 1791 2050 1840 quae-

388 1853 503 1902 sivit
551 1855 891 1918 securitatem,
948 1859 1065 1920 quin
1113 1857 1260 1905 etiam
1305 1856 1457 1918 magis
1503 1855 1756 1919 expositus
1799 1855 2052 1906 hominum

389 1933 606 1982 malitiae
650 1935 853 1983 incurrit
897 1938 944 1985 in
990 1937 1189 1985 insidias
1231 1936 1594 1999 MegapenthiS.
1661 1935 1705 1984 A
1739 1936 1876 1985 cuius
1919 1935 2052 1995 telin,

389 2015 606 2076 quamvis
657 2014 891 2072 claudus,
937 2016 1085 2064 vitam
1130 2014 1380 2070 defendit,
1430 2014 1585 2062 donec
1624 2014 1905 2064 interventu·
1958 2014 2050 2063 filii

391 2097 583 2159 patrem
618 2092 666 2140 in
687 2094 1001 2143 solitudinem
1033 2111 1141 2143 cum
1172 2094 1339 2142 amicis
1382 2094 1536 2142 secuti
1566 2101 1787 2143 servatus
1811 2098 1906 2143 est.
1973 2093 2051 2143 lu-

390 2171 600 2218 sidiator
646 2188 867 2221 caussam
905 2174 1087 2222 dixisse
1116 2175 1319 2222 videtur.
1388 2173 1794 2237 Bellerophontes
1839 2174 2052 2238 primum

390 2249 440 2296 in
476 2257 679 2299 matrem
717 2254 822 2301 eius
852 2254 1119 2302 invehitur:

523 2319 565 2378 ὦ
597 2331 918 2396 παγκακίστη
951 2330 1041 2383 καὶ
1071 2333 1238 2399 γυνή·
1271 2332 1320 2382 τί
1352 2332 1453 2397 γὰρ
1485 2329 1655 2397 λέγων

523 2410 699 2475 μεῖζόν
733 2423 790 2463 σε
820 2412 968 2463 τοῦδ’
1001 2412 1204 2472 ὄνειδος
1237 2409 1425 2475 ἐξείποι
1457 2430 1534 2472 τις
1568 2414 1663 2473 ἄν;

392 2491 571 2541 deinde
604 2492 757 2541 filium
792 2495 1015 2559 increpat
1049 2494 1133 2542 tali
1165 2501 1325 2543 matre
1359 2495 1588 2558 dignum:

519 2569 618 2621 οὐκ
653 2569 720 2621 ἂν
753 2572 958 2639 γένοιτο
978 2610 991 2632 ,
1025 2573 1279 2640 τραύματ’
1313 2575 1382 2640 ἤν
1415 2590 1492 2633 τις
1525 2570 1704 2640 ἐγξέσῃ

516 2654 743 2720 θάμνοις
777 2651 984 2716 ἓλείοις,
1021 2653 1136 2705 οὐδ’
1173 2652 1240 2706 ἂν
1272 2652 1330 2705 ἐκ
1359 2653 1554 2720 μητρὸς
1585 2656 1750 2720 κακῆς

519 2734 701 2788 ἐσθλοὶ
731 2731 971 2801 γε’νοιντο
1005 2734 1187 2795 παῖδες
1219 2734 1291 2795 εἰς
1323 2733 1488 2801 άλκὴν
1522 2733 1697 2800 δορός,

520 2897 600 2950 άεὶ
632 2895 735 2963 γὰρ
770 2895 939 2960 ἄνδρα
972 2893 1156 2948 σκαιὸν
1190 2894 1408 2963 ἰσχυρὸν
1440 2893 1597 2960 φύσει

518 2969 686 3045 ἧσσον
720 2976 931 3028 δέδοικα
964 2976 1258 3037 τάσθενοῦς
1291 2993 1346 3027 τε
1377 2973 1467 3027 καὶ
1499 2977 1694 3040 σοφοῦ.

390 3064 494 3110 tum
522 3060 739 3109 Iobatem
776 3065 974 3107 accusat
1007 3059 1295 3121 proditionis
1334 3059 1517 3106 socium
1555 3057 1954 3118 adiutoremque:

523 3136 657 3205 ἀνὴρ
692 3135 749 3189 δὲ
782 3137 1001 3204 χρηστὸς
1031 3137 1256 3203 χρηστὸν
1290 3137 1355 3188 οὐ
1387 3138 1530 3200 μισεῖ
1555 3150 1698 3196 ποτε,

522 3221 668 3289 κακῷ
703 3219 863 3278 κακός
895 3235 947 3269 τε
981 3217 1294 3284 συντέτηκεν
1322 3216 1567 3284 ἡδοναῖς·

524 3303 666 3368 φιλεῖ
697 3298 751 3351 δὲ
783 3299 1138 3366 θοὺμόφυλον
1170 3298 1491 3364 ἀνθρώπους
1521 3297 1686 3362 ἄγειν.

457 3424 506 3478 ἦ)
537 3423 700 3479 Vulgo:
729 3420 781 3466 τὸ
810 3418 892 3477 μὲν
918 3417 1033 3478 μέγα
1048 3421 1115 3472 εἰς
1144 3419 1278 3466 οὐδὲν
1308 3416 1333 3464 ὁ
1362 3415 1506 3469 notis
1531 3416 1693 3478 χρόνος
1717 3418 1972 3472 μεθίστησι,
1998 3411 2051 3459 τὸ

530 3492 584 3537 δὲ
608 3495 738 3548 μεῖον
766 3489 907 3547 αὔξει.
