2144 3854
1030 274 1033 277 “
1071 263 1196 320 31⁰

433 412 536 462 Iam
587 410 719 460 venit
764 414 963 473 tempus
1012 407 1376 459 decretorium:
1425 409 1620 460 collatis
1667 409 1799 461 enim
1831 411 1985 479 signis

300 493 551 545 exercitus
599 491 924 540 cummaxime
967 487 1252 555 depugnare
1302 488 1644 557 intelligimus.
1710 489 1825 540 Hoc
1867 507 1985 558 spa-

301 575 423 624 tium
473 572 713 636 temporis
762 569 979 618 carmine
1013 569 1153 618 chori
1187 570 1442 635 aptissimo
1477 570 1868 636 gravissimoque
1898 588 1986 622 ex-

299 654 494 719 pletur,
530 665 704 715 preces
738 648 1036 698 facientibus
1073 650 1274 699 senibus
1307 666 1420 710 eaS,
1468 651 1648 714 quibus
1683 656 1736 701 et
1767 652 1987 703 iustitiae

299 731 679 783 Atheniensium
715 745 805 795 pro
842 729 1148 794 supplicibus
1183 730 1564 795 periclitantium
1591 732 1675 792 dii,
1710 732 1793 796 qui
1819 733 1867 782 in
1898 748 1985 781 au·

298 812 468 862 xilium
502 817 770 871 vocantur,
805 816 857 858 et
889 810 1111 874 reliquae
1147 811 1415 860 eorundem
1451 811 1650 875 pietatis
1685 813 1985 862 admonean-

299 897 404 951 tur3
438 891 584 941 simul
603 889 868 939 multitudo
889 896 1040 954 atque
1072 891 1293 956 potentia
1325 891 1540 939 hostium
1575 891 1983 941 bellicosissimo-

296 987 406 1020 rum
439 971 491 1021 in
523 970 809 1020 memoriam
844 975 1102 1025 revocatur
1135 971 1235 1033 sic,
1281 976 1336 1020 ut
1369 972 1434 1020 de
1480 977 1656 1022 eventu
1701 972 1985 1024 certaminis

297 1051 497 1101 solliciti
530 1050 814 1100 habeamur.
1687 1061 1692 1065 ·

430 1131 647 1192 Quartus
697 1136 837 1178 actus
882 1129 1033 1179 habet
1064 1129 1459 1199 καταστροφήν.
1528 1131 1796 1198 Postquam
1829 1132 1983 1198 igitur

298 1208 519 1261 secundo
564 1214 680 1258 actu
736 1209 974 1275 populum
1024 1211 1397 1261 Atheniensium
1454 1212 1606 1261 armis
1658 1213 1837 1262 sumtis
1889 1228 1983 1279 pro

298 1289 600 1355 supplicibus
634 1289 685 1338 in
720 1294 975 1340 certamen
1009 1289 1427 1350 descendentem,
1461 1293 1618 1342 altero
1650 1293 1890 1357 virginem
1925 1309 1982 1343 se

297 1385 389 1435 pro
423 1369 619 1417 victima
653 1369 973 1431 offerentem,
1026 1371 1178 1420 tertio
1227 1387 1396 1420 senem
1443 1388 1534 1436 pro
1569 1371 1866 1437 pupillorum
1900 1387 1981 1422 sa-

297 1450 400 1498 lute
432 1449 563 1498 vitae
595 1450 871 1515 periculum
905 1451 1172 1501 adeuntem
1205 1452 1450 1513 vidimus,
1497 1452 1593 1501 iam
1641 1452 1718 1500 his
1752 1453 1981 1503 omnibus

297 1530 344 1578 in
379 1544 529 1578 unum
564 1530 706 1593 quasi
738 1530 900 1580 locum
936 1531 1161 1589 collatiS,
1209 1531 1523 1595 adductoque
1556 1532 1617 1580 ab
1651 1531 1804 1595 Hyllo
1837 1547 1982 1582 exer-

296 1608 428 1671 citu,
474 1609 738 1659 multarum
790 1612 1042 1676 copiarum
1077 1627 1462 1677 magnorumque
1495 1611 1786 1677 populorum
1820 1617 1981 1661 certa-

294 1705 409 1739 men
444 1690 723 1740 exhibetur.
795 1690 947 1741 Redit
981 1693 1111 1741 enim
1146 1693 1342 1741 nuntius
1363 1730 1378 1754 ,
1413 1693 1495 1756 qui
1528 1692 1591 1740 de
1626 1708 1682 1740 re
1714 1698 1855 1758 gesta
1889 1707 1983 1741 ex-

294 1775 461 1833 ponat.
528 1772 801 1834 Antequam
838 1773 1230 1821 committeretur
1261 1773 1538 1838 proelium,
1588 1771 1764 1836 Hyllus
1791 1772 1984 1838 privato

294 1849 520 1914 periculo
547 1866 804 1901 commune
821 1853 1181 1902 incommodum
1209 1853 1455 1902 redimere
1474 1853 1625 1901 voluit
1639 1852 1982 1916 Eurystheum

295 1929 357 1977 ad
393 1935 644 1979 certamen
679 1933 928 1993 singulare
962 1933 1302 1997 provocando,
1351 1949 1499 1996 quem
1546 1948 1642 1982 non
1676 1930 1852 1997 puduit
1884 1931 1982 1980 hoc

294 2025 543 2059 recusare.
612 2011 758 2072 Quod
794 2012 885 2059 nisi
917 2012 1064 2060 huius
1099 2013 1291 2078 ignavia
1325 2012 1635 2069 obstitisset,
1681 2016 1731 2058 et
1763 2009 1982 2058 Macaria

294 2095 456 2137 morte
487 2089 695 2138 liberata
729 2095 866 2139 esset
899 2097 952 2140 et
985 2092 1226 2140 immunes
1263 2091 1483 2139 laborum
1522 2090 1870 2140 discessissent
1892 2105 1981 2139 ex-

296 2167 499 2218 ercitus.
584 2168 840 2219 immolata
889 2172 1075 2237 virgine
1120 2171 1409 2236 collatisque
1459 2171 1642 2236 signin,
1691 2169 1873 2218 acriter
1918 2170 1981 2219 ab

295 2252 508 2312 utroque
554 2250 773 2298 exercitu
824 2257 1091 2316 pugnatum
1143 2257 1237 2300 est.
1333 2250 1479 2300 Fusis
1527 2250 1755 2299 hostibus
1801 2248 1981 2312 lolaus,

296 2342 569 2378 conscenso
595 2329 732 2393 Hylli
767 2346 934 2388 curru,
970 2331 1310 2395 Eurystheum
1346 2336 1639 2395 persecutus
1674 2333 1768 2386 est,
1805 2335 1982 2394 petens

295 2422 324 2455 a
357 2407 470 2470 diis,
506 2414 563 2458 ut
597 2425 746 2458 unum
783 2410 914 2459 diem
951 2411 1046 2458 sibi
1080 2411 1304 2459 iuvenem
1341 2411 1451 2459 fieri
1486 2411 1677 2458 liceret.
1746 2408 1820 2457 Ibi
1851 2409 1982 2458 Her-

294 2488 431 2536 cules
467 2505 522 2537 se
556 2489 606 2538 in
641 2490 836 2538 coelum
871 2491 1166 2539 ascendisse
1195 2497 1247 2539 et
1278 2491 1404 2539 inter
1439 2490 1559 2539 deos
1597 2490 1781 2538 versari
1827 2489 1983 2538 mani-

293 2567 426 2615 festo
462 2567 761 2618 declaravit:
809 2571 922 2634 ipse
967 2571 1096 2618 enim
1150 2586 1261 2619 cum
1297 2570 1442 2619 Hebe
1477 2571 1645 2634 specie
1678 2568 1982 2635 geminarum

294 2647 549 2696 stellarum
586 2649 632 2696 iu
668 2665 869 2698 currum
904 2650 1024 2698 Iolai
1059 2649 1319 2698 descendit
1350 2650 1650 2713 effecitque,
1698 2653 1755 2697 ut
1786 2648 1870 2696 hic
1902 2648 1980 2696 iu-

292 2728 538 2777 venilibus
570 2729 751 2778 viribus
785 2731 1000 2795 receptis
1035 2729 1230 2778 hostem
1257 2730 1418 2777 vivum
1441 2734 1641 2794 caperet
1661 2728 1980 2790 vinciretque.

293 2808 389 2856 His
423 2809 605 2857 auditis
638 2809 880 2859 Alcmene
913 2811 978 2859 de
1011 2810 1214 2858 victoria
1248 2809 1342 2857 sibi
1371 2809 1665 2872 gratulatur,
1700 2822 1861 2870 neque
1886 2806 1978 2854 mi-

293 2903 388 2936 nus
421 2888 621 2949 choruS,
656 2890 891 2938 domitam
928 2906 1039 2939 esse
1074 2889 1402 2946 insolentiam,
1437 2889 1745 2952 triumphare
1767 2886 1978 2934 miseros

295 2971 348 3016 et
397 2968 538 3016 malis
586 2968 824 3018 liberatos
874 2986 990 3019 esse
1022 2970 1275 3019 Minervae
1321 2967 1573 3033 praesenti
1615 2966 1826 3028 auxilio,
1874 2966 1978 3016 lae-

293 3051 441 3097 tatur.

425 3127 692 3177 Extremus
726 3129 964 3179 dramatis
997 3135 1139 3179 actus
1174 3128 1433 3179 coniicitur
1464 3126 1681 3186 ultione,
1736 3140 1881 3189 quam
1916 3124 1978 3174 ab

292 3206 577 3271 Eurystheo
610 3208 847 3258 Alcmene
883 3210 1048 3273 exigit,
1083 3226 1234 3273 quum
1269 3224 1380 3258 eum
1415 3208 1477 3256 ad
1511 3206 1808 3271 supplicium
1840 3221 1869 3253 a
1902 3203 1979 3254 fa-

292 3287 438 3335 mulis
473 3288 582 3352 rapi
614 3288 796 3337 iubeat.
866 3289 941 3338 De
965 3305 1062 3353 quo
1085 3289 1221 3338 facto
1248 3304 1311 3337 ne
1338 3287 1504 3350 inique
1533 3287 1826 3345 iudicemus,
1861 3283 1978 3334 red-

293 3367 509 3416 eundum
555 3371 636 3417 est
679 3367 742 3416 ad
789 3374 1013 3418 veterum
1060 3369 1124 3418 de
1156 3366 1427 3418 ulciscendi
1460 3366 1630 3416 officio
1665 3365 1975 3416 senteutiam.

293 3444 457 3496 Recte
487 3447 670 3512 pieque
706 3446 823 3499 facit
857 3450 1035 3500 mulier
1066 3447 1372 3500 interficiens
1406 3462 1517 3498 eum
1532 3483 1548 3509 ‚
1581 3446 1726 3497 cuius
1761 3444 1978 3497 crudeli-
