2144 3854
986 276 1068 334 85

182 429 508 492 mammisque
551 426 776 476 humanis
829 424 1146 488 brachiisque
1189 423 1454 488 polypodis
1515 425 1714 490 insignis
1777 430 1868 475 est.

183 508 346 573 Supra
379 508 742 561 Stheneboeam
777 503 1002 553 columba
1034 505 1242 554 volitans
1265 505 1448 554 amoris
1472 505 1569 555 vim
1591 505 1870 572 significare

185 589 392 639 videtur.
719 646 729 650 ⁴

315 669 660 720 Stheneboeae
681 651 1194 729 ν13011010111101111811110
1236 663 1514 714 fabularum
1548 663 1757 715 eandem
1789 657 1869 715 rass

182 749 397 808 tionem,
432 763 574 810 quam
608 744 867 809 Hippolyti
901 745 1079 808 prioris
1125 744 1453 808 alteriusque,
1506 746 1663 796 fuisse
1708 748 1870 798 video.

184 828 235 877 111
269 828 354 876 illa
388 828 514 876 enim
549 841 644 873 non
679 825 857 883 minus,
892 842 1036 888 quam
1071 825 1123 873 in
1156 825 1312 890 priori
1335 825 1629 889 Hippolyto,
1663 843 1870 891 reprae-

182 913 435 959 sentantur
479 905 690 953 feminae
725 904 904 953 amoris
938 904 1111 954 furore
1143 910 1244 954 tam
1295 905 1575 954 vehementi
1608 907 1866 973 abreptae,

180 994 235 1039 ut
266 1003 330 1038 ne
362 985 565 1052 pudoris
601 984 801 1048 quidem
834 985 987 1034 ullum
1020 991 1303 1050 respectum
1327 985 1558 1044 habeant,
1594 987 1684 1035 sed
1712 980 1870 1037 altera

178 1070 229 1117 111
263 1082 441 1131 equum
477 1065 696 1124 sublata,
750 1065 907 1114 altera
954 1067 1171 1114 vestibus
1205 1066 1426 1116 virilibus
1461 1066 1639 1115 sumtis
1675 1066 1870 1130 quidvis

177 1147 413 1206 audeant,
475 1146 744 1194 dummodo
793 1146 925 1209 quod
972 1146 1176 1211 cupiunt
1221 1150 1600 1209 consequantur.
1686 1147 1871 1197 Contra

175 1228 377 1276 alterius
411 1225 669 1290 Hippolyti
705 1225 934 1275 Phaedra
965 1231 1101 1275 tanta
1134 1231 1212 1275 est
1245 1226 1561 1287 verecundia,
1593 1231 1649 1276 ut
1680 1244 1745 1277 ne
1778 1245 1868 1277 nu-

174 1308 287 1357 trici
321 1306 537 1371 quidem,
573 1307 669 1355 nisi
704 1307 883 1369 invita,
918 1322 1134 1356 amorem
1168 1307 1386 1356 fateatur
1433 1311 1485 1355 et
1518 1308 1681 1372 perire
1713 1308 1867 1371 prius,

174 1403 322 1452 quam
356 1386 570 1453 cupidini
603 1387 862 1453 indulgere
885 1387 1211 1438 constituerit.
1279 1388 1348 1437 Et
1371 1386 1684 1437 Stheneboea
1704 1388 1869 1437 Belle-

174 1468 434 1533 rophontis
484 1468 676 1516 nonnisi
723 1469 879 1517 semel
923 1469 1128 1533 pudoris
1180 1468 1555 1530 honestatisque
1589 1468 1737 1517 oblita
1773 1474 1867 1531 est,

175 1564 274 1612 quo
319 1553 548 1612 tempore
595 1546 902 1596 adolescenti
947 1562 1166 1595 amorem
1216 1549 1538 1611 significavit,
1599 1548 1868 1612 postmodo

174 1629 527 1683 honestissimo
579 1626 807 1691 exemplo
840 1628 1063 1690 ingenuis
1095 1627 1473 1676 Atheniensium
1507 1629 1743 1677 matronis
1778 1645 1866 1678 au-

176 1709 274 1757 trix
306 1713 387 1757 est
422 1708 633 1755 cicutam
667 1707 834 1770 potius
869 1707 1088 1768 bibendi,
1125 1723 1272 1770 quam
1316 1713 1371 1756 ut
1403 1711 1565 1756 tantae
1597 1707 1865 1772 turpitudi-

176 1789 252 1837 nis
285 1788 535 1836 convictae
568 1787 719 1835 velint
752 1787 1063 1847 maritorum,
1114 1802 1321 1851 quorum
1370 1787 1522 1836 fidem
1574 1786 1864 1851 fefellerint,

173 1867 336 1917 vultus
371 1867 873 1941 exprqbrationesque
893 1867 1045 1918 ferre.
1113 1867 1400 1915 Ulciscendi
1425 1867 1642 1915 studium
1667 1869 1867 1932 utrique

173 1964 264 2013 par
298 1953 399 2009 est,
447 1951 498 1994 et
559 1947 754 2011 quidem
802 1963 862 1994 ex
903 1946 1029 1995 falsa
1075 1947 1354 2011 suspicione
1402 1947 1596 2011 utrique
1641 1948 1863 2012 ductum,

174 2044 326 2093 quum
360 2043 464 2075 rem
501 2028 561 2076 ab
595 2026 1020 2089 adolescentibuS,
1055 2026 1187 2076 1111113
1220 2027 1521 2076 necessitate
1555 2028 1763 2088 coactis,
1799 2029 1864 2077 ad

171 2109 377 2158 maritos
423 2122 540 2155 suos
589 2107 802 2155 delatam
853 2123 966 2156 esse
1011 2109 1291 2172 opinentur.
1370 2107 1517 2157 Unde
1561 2108 1862 2177 palinodiam

170 2190 390 2255 priorum
441 2188 714 2236 dramatum
759 2203 855 2236 non
891 2189 1049 2237 minus
1084 2188 1517 2253 Bellerophontem
1553 2205 1699 2253 quam
1734 2188 1860 2238 alte—

169 2285 278 2318 rum
312 2268 633 2334 Hippolytum
667 2269 827 2317 fuisse
861 2269 1081 2330 001111010,
1113 2269 1264 2333 idque
1298 2270 1447 2318 etiam
1483 2269 1692 2318 nominis
1724 2285 1859 2318 com-

169 2349 410 2399 munitate
455 2349 718 2397 indicatum
754 2348 908 2398 fuisse
967 2366 1028 2398 ex
1075 2350 1408 2414 Aristophane
1451 2365 1724 2414 cognosco,
1774 2350 1860 2412 qui

168 2428 432 2479 manifesto
466 2429 866 2494 Bellerophontis
899 2445 1078 2479 nomen
1123 2431 1169 2478 ei
1220 2430 1418 2480 fabulae
1462 2430 1662 2493 tribuit,
1711 2446 1856 2495 quam

171 2509 475 2575 posteriores
510 2508 875 2557 Stheneboeam
912 2511 1165 2575 appellare
1199 2510 1448 2559 solebant:

238 2586 692 2653 -αἰσχυνθείσας
727 2586 838 2638 διὰ
870 2583 1033 2648 τοὺς
1075 2582 1240 2649 σοὺς
1274 2589 1854 2655 Βελλεροφόντας.

168 2669 275 2718 Η38
309 2673 475 2717 31110111
509 2669 785 2733 palinodias
818 2676 934 2719 ante
969 2671 1044 2719 01.
1079 2674 1233 2731 83,3,
1270 2687 1365 2734 quo
1398 2686 1524 2719 anno
1557 2672 1854 2736 Aristopha-

167 2750 245 2799 nis
279 2750 622 2800 Acharnenses
659 2750 755 2799 acti
788 2755 927 2812 sunt,
983 2750 1033 2799 in
1068 2766 1266 2799 scenam
1301 2751 1489 2800 delatas
1523 2751 1680 2799 fuisse
1734 2766 1853 2800 con-

169 2835 292 2879 stat:
354 2845 469 2878 nam
527 2829 589 2877 de
645 2830 1028 2895 Bellerophonte
1075 2831 1315 2894 quaedam
1360 2831 1411 2880 in
1455 2832 1853 2881 Acharnensibus

169 2915 627 2969 commemorantur,
678 2910 1004 2975 Hippolytum
1039 2917 1202 2960 autem
1238 2911 1316 2960 ΟΙ.
1353 2915 1435 2970 87,
1457 2914 1504 2960 4.
1540 2917 1703 2960 30111111
1740 2926 1853 2960 esse

166 2991 217 3039 iu
249 2995 536 3054 argumento
584 2992 688 3039 01118
732 2991 1015 3056 tragoediae
1059 2991 1291 3042 traditum
1326 2998 1418 3042 est.
1487 2992 1748 3055 Sequitur,
1792 2997 1851 3041 ut

167 3070 478 3120 Stheneboea
497 3075 548 3119 et
571 3070 885 3136 Hippolytus,
920 3073 1003 3135 qui
1030 3072 1403 3137 cognominatur
1421 3073 1629 3134 velatuS,
1652 3073 1851 3123 fabulae

166 3149 408 3214 aliquanto
442 3152 575 3216 prius
611 3168 722 3200 cum
769 3153 912 3217 vulgo
957 3154 1342 3203 communicatae
1385 3156 1502 3216 sint,
1553 3159 1603 3203 et
1650 3153 1848 3217 quidem

165 3231 359 3296 longius
406 3232 617 3296 spatium
662 3233 794 3282 inter
838 3237 1074 3282 mutatam
1118 3234 1341 3284 eiusdem
1385 3235 1624 3286 materiae
1666 3239 1849 3282 tracta-

163 3311 348 3361 tionem
371 3312 732 3374 intercessisse,
757 3318 806 3362 et
825 3314 1043 3378 priorum
1064 3316 1346 3364 memoriam
1369 3317 1466 3367 iam
1488 3314 1848 3380 quodammodo

167 3391 479 3442 obscuratam
511 3391 685 3456 fuisse,
721 3409 870 3458 quum
890 3394 1105 3444 variatae
1125 3395 1491 3461 exhiberentur,
1523 3410 1731 3446 necesse
1751 3398 1846 3445 est.
