2176 3874
1121 291 1246 353 550

341 451 449 494 tum
492 456 616 506 quae
659 439 908 489 venientia
954 439 1100 505 longe
1146 447 1259 491 ante
1294 443 1492 494 videris.
1564 445 1842 499 Verissime
1891 450 2026 502 idem

339 522 591 587 Euripidis
625 521 781 586 ipsius
817 521 1114 570 sententiam
1156 539 1184 570 a
1213 522 1415 573 Theseo
1450 527 1687 591 explicari
1721 531 2027 581 animadver-

341 605 425 652 tit:
471 600 654 664 „Quod
696 607 860 649 autem
908 587 1140 651 Theseus
1173 619 1200 650 a
1236 603 1384 654 docto
1433 622 1489 654 se
1543 609 1744 658 audisse
1779 609 1929 670 dicit,
1973 613 2025 661 id

339 684 403 732 de
439 699 495 731 se
541 683 653 746 ipso
699 680 915 745 loquitur
958 682 1222 747 Euripides
1244 682 1313 748 ²³).
1397 685 1584 736 Fuerat
1644 689 1776 738 enim
1826 691 2025 740 auditor

338 766 689 824 Anaxagorae,
751 777 897 824 quem
955 760 1123 812 ferunt
1171 765 1394 813 nuntiata
1442 772 1604 816 morte
1657 768 1749 818 filii
1807 770 2023 820 dixisse:

338 843 602 904 „Sciebam
639 857 720 889 me
755 842 986 906 genuisse
1020 845 1377 893 mortalem.''''

471 921 516 970 T
520 922 648 970 ertio
695 921 929 969 dramatis
974 927 1083 970 actu
1119 924 1416 988 colloquium
1453 927 1640 977 Thesei
1674 935 1825 994 atque
1858 929 2022 980 Mino-

335 1004 463 1054 tauri
499 1002 767 1051 exhibitum
799 1001 959 1050 fuisse
995 1011 1372 1053 consentaneum
1409 1013 1501 1055 est.
1592 1009 1754 1058 Huius
1790 1011 2023 1076 colloquii

334 1090 479 1151 parte
516 1099 602 1143 ea,
639 1098 765 1146 quae
799 1082 957 1129 minas
993 1081 1037 1128 T
1041 1083 1180 1131 hesei
1227 1088 1539 1151 continebat,
1576 1089 1936 1155 Aristophanes
1970 1092 2021 1141 in

334 1165 488 1214 Ranis
525 1161 593 1225 (v.
630 1160 770 1222 478.)
807 1163 989 1211 abusus
1026 1166 1131 1210 est:

467 1240 585 1292 τοία
623 1240 836 1306 Στυγός
870 1250 926 1290 σε
960 1242 1502 1308 μελανοκάρδιος
1534 1245 1699 1315 πέτρα

456 1316 782 1388 Ἀχερόντιός
814 1337 868 1371 τε
903 1321 1155 1382 σκόπελος
1189 1323 1577 1393 αἱματοσταγὴς

463 1406 768 1467 φρουροῦσι
809 1403 1139 1455 Κωκυτοῦ
1172 1422 1238 1456 τε
1272 1406 1683 1473 περίδρομοι
1723 1410 1919 1472 κύνες

449 1478 672 1549 ’Έχιδνά
705 1483 757 1534 θ’
793 1480 1245 1550 ἑκατογκέφαλος,
1281 1487 1316 1553 ἢ
1350 1487 1415 1539 τὰ
1450 1489 1724 1556 σπλάγχνα
1757 1502 1859 1543 σου

464 1563 831 1629 διασπαράξει·
865 1563 1187 1630 πνευμόνων
1220 1567 1266 1617 τ’
1301 1567 1624 1630 ἀνθάψεται,

470 1645 741 1713 Ταρτησία
775 1645 1038 1712 μύραινα·
1074 1644 1147 1698 τὼ
1181 1648 1362 1715 νεφρὼ
1395 1650 1452 1702 δέ
1487 1663 1589 1703 σου

462 1729 706 1780 αὐτοῖσιν
740 1725 1030 1793 ἐντέροισιν
1062 1730 1394 1795 ᾑματωμένω

462 1810 848 1862 διασπάσονται
885 1810 1152 1875 Γοργόνες
1197 1812 1509 1878 Τιθράσιαι,

461 1891 556 1957 ἐφ’
594 1893 667 1952 ἃς
702 1889 825 1957 ἐγὼ
864 1890 1208 1957 δρομαῖον
1243 1871 1507 1962 ὁρμήσω
1542 1895 1715 1947 πόδα
1750 1895 1849 1962 **).

327 1975 582 2041 Tanquam
617 1975 727 2039 ipsa
762 1974 1017 2038 Euripidis
1053 1977 1203 2024 verba
1236 1977 1362 2025 haec
1397 1979 1604 2041 protulit
1639 1979 1935 2028 scholiasta:

459 2055 599 2118 κάρα
632 2071 687 2104 τε
720 2054 822 2120 γάρ
859 2064 958 2104 σου
995 2051 1200 2120 συγχέω
1235 2055 1425 2121 κόμαις
1459 2055 1598 2119 ὁμοῦ

461 2135 608 2200 ῥανῶ
643 2152 697 2185 τε
731 2134 911 2185 πεδόσ’
948 2131 1258 2198 ἐγκέφαλον,
1295 2134 1549 2200 ὀμμάτων
1583 2136 1633 2186 δ’
1667 2139 1774 2186 ἄπο

459 2216 860 2281 αἱματοσταγεῖς
892 2217 1184 2280 πρηστῆρες
1217 2212 1440 2265 ὕσονται
1473 2215 1615 2266 κάτω
1651 2217 1784 2281 **'‘).

325 2299 421 2348 His
466 2299 612 2347 minis
661 2297 972 2361 compulsum
1008 2296 1254 2359 simulque
1289 2298 1431 2361 copia
1467 2298 1706 2354 militum,
1755 2295 1839 2359 qui
1873 2295 2014 2343 The-

327 2395 416 2428 seo
486 2382 689 2443 praesto
757 2381 922 2436 erant,
995 2377 1226 2424 territum
1298 2378 1636 2426 Minotaurum
1694 2377 1742 2424 in
1801 2375 2016 2439 labyrin-

325 2460 496 2519 thum,
544 2463 772 2519 tanquam
810 2456 858 2503 in
909 2456 1198 2517 castellum,
1246 2457 1556 2505 concessisse
1614 2455 1886 2504 verisimile
1918 2460 2014 2505 est.

325 2539 402 2588 Ad
462 2537 595 2602 quod
654 2536 1009 2583 munimentum
1058 2537 1434 2601 expugnandum
1482 2551 1630 2600 quum
1675 2535 1907 2584 Theseus
1959 2549 2016 2583 se

324 2621 635 2684 accingeret,
683 2616 924 2675 Ariadne,
965 2615 1057 2664 viri
1106 2617 1519 2680 praestantissimi
1566 2631 1735 2663 amore
1770 2617 2014 2679 permota,

323 2701 373 2748 in
409 2698 706 2762 colloquium
743 2697 850 2744 eius
884 2696 1021 2744 venit
1055 2697 1403 2760 ostenditque,
1440 2713 1535 2760 qua
1569 2696 1759 2743 ratione
1792 2694 1841 2742 in
1873 2693 2013 2756 laby-

323 2781 544 2830 rinthum
587 2780 754 2843 ipsum
796 2776 1052 2841 ingressus
1093 2781 1370 2826 monstrum
1401 2777 1689 2826 interimere
1725 2773 2014 2823 incolumis-

380 2978 430 3031 ἢ)
460 2977 688 3019 Pittheam
719 2990 747 3018 a
777 2976 958 3018 Theseo
983 2974 1236 3035 ‘sapientem
1267 2975 1355 3018 dici
1384 2976 1672 3018 manifestum
1702 2978 1782 3016 est.

354 3054 430 3108 Ν)
463 3054 616 3096 Schol.
648 3054 780 3095 Ven.:
812 3051 1113 3109 παραπλήσιά
1144 3050 1236 3096 ἔστι
1265 3054 1450 3103 τούτοις
1479 3053 1537 3096 τὰ
1564 3050 1627 3095 ἓν
1666 3052 1730 3109 τῷ
1759 3052 1903 3105 Θησεῖ
1926 3063 2011 3090 πε-

466 3122 697 3178 ποιημένα
725 3119 833 3179 παρ’
854 3120 1113 3179 Εὐριπίδῃ·
1158 3123 1253 3167 ἐκεῖ
1287 3122 1373 3180 γὰρ
1412 3123 1624 3171 τοιοῦτος
1655 3115 1710 3176 ἦν
1739 3117 2012 3171 σπουδάζων

463 3193 543 3237 καὶ
571 3194 769 3236 τοιαῦτα
799 3191 917 3248 λέγει
957 3191 1071 3250 πρὸς
1099 3191 1181 3236 τὸν
1210 3197 1380 3238 Μίνωα
1405 3189 1818 3250 (ΜινώταυρονῖΥ
1839 3187 2011 3242 «διστά-

464 3278 543 3307 σαι
574 3259 614 3306 δ’
645 3260 703 3307 ἄν
731 3279 822 3318 τις,
865 3263 927 3316 μὴ
961 3263 1039 3306 καὶ
1067 3265 1218 3308 ταῦτα
1243 3269 1448 3320 μιμεῖται
1475 3259 1809 3321 Ἀριστοφάνης.
1884 3263 2010 3316 Προ-

462 3336 665 3391 είρηται,
703 3331 777 3377 ὅτι
804 3332 947 3384 πολὺς
975 3332 1023 3377 ἐν
1052 3330 1292 3397 τούτφτῷ
1321 3335 1440 3392 γένει
1463 3330 1798 3391 Ἀριστοφάνης.
1855 3331 2009 3375 schol.

462 3405 584 3447 Flor.
617 3405 675 3447 ad
701 3403 800 3447 473.
823 3403 1248 3461 (μελανοκάρδιος)·
1281 3406 1329 3451 ἐκ
1360 3404 1542 3462 Θησέως
1571 3400 1844 3460 Εὐριπίδου.

330 3482 443 3537 atati<)
473 3482 619 3539 Vulgo
647 3484 824 3527 soloece
854 3479 1096 3539 ῥεύσονται
1123 3481 1261 3528 κάτω.
