2144 3854
1125 259 1165 326 6

314 407 623 460 sentientium
652 408 783 454 stare
810 403 952 465 fides,
987 404 1032 454 si
1057 404 1283 470 exemplo
1308 402 1648 467 Aristophanis
1669 403 1971 468 Euripidem,

312 493 573 552 antequam
597 483 693 549 ipsi
720 482 925 533 chorum
957 483 1222 550 impetrare
1243 498 1335 549 per
1361 485 1574 531 aetatem
1599 481 1784 544 liceret,
1817 483 1976 532 celato

312 566 510 618 nomine
552 579 643 629 per
687 562 808 612 alios
856 563 1091 626 choragos
1140 562 1332 612 fabulas
1381 562 1429 610 in
1483 576 1679 610 scenam
1738 561 1976 611 detulisse

312 650 605 696 statuamus:
635 643 700 692 de
723 658 815 708 qua
837 647 1092 708 poetarum
1120 641 1427 691 scenicorum
1453 641 1807 690 consuetudine
1834 640 1974 690 testi—

313 725 529 774 monium
562 725 723 773 exstat
756 722 1050 771 scholiastae
1082 721 1424 786 Aristophanis
1469 720 1531 769 ad
1568 721 1740 770 Avium
1784 735 1830 768 v.
1865 721 1979 770 5:30.

313 804 548 868 scriptum
581 802 722 852 hisce
752 802 942 851 verbis:
990 800 1057 851 οὐ
1090 798 1192 865 γὰρ
1225 800 1436 864 πρῶτον
1471 798 1539 850 δι’
1576 795 1773 850 ἑαυτοῦ
1804 795 1981 849 καθίει

312 881 377 934 τὰ
411 880 649 947 δράματα
683 879 713 932 ὁ
739 878 958 947 ποιητὴς
980 879 1381 945 εὐλαβούμενος,
1415 878 1518 930 ἀπὸ
1549 877 1605 930 δὲ
1624 879 1731 929 τῶν
1757 870 1980 929 Ἱππέων

310 960 505 1028 ἤρξατο
549 959 769 1021 εἰςιέναι.
835 960 1020 1026 Νόμος
1064 958 1121 1011 δὲ
1155 953 1223 1026 ἦν
1256 957 1326 1025 μὴ
1362 958 1609 1019 εἰςελθεῖν
1642 975 1764 1010 τινα
1797 956 1978 1017 εἰπεῖν,

309 1041 469 1109 μήπω
495 1041 884 1107 τεσσαράκοντα
906 1037 994 1106 ἔτη
1020 1039 1292 1107 γεγονότα,
1328 1038 1399 1099 ὥς
1424 1038 1481 1090 δέ
1504 1055 1656 1099 τινες,
1678 1037 1978 1103 τριάκοντα.

311 1122 449 1173 Idem
481 1122 544 1172 ad
573 1138 618 1172 v.
645 1125 769 1173 502:
803 1121 968 1186 νόμος
999 1114 1068 1187 ἦν
1093 1117 1398 1188 Ἀθηναίοις
1432 1120 1588 1187 μήπω
1622 1117 1740 1171 τινὰ
1774 1114 1906 1170 ἐτῶν
1938 1111 1981 1168 λ’

309 1201 567 1268 γεγονότα
600 1201 726 1269 μήτε
758 1201 934 1268 δρᾶμα
971 1201 1351 1269 ἀναγινώσκειν
1395 1199 1452 1252 ἐν
1494 1198 1701 1267 θεάτρῳ
1732 1198 1859 1266 μήτε
1891 1197 1982 1266 δη-

311 1284 581 1349 μηγορεῖν.
618 1310 683 1319 -
731 1278 947 1350 Ἐπιβὰς
981 1281 1038 1334 δὲ
1071 1282 1174 1349 ἤδη
1208 1285 1306 1334 τοῦ
1339 1276 1382 1333 λ’
1415 1280 1566 1341 ἔτους
1598 1279 1686 1332 καὶ
1717 1283 1878 1331 τοῦτο
1913 1277 1979 1346 δὴ

310 1361 373 1413 τὸ
405 1361 516 1414 τῶν
548 1362 810 1428 Νεφελῶν
848 1363 1097 1431 ποιήσας,
1144 1362 1211 1415 δι’
1261 1359 1458 1414 ἑαυτοῦ
1505 1360 1754 1414 διδάσκει.
1820 1361 1979 1410 Huius

309 1443 578 1493 testimonii
624 1445 749 1495 fides
781 1441 833 1509 *)
880 1451 1015 1496 stare
1061 1450 1162 1494 tum
1208 1445 1416 1510 poterit,
1468 1444 1510 1492 si
1553 1459 1645 1508 per
1690 1441 1842 1499 alica,
1899 1440 1982 1504 qui

308 1522 503 1572 nomina
551 1538 639 1572 sua
682 1525 1063 1589 profiterentur,
1111 1525 1326 1573 dramata
1371 1523 1564 1573 demitti
1609 1521 1829 1586 potuisse
1876 1523 1977 1568 sta-

308 1604 520 1650 tuamus.
610 1601 837 1654 Scribere
884 1603 1164 1667 tragoedias
1219 1602 1484 1668 Euripides
1541 1601 1638 1649 iam
1687 1597 1980 1648 duodevice-

311 1679 436 1728 simo
469 1681 647 1731 aetatis
681 1698 804 1733 anno
839 1684 1035 1747 coepit,
1069 1686 1201 1731 teste
1235 1681 1398 1730 Gellio
1431 1679 1542 1741 XV,
1572 1682 1682 1739 20„
1718 1678 1801 1740 qui
1831 1676 1882 1725 id
1917 1691 1982 1725 ex

308 1756 636 1826 Theopompo
670 1761 894 1811 hausisse
927 1763 1133 1811 videtur.
1202 1761 1313 1810 Hoc
1360 1747 1602 1825 quomodo
1650 1757 1763 1807 sciri
1805 1756 1981 1820 potuit,

309 1837 404 1887 nisi
438 1840 604 1889 statim
638 1841 688 1889 in
723 1856 917 1890 scenam
952 1842 1170 1890 dramata
1203 1839 1592 1890 deferebantur?
1627 1837 1786 1899 Quum
1821 1835 1980 1884 minor

311 1917 480 1982 viginti
512 1935 665 1969 annos
699 1924 839 1969 natus
874 1920 1227 1983 Aristophanes
1262 1919 1560 1982 Babylonios
1595 1915 1843 1965 docendos
1893 1930 1979 1963 cu-

309 1998 513 2060 raverit,
564 1998 734 2062 quidni
768 2000 940 2048 eadem
973 2004 1137 2048 aetate
1170 1999 1301 2048 idem
1336 1997 1622 2063 Euripidem
1657 2010 1829 2047 ausum
1863 2008 1977 2042 esse

306 2078 576 2138 putemus‘e
622 2077 795 2141 Neque
845 2078 946 2127 sola
993 2079 1271 2128 coniectura
1302 2079 1399 2127 hoc
1430 2078 1618 2126 factum
1652 2089 1765 2123 esse
1797 2075 1975 2134 statuo,

308 2154 398 2203 sed
431 2156 561 2204 nitor
593 2156 694 2206 fide
726 2157 874 2207 testis
893 2157 1282 2223 locupletissimi,
1319 2156 1551 2214 CratetiS,
1588 2155 1724 2204 cuius
1745 2151 1979 2201 indicium

308 2239 469 2284 exstat
501 2236 631 2300 apud
667 2237 821 2286 schol.
856 2238 1026 2302 Eurip.
1062 2238 1216 2286 Rhes,
1250 2253 1294 2286 v.
1329 2240 1451 2287 5⁷5:
1519 2232 1731 2299 Κράτης
1764 2229 1979 2296 ἀγνοεῖν

309 2322 442 2378 φησι
474 2313 568 2365 τὸν
589 2314 886 2382 Εὐριπίδην
919 2314 1019 2384 τὴν
1050 2314 1167 2382 περὶ
1199 2314 1263 2367 τὰ
1310 2313 1543 2380 μετέωρα
1588 2311 1822 2378 θεωρίαν
1865 2309 1981 2362 διὰ

307 2388 378 2443 τὸ
422 2392 578 2446 νέον
623 2392 718 2447 ἔτι
767 2391 976 2458 εἶναι,
1037 2395 1144 2448 ὅτε
1199 2396 1316 2447 τὸν
1354 2390 1583 2464 Ῥῆσον
1632 2391 1976 2444 ἐδίδασκε.

308 2472 421 2523 Hoc
455 2477 786 2527 testimonium
820 2478 1054 2536 hominis,
1104 2480 1186 2542 qui
1229 2477 1604 2526 didascaliarum
1637 2473 1978 2522 auctoritatem

309 2553 450 2617 sequi
482 2556 660 2619 potuit,
696 2573 939 2622 quemque
973 2558 1036 2606 ad
1071 2557 1393 2607 deserendam
1419 2556 1613 2604 illarum
1638 2553 1788 2602 fidem
1820 2567 1980 2615 neque

308 2634 580 2684 necessitas
615 2639 823 2702 cogebat
855 2652 1016 2700 neque
1050 2652 1222 2686 caussa
1256 2636 1354 2684 ulla
1380 2635 1570 2702 gravior
1598 2632 1840 2691 movebat,
1876 2630 1978 2679 ele·

307 2726 423 2762 vare
456 2714 646 2764 studuit
678 2715 890 2766 Vaterus
923 2717 975 2766 in
1006 2716 1228 2766 vindiciis
1262 2716 1392 2764 illius
1426 2713 1705 2778 tragoediae
1731 2727 1782 2775 p.
1812 2708 1978 2765 CLX„

308 2795 360 2840 et
393 2791 591 2856 quidem
624 2795 924 2859 argumentis
957 2811 1076 2844 usus
1110 2796 1200 2858 iis,
1237 2795 1439 2858 quibuS‚
1474 2794 1517 2841 si
1550 2789 1828 2856 diligentius
1862 2803 1978 2837 exa-

307 2870 566 2932 minasset,
616 2889 714 2924 non
747 2874 955 2924 refutari
999 2874 1144 2935 illud,
1197 2875 1288 2923 sed
1323 2872 1600 2922 confirmari
1634 2867 1975 2918 intellexisset.

310 2947 616 3014 Olympiadis
661 2951 906 3003 LXXXV.
954 2970 1078 3003 anno
1126 2957 1330 3018 quarto,
1378 2949 1530 3014 quum'
1571 2947 1884 3012 Amphipolin
1927 2946 1977 2995 in

307 3025 520 3078 Thracia
566 3029 892 3081 Athenienses
940 3032 1236 3090 conderent,
1283 3046 1395 3080 ossa
1427 3029 1585 3078 Rhesi
1618 3026 1802 3077 oraculi
1835 3026 1972 3075 iussu

309 3121 371 3155 ex
403 3124 522 3173 agro
557 3108 770 3159 Troiano
803 3111 854 3160 in
876 3109 1137 3160 Thraciam
1171 3111 1404 3160 translata
1438 3113 1586 3171 atque
1621 3122 1681 3156 eo
1714 3107 1843 3168 loco,
1877 3118 1975 3168 quo

309 3186 426 3236 urbs
471 3189 726 3238 condenda
773 3195 910 3248 erat,
958 3190 1157 3261 defossa
1198 3204 1310 3240 esse
1342 3188 1498 3258 refert
1531 3186 1810 3251 Polyaenus
1844 3188 1970 3234 stra-

351 3370 395 3424 *)
424 3363 497 3412 Cf}
525 3365 733 3414 Meineke
759 3371 925 3428 fragm.
949 3382 1106 3412 comm.
1129 3369 1164 3410 l.
1191 3382 1235 3423 p.
1257 3365 1351 3409 104.
1383 3368 1548 3424 Bergk.
1567 3366 1732 3423 fragm.
1750 3363 1972 3418 Aristoph.

423 3454 468 3494 p.
499 3438 570 3482 18.
