2144 3854
958 287 1080 345 237

175 445 284 490 tum
325 439 378 490 in
421 439 519 489 hac
565 437 729 489 fabula
774 442 880 486 tum
912 436 964 485 in
998 435 1150 484 Ranis
1185 433 1347 499 arguit
1380 434 1610 485 comicuS.
1678 432 1847 498 Repu-

175 521 278 570 diat
309 519 440 570 enim
473 518 815 584 Phidippidcs,
849 520 904 566 ut
936 515 1126 581 priscos
1145 514 1512 579 obsoletosque,
1546 513 1846 564 Simonidem

175 606 326 664 atque
357 599 660 663 Aeschylum

307 678 494 744 ψόφου
527 675 728 738 πλέων,
760 673 1069 737 ἀξύστατον,
1103 673 1399 740 στόμφακα,
1432 674 1818 739 κρημνοποιόν,

175 764 344 810 eontra
405 759 693 824 Euripidem
739 763 794 806 ut
844 755 1261 820 sapientissimum
1308 754 1578 804 admiratur
1625 763 1674 805 et
1721 758 1852 808 canit

173 839 316 889 Aeoli
346 839 583 898 fabulam,
619 838 703 902 qui
734 837 978 885 incestum
1012 852 1122 884 cum
1155 851 1386 899 germana
1414 836 1729 886 commissum
1751 838 1852 887 cal-

176 919 278 968 lide
315 923 448 984 tegat
480 923 784 984 purgetque3
840 916 956 981 quin
990 916 1138 964 etiam
1175 932 1282 964 eam
1317 916 1474 980 ipsam
1513 916 1575 964 ob
1610 933 1852 979 caussam,

175 999 308 1063 quod
341 999 632 1063 Euripidem
665 998 931 1063 vituperet,
966 1002 1159 1061 patrem
1194 996 1481 1045 verberibus
1517 997 1739 1061 castigat.
1799 997 1854 1047 In

175 1078 328 1128 Ranis
363 1079 522 1128 omnis
555 1079 800 1127 accusatio
835 1095 864 1127 a
888 1077 1094 1126 Socrate
1126 1076 1186 1125 ad
1216 1076 1506 1141 Euripidem
1532 1077 1851 1137 transfertur,

174 1160 262 1223 qui
293 1161 605 1224 πανοῦργος
637 1164 839 1207 vocatur
858 1194 871 1218 ‚
908 1157 1037 1206 sicut
1069 1157 1152 1205 ille
1185 1154 1216 1206 ὁ
1249 1155 1422 1206 πάντα
1453 1156 1665 1220 τολμῶν
1699 1157 1853 1218 (Nub.

174 1238 328 1303 3⁷5.)‚
364 1246 416 1289 et
446 1239 695 1288 inducitur
728 1237 971 1301 Dionysus
1002 1242 1230 1300 tanquam
1258 1237 1650 1298 Atheniensium,
1685 1238 1854 1302 quales

171 1320 261 1370 illo
293 1326 521 1384 tempore
554 1324 712 1380 erant,
747 1318 1014 1381 exemplar,
1047 1318 1278 1382 ignavus,
1312 1318 1476 1378 vafer,
1512 1323 1767 1380 versutus,
1803 1324 1855 1368 et

175 1399 429 1467 Euripidis
463 1400 788 1449 admiratione
820 1399 1034 1448 insanus.
1103 1398 1290 1448 Caussa
1323 1398 1658 1448 admirationis
1684 1399 1855 1464 sophi-

175 1482 303 1532 stice
337 1486 430 1542 est,
464 1496 559 1545 qua
593 1495 741 1528 novos
778 1479 899 1528 deos
933 1478 1154 1539 eosdem,
1211 1495 1333 1543 quos
1369 1478 1617 1540 SocrateS‚
1655 1480 1856 1529 inducat

177 1559 245 1628 (v.
281 1563 422 1622 892.)
473 1564 526 1610 et
559 1566 866 1609 veter-atores
900 1575 991 1623 pro
1026 1559 1344 1608 bellatoribus
1374 1566 1733 1624 repraesentet,
1771 1560 1856 1625 qui

178 1642 256 1692 fas
303 1641 546 1705 nefasque
591 1641 831 1690 misceant
875 1641 944 1700 (v.
991 1641 1412 1703 low—1088),
1459 1656 1620 1705 eoque
1661 1641 1855 1692 nomine

175 1721 540 1788 iniprobissimo
575 1721 757 1784 cuique
787 1720 1094 1783 gratissimus
1127 1720 1209 1781 sit,

308 1803 421 1862 τοῖς
452 1798 787 1860 λωποδύταις
819 1797 909 1851 καὶ
938 1802 1076 1850 τοῖσι
1108 1799 1545 1867 βαλαντιητόμοις

309 1880 401 1934 καὶ
433 1883 571 1932 τοῖσι
600 1880 971 1945 πατραλοίαισι
1002 1877 1093 1931 καὶ
1122 1881 1482 1948 τοιχωρύχοις,

308 1961 439 2028 ὅπερ
472 1959 574 2013 ἔστ’
609 1957 668 2013 ἐν
699 1956 888 2014 ’Ἁιδου
921 1963 1152 2029 πλῆθος·
1200 1960 1266 2012 οἱ
1298 1961 1345 2013 δ’
1382 1960 1815 2028 ἀκροώμενοι

306 2043 438 2094 τῶν
486 2042 903 2110 ἀντιλογιῶν
949 2041 1060 2095 καὶ
1104 2043 1461 2110 λυγισμῶν
1509 2041 1621 2095 καὶ
1668 2037 1856 2109 στρο-

1034 2141 1077 2190 φ
1093 2123 1182 2176 ῶν

307 2204 828 2273 ὑπερεμάνησαν
861 2203 1157 2272 κάνόμισαν
1190 2203 1521 2270 σοφώτατον.

178 2287 277 2337 lam
310 2288 442 2338 enim
474 2288 687 2338 eruditio
723 2289 870 2338 etiam
906 2288 968 2336 ad
1003 2288 1200 2337 infimos
1231 2287 1631 2353 humillimosque
1662 2303 1858 2354 perma-

178 2369 337 2429 navit,
386 2374 441 2418 ut
486 2383 632 2418 nemo
683 2368 1055 2419 Atheniensium
1105 2384 1204 2419 nou
1249 2368 1403 2419 libros
1437 2369 1571 2432 legat
1604 2368 1860 2434 discatque

177 2448 476 2499 subtilitates
511 2451 583 2507 (v.
621 2450 776 2508 1114)
797 2465 812 2496 ε

310 2524 714 2591 ἐστρατευμένοι
747 2527 848 2592 γάρ
883 2520 1003 2590 εἰσι,
1354 2592 1357 2597 Γ

311 2607 522 2675 βιβλίον
554 2610 598 2659 τ’
635 2607 769 2675 ἔχων
802 2606 1019 2668 ἕκαστος
1051 2608 1316 2673 μανθάνει
1347 2608 1412 2660 τὰ
1446 2609 1602 2672 δεξιά.
1678 2657 1682 2662 .

176 2690 339 2741 Huius
385 2691 534 2756 igitur
579 2689 777 2739 dicendi
825 2689 1102 2751 facultatis,
1149 2691 1297 2740 huius
1343 2691 1665 2750 eruditionis,
1711 2690 1859 2739 huius

177 2772 415 2822 acuminis
458 2787 516 2821 se
565 2769 753 2820 civibus
798 2776 1053 2820 auctorem
1097 2769 1251 2820 fuisse
1295 2771 1550 2836 praedicat
1592 2771 1858 2836 Euripides

177 2854 248 2914 (v.
282 2853 456 2913 954.):

311 2927 486 2982 ἔπειτα
518 2927 774 2982 τουτουσὶ
807 2931 981 2982 λαλεῖν
1014 2927 1228 2992 ἐδίδαξα
1258 2958 1348 2993 —-,

309 3014 474 3075 νοεῖν,
507 3010 658 3076 ὁρᾶν,
692 3010 943 3075 ξυνιέναι,
980 3009 1240 3076 στρέφειν,
1275 3007 1420 3075 ἐρᾶν,
1451 3010 1731 3077 τεχνάζειν,

180 3099 232 3143 et
276 3099 488 3143 testatur
538 3094 813 3158 Aeschylus
858 3094 1153 3158 palaestram
1202 3109 1314 3142 cum
1349 3094 1544 3143 dicendi
1600 3093 1763 3144 studio
1797 3093 1858 3141 ab

180 3173 560 3225 Atheniensibus
595 3181 924 3238 permutatam
961 3191 1106 3235 esse,
1141 3190 1288 3238 quum
1324 3189 1412 3223 sua
1447 3176 1681 3223 memoria
1714 3189 1858 3238 prae-

180 3258 259 3304 ter
290 3254 459 3318 μᾶζαν
492 3260 545 3303 et
577 3252 860 3318 ῥυππαπαί
894 3256 962 3303 nil
995 3255 1164 3303 dicere
1196 3256 1447 3320 potuerint
1479 3259 1546 3315 (v.
1583 3256 1782 3312 1069.):

313 3327 407 3385 εἶτ’
443 3327 513 3384 αὗ
554 3333 742 3386 λαλιὰν
773 3333 1110 3400 ἐπιτηδεῦσαι
1141 3331 1231 3384 καὶ
1265 3336 1566 3402 στωμυλίαν
1601 3330 1858 3394 ἐδίδαξας,

310 3412 346 3479 ἢ
378 3413 679 3478 ’ξεκένωσεν
710 3416 805 3479 τάς
850 3433 905 3469 τε
936 3412 1258 3479 παλαίστρας
1290 3414 1381 3468 καὶ
1414 3415 1508 3478 τὰς
1540 3412 1712 3481 πυγὰς
1747 3408 1859 3465 ἐνέ-

1015 3501 1166 3561 τριψε
1199 3498 1306 3549 κτλ.
