2176 3874
933 331 1056 390 453

150 496 278 545 quae
320 479 510 530 notatio
557 482 608 530 in
644 480 756 529 Iove
806 478 1003 543 quidem
1021 514 1036 538 ,
1080 479 1220 528 cuius
1267 480 1478 544 plurima
1519 482 1830 530 innotuerant

149 566 334 624 stupra,
371 560 572 610 minime
604 561 824 609 miranda
858 562 951 619 est,
984 557 1268 622 Neptunum
1305 566 1471 610 autem
1503 575 1603 610 nou
1635 561 1829 611 videtur

148 646 297 706 poeta
329 640 669 690 nominaturus
700 639 892 699 fuisse,
942 637 1038 685 nisi
1083 639 1246 701 paullo
1281 646 1396 691 ante
1430 646 1655 706 stuprum
1690 657 1826 690 com—

146 726 488 782 memorasset,
522 719 575 768 id
610 719 741 783 quod
773 718 823 767 in
839 715 1112 766 Erechthei
1145 720 1351 786 prologo
1383 721 1568 770 factum
1605 737 1718 770 esse
1739 738 1826 786 ap·-

146 803 307 864 paret.
374 801 505 849 Ante
539 800 694 863 ipsam
727 813 916 862 pacem,
952 812 1078 861 quae
1105 796 1278 847 Niciae
1308 801 1661 865 appellabatur,
1699 800 1826 850 Ere-

143 879 315 928 chthei
335 880 553 932 fabulam
577 879 769 928 doctam
792 893 906 926 esse
930 891 992 925 ex
1018 876 1097 936 iis,
1121 893 1245 941 quae
1267 879 1317 926 in
1338 878 1487 928 huius
1512 882 1610 929 vita
1626 880 1826 930 Plutar-

144 959 267 1008 chus
302 960 374 1026 (p.
409 962 522 1011 529.
559 976 602 1008 c.
637 956 708 1021 9.)
742 961 921 1016 narrat,
957 957 1191 1006 coniicio:
1226 951 1471 1008 ἐπόθουν
1503 959 1598 1009 τὸν
1630 958 1824 1025 ἀμίαν-

142 1054 239 1089 τον
269 1037 359 1090 καὶ
392 1037 660 1103 ἀπόλεμον
693 1034 842 1101 βίον,
888 1034 1058 1103 ἡδέως
1101 1035 1200 1103 μὲν
1233 1036 1548 1103 ᾀδόντων
1579 1038 1658 1090 τὰ
1690 1057 1822 1091 τοι-

148 1122 319 1171 αῦτα
352 1119 579 1188 χορῶν
610 1116 921 1178 ἀκούοντες·

272 1200 473 1253 κείσθω
507 1197 643 1263 δόρυ
675 1216 768 1265 μοι
799 1197 956 1264 μίτον
988 1196 1334 1265 ἀμφιπλέκειν

272 1279 525 1348 ἀράχναις
556 1281 665 1332 κτλ.

270 1362 628 1428 Argumentum
661 1366 827 1411 autem
860 1361 1056 1412 fabulae
1087 1363 1251 1428 ipsum
1287 1380 1345 1413 ea
1377 1369 1601 1428 tempora
1634 1365 1822 1430 signifi-

139 1458 254 1492 care
286 1443 499 1500 videtur,
535 1442 712 1506 quibus
747 1443 1004 1506 quotannis
1021 1442 1371 1508 Peloponnesii
1402 1445 1450 1492 in
1484 1444 1611 1492 fines
1633 1445 1825 1494 Atticae

137 1523 467 1572 incursionem
521 1521 790 1570 faciebant.
869 1521 923 1571 ln
982 1522 1265 1572 discrimine
1317 1524 1506 1573 versari
1552 1524 1822 1590 rempubli-

139 1619 278 1663 cam3
330 1602 542 1662 virtute,
588 1601 868 1666 probitate,
911 1603 1251 1652 moderatione
1296 1603 1358 1652 ad
1394 1620 1501 1652 eam
1537 1603 1823 1653 servandam

140 1697 266 1746 opus
301 1697 446 1742 esse;
480 1681 700 1747 singulis,
734 1681 865 1745 quod
892 1682 1098 1746 quisque
1127 1683 1311 1733 habeat
1339 1685 1640 1733 carissimum
1673 1689 1824 1748 atque

138 1761 572 1827 pretiosissimum,
598 1762 789 1827 patriae
811 1763 1184 1812 condonandum
1209 1780 1349 1825 esse;
1384 1765 1654 1813 liberorum
1687 1780 1821 1813 mor-

138 1849 217 1892 tes
250 1841 368 1891 forti
401 1842 563 1892 animo
598 1847 650 1891 et
683 1842 946 1906 tranquillo
980 1843 1236 1904 ferendas,
1269 1861 1430 1909 neque
1463 1844 1651 1894 animos
1684 1844 1821 1892 iuve-

138 1937 272 1983 num,
309 1938 460 1986 quum
492 1923 543 1972 in
575 1923 759 1973 bellum
793 1922 1186 1987 proficiscantur,
1222 1924 1436 1973 lacrimis
1450 1928 1662 1973 matrum
1696 1923 1821 1972 mol-

143 2001 335 2050 liendos
371 2017 501 2064 esse,
535 2002 661 2052 haec
696 2003 901 2066 eiusque
935 2004 1131 2066 generis
1167 2004 1262 2052 alia
1295 2020 1453 2068 paene
1486 2004 1711 2053 omnibus
1744 2003 1820 2052 lo-

138 2082 209 2131 cis
243 2081 624 2146 praecipiuntur.
691 2082 983 2148 Euripidem
1018 2084 1180 2148 ipsum
1215 2086 1304 2133 sub
1330 2100 1546 2149 persona
1583 2084 1820 2133 latentem

136 2161 262 2212 haec
295 2160 479 2211 docere
511 2167 674 2226 puteS,
710 2167 761 2212 et
774 2162 1019 2212 Periclem
1052 2163 1332 2213 laudatione
1365 2163 1564 2213 funebri
1597 2180 1703 2225 eoS,
1738 2164 1822 2228 qui

132 2257 227 2308 pro
258 2242 418 2306 p'atria
461 2247 676 2292 mortem
721 2243 1067 2305 occubuerint,
1116 2248 1498 2310 prosequentem
1530 2244 1822 2308 animosque

135 2322 407 2387 lugentium
442 2322 817 2371 confirmantem
863 2323 1036 2373 audire
1081 2323 1224 2372 nobis
1270 2323 1496 2372 videmur
1528 2324 1821 2373 Praxitheae

134 2407 283 2464 atque
326 2400 604 2450 Erechthei
651 2402 895 2451 orationes
942 2404 1182 2468 legentes.
1262 2403 1469 2452 Licebat
1515 2409 1682 2452 autem
1732 2403 1818 2451 illo

135 2486 363 2547 tempore
386 2480 808 2546 sperare,bellum
833 2482 971 2530 brevi
996 2487 1223 2545 tempore
1237 2483 1566 2547 compositum
1591 2483 1669 2541 iri,
1683 2482 1820 2531 redi-

134 2567 303 2611 turum
337 2561 523 2619 otium,
558 2561 702 2622 fore,
750 2566 804 2610 ut
835 2564 970 2626 pacis
1005 2569 1136 2611 artes
1170 2578 1519 2626 musarumque
1553 2563 1714 2611 studia
1743 2563 1818 2610 in-

136 2641 398 2706 terpellata
430 2642 482 2690 iu
514 2641 716 2690 victrice
751 2641 945 2691 civitate
973 2643 1151 2691 'laetius
1186 2644 1487 2708 uberiusque
1520 2643 1784 2692 florerent:

270 2719 468 2772 δέλτων
499 2719 544 2771 τ’
580 2719 967 2786 ἄναπτύσσοιμι
1006 2724 1200 2790 γῆρυν,

265 2802 337 2852 ἃν
371 2799 536 2868 σοφοὶ
568 2799 822 2853 κλέονται.

133 2882 310 2947 Neque
343 2899 404 2933 ea
437 2900 553 2949 spes
587 2884 825 2933 frustrata
859 2887 993 2932 esset
1026 2884 1392 2947 Athenienses,
1430 2885 1474 2933 si
1508 2882 1712 2932 Periclis
1747 2881 1815 2929 si-

133 2963 277 3012 miles
310 2964 403 3011 viri
435 2970 550 3028 post
574 2964 760 3013 obitum
789 2966 892 3012 eius
919 2965 1239 3024 exstitissent,
1275 2966 1359 3029 qui
1383 2981 1509 3030 quae
1530 2963 1614 3012 ille
1640 2977 1816 3025 magno

133 3043 297 3093 animo
330 3049 384 3093 et
416 3045 603 3108 patriae
636 3045 969 3094 amantissimo
1001 3045 1344 3108 inchoaverat,
1390 3046 1495 3111 pari
1538 3045 1721 3094 virtute
1752 3043 1817 3093 ad

132 3123 319 3176 exitum
350 3124 668 3176 adducerent.

816 3237 1147 3245 —-—--—-—-—-—-.

727 3353 795 3406 A.
924 3353 1208 3406 Ino.

262 3455 618 3519 Argumentum
663 3459 832 3508 addito
882 3459 1080 3508 nomine
1127 3458 1324 3508 fabulae
1369 3458 1595 3522 Hyginus
1642 3453 1817 3504 retulit

135 3551 180 3585 c.
204 3537 282 3596 4.;
315 3535 450 3585 idem
474 3536 570 3587 hoc
598 3537 768 3589 drama
801 3539 897 3589 alio
915 3540 1027 3588 loco
1062 3539 1127 3603 (c.
1152 3539 1222 3602 1.)
1258 3544 1496 3605 sequutus
1520 3541 1610 3587 est.
1645 3535 1815 3584 Imita-

135 3618 216 3666 tus
249 3616 542 3682 Euripidem
574 3618 744 3671 Livius
778 3636 892 3671 esse
925 3620 973 3671 in
1009 3621 1298 3684 cognomine
1334 3619 1498 3669 fabula
1528 3618 1738 3669 videtur.
