2176 3874
1134 283 1255 342 452

495 433 623 500 μίαν
655 430 722 497 δὴ
752 430 914 491 κλύω,
947 428 1074 495 μίαν
1106 430 1214 482 τῶν
1246 430 1418 495 πάρος
1852 469 1854 473 ,

497 512 705 578 γυναῖκ’
741 508 812 560 ἐν
845 509 1080 574 φίλοις
1110 508 1275 576 χέρα
1309 510 1545 576 βαλεῖν
1578 508 1873 575 τέκνοις,

490 587 605 643 Ἰνὼ
635 592 893 656 μανεῖσαν
928 587 986 641 ἐκ
1016 589 1179 652 θεῶν,
1215 589 1299 641 ὅθ’
1331 590 1367 657 ἦ
1400 587 1536 649 Διὸς

494 671 668 738 δάμαρ
701 688 790 722 νιν
823 668 1071 736 ἐξέπεμψε
1105 670 1363 736 δωμάτων
1394 671 1495 736 άλῃ
1512 683 1525 696 ·

493 755 667 803 πιτνεῖ
695 750 743 803 δ’
779 748 814 800 οἳ
846 751 1046 803 τάλαιν’
1082 748 1136 813 ἐς
1169 750 1344 816 ἅλμαν
1378 750 1529 816 φόνῳ

494 830 695 884 τέκνων
727 830 982 898 δυςσεβεῖ,

494 911 657 979 άκτῆς
687 911 1034 976 ὑπερτείνασα
1065 910 1282 972 ποντίας
1314 909 1472 972 πόδα,

494 992 695 1044 δυοῖν
727 1008 794 1042 τε
827 992 1114 1043 παίδοιν
1149 990 1565 1053 ξυνθανοῦσ’
1599 987 1990 1040 ἀπόλλυται.

365 1072 497 1123 Νοιι
530 1075 817 1130 alienos,
868 1075 979 1122 sed
1028 1073 1338 1137 proprios
1386 1073 1636 1120 liberos
1670 1072 1731 1119 ab
1766 1071 1914 1120 lnone
1946 1079 2039 1135 p'er

362 1153 600 1202 insaniam
616 1152 904 1200 interfectos
930 1168 1043 1200 esse
1068 1152 1188 1200 dicit
1203 1158 1367 1216 poeta,
1387 1151 1566 1200 deinde
1588 1151 1880 1214 corporibus
1904 1165 2037 1200 mor-

363 1239 558 1281 tuorum
585 1233 633 1280 in
653 1247 822 1280 manus
852 1232 1056 1280 sublatis
1082 1232 1313 1280 miseram
1340 1247 1460 1281 una
1484 1246 1615 1279 cum
1649 1230 1957 1280 ambobus
1989 1230 2039 1278 in

362 1329 500 1361 mare
544 1328 600 1360 se
641 1311 1020 1376 praecipitasse,
1070 1312 1477 1375 quemadmodum
1516 1315 1656 1359 recte
1689 1309 2040 1375 interpretatur

364 1391 675 1441 scholiasteS.

493 1470 547 1518 ln
581 1470 731 1518 Inone
763 1469 871 1518 sine
905 1469 1056 1520 dubio
1104 1471 1168 1518 de
1201 1469 1510 1521 Athamantis
1543 1484 1752 1533 genere,
1801 1468 2037 1517 fratribus

365 1550 683 1614 cognatisque
726 1549 1004 1612 expositum
1058 1555 1194 1612 erat,
1254 1550 1386 1615 quod
1457 1550 1508 1598 iu
1559 1549 1675 1597 lone
1721 1547 1901 1612 negligi
1942 1547 2037 1597 mi-

362 1646 472 1679 rum
510 1634 675 1689 esset,
720 1629 812 1677 nisi
854 1629 1023 1693 priore
1053 1629 1303 1693 tragoedia
1334 1631 1582 1679 theatrum
1618 1629 1854 1681 edoctum<
1878 1626 2038 1677 fuisse

363 1709 570 1760 credere
604 1708 795 1757 liceret.

492 1788 832 1837 Erechtheum
868 1803 963 1835 una
997 1803 1108 1836 cum
1143 1787 1258 1837 lone
1303 1788 1354 1836 in
1399 1791 1600 1837 scenam
1643 1786 1859 1837 delatum
1906 1800 2037 1845 esse,

362 1870 414 1918 id
461 1867 597 1932 quod
631 1866 944 1930 Musgravius
994 1867 1272 1932 suspicatus
1315 1873 1421 1928 est,
1469 1883 1531 1916 ex
1572 1867 1796 1931 pluribus
1840 1865 2037 1915 indiciis

362 1948 587 1999 coniicio.
654 1946 873 1995 Primum
907 1947 1037 1994 enim
1073 1962 1391 2010 quaecunque
1425 1947 1489 1995 de
1522 1947 1808 1996 Erechtheo
1840 1945 2037 1994 liberis-

363 2044 460 2093 que
494 2028 599 2076 eius
648 2025 699 2074 iu
747 2024 865 2073 Ione
911 2031 1383 2087 commemorantur,
1428 2041 1541 2076 cum
1587 2029 1876 2089 argumento
1907 2025 2038 2074 illius

362 2105 597 2156 dramatis
636 2106 935 2165 congruunt,
982 2104 1115 2166 quod
1164 2109 1242 2152 est
1273 2104 1384 2153 fere
1429 2105 1759 2154 certissimum
1793 2105 2038 2153 societatis

362 2187 638 2236 dramatum
690 2182 1038 2230 documentum
1071 2180 1139 2246 *).
1209 2182 1289 2231 cf.
1325 2199 1370 2235 v.
1405 2187 1503 2234 277
1536 2200 1674 2248 seqq.
1739 2183 1930 2233 Deinde
1959 2184 2038 2232 in-

364 2265 566 2330 digenas
593 2277 706 2310 esse
730 2262 939 2321 Atticos,
973 2277 1070 2311 non
1092 2261 1262 2311 alienis
1286 2278 1348 2312 ex
1375 2265 1524 2313 terris
1549 2265 1791 2313 variarum
1818 2264 2037 2328 gentium

365 2344 506 2409 quasi
541 2341 747 2391 colluvie
779 2344 971 2389 temere
1004 2340 1265 2401 collectos,
1311 2357 1410 2392 non
1454 2343 1618 2393 minus
1651 2343 1830 2409 cupide
1861 2343 1915 2393 in
1944 2342 2038 2393 hac

362 2421 614 2486 tragoedia
648 2435 793 2483 quam
827 2421 878 2468 in
911 2420 1027 2468 Ione
1060 2420 1405 2484 praedicaturz

493 2491 530 2565 ᾗ
563 2498 745 2565 πρῶτα
777 2496 875 2562 μὲν
907 2495 1036 2558 λεὼς
1070 2498 1169 2550 οὐκ
1202 2497 1424 2562 ἐπακτὸς
1456 2501 1701 2565 ἄλλοθεν,

495 2578 821 2644 αὐτόχθονες
853 2578 906 2630 δ’
941 2579 1144 2645 ἔφυμεν
1176 2582 1282 2631 κτλ.

363 2661 588 2712 insitivos
621 2660 751 2709 filios
786 2660 955 2724 specie
990 2661 1184 2725 quidem
1218 2662 1449 2727 proprios
1483 2677 1625 2723 esse,
1670 2663 1762 2712 sed
1793 2678 2038 2728 nunquam

361 2758 514 2791 sensu
547 2740 728 2789 amoris
759 2740 1058 2805 pietatisque
1090 2741 1170 2803 iis,
1206 2757 1330 2805 quos
1365 2741 1574 2805 quisque
1605 2742 1715 2806 ipae
1745 2758 2037 2808 procreave-

362 2823 445 2883 rit,
480 2835 628 2886 pares
664 2835 803 2869 esse:

493 2899 667 2949 θετῶν
700 2895 757 2949 δὲ
789 2897 998 2950 παίδων
1030 2901 1138 2951 ποῦ
1170 2899 1395 2965 nocitos-,-
1427 2896 1492 2949 τὰ
1526 2898 1705 2964 φύντα
1735 2899 1839 2967 γὰρ

492 2977 718 3043 κρείσσω
753 2977 987 3043 νομίζειν
1020 2980 1126 3029 τῶν
1160 2979 1477 3045 δοκημάτων
1507 2979 1692 3045 χρεών.

363 3058 596 3110 Vicissim
653 3059 706 3108 in
752 3058 870 3107 lone
925 3060 987 3107 ad
1038 3060 1379 3111 Erechtheum
1426 3060 1695 3124 Euripides
1753 3062 2035 3125 respexisse

360 3140 575 3190 videtur.
642 3137 768 3187 Nam
792 3153 888 3201 quo
920 3139 1030 3188 loco
1056 3139 1144 3189 Ion
1171 3141 1449 3205 Apollinem
1484 3140 1642 3204 stupri
1668 3156 1696 3189 a
1728 3139 1915 3195 Creusa
1951 3157 2034 3191 ac·-

362 3224 588 3267 cusatum
619 3216 969 3282 reprehendit,
1016 3223 1245 3283 tanquam
1281 3220 1500 3269 eiusdem
1534 3219 1750 3269 criminis
1785 3221 2034 3271 convictos

362 3298 528 3346 Iovem
563 3302 614 3346 et
645 3296 928 3361 Neptunum
964 3299 1235 3362 vituperat:

493 3368 560 3427 σὺ
594 3372 684 3427 καὶ
717 3374 998 3428 Ποσειδῶν
1034 3376 1167 3438 Ζεύς
1199 3379 1273 3441 θ’,
1311 3373 1369 3438 ὃς
1401 3376 1641 3442 ούρανοῦ
1672 3379 1868 3444 κρατεῖ,

417 3503 468 3558 *ἡ
499 3504 568 3548 cr.
598 3504 769 3548 Welck.
799 3518 843 3557 ι».
870 3501 968 3545 722.
