2144 3854
1097 251 1218 308 184

312 403 516 454 excitari
551 399 686 450 fecit.
752 397 1199 449 vehementissime
1219 397 1348 447 enim
1373 395 1436 446 ad
1456 397 1722 447 crudeliter
1745 398 1995 451 ulciscen-

311 484 427 532 dum
462 479 689 531 homines
721 477 907 542 impelli
940 477 1102 527 solent
1131 483 1265 536 tum,
1320 493 1469 540 quum
1515 477 1778 527 clementia
1824 479 1906 528 usi
1937 495 1996 528 se

312 561 553 610 contemni
586 563 734 621 atque
769 557 902 606 eludi
935 562 1125 623 putant.
1192 557 1469 606 Prudenter
1503 557 1656 606 etiam
1689 574 1793 607 rem
1818 558 1892 606 sic
1914 557 1996 606 in-

313 641 484 700 stituit,
517 642 573 688 ut
605 638 769 687 insons
805 636 1054 702 Thyestes
1086 637 1390 687 mulcaretur
1438 643 1608 702 utque,
1662 654 1811 702 quum
1843 637 1994 686 rebus

315 719 536 768 adversis
587 717 794 767 edoctus
842 723 976 766 esset
1018 732 1114 766 non
1147 716 1278 767 male
1323 717 1489 766 vivere
1534 717 1618 780 qui
1649 731 1856 766 nascens
1889 731 1997 766 mo-

312 799 543 863 riensque
564 797 780 858 falleret,
813 797 1043 848 liberatus
1068 797 1179 861 ipse
1211 796 1449 863 regnandi
1482 796 1732 862 cupidine,
1766 812 1795 844 a
1827 796 1998 846 liberis

313 876 378 926 ad
409 878 681 942 perniciem
715 876 1011 926 duceretur:
1057 877 1181 925 haec
1226 877 1354 926 enim
1389 878 1577 941 aptiora
1610 881 1723 925 sunt
1755 875 1818 924 ad
1851 876 2000 924 mise-

313 957 581 1007 ricordiam
613 955 929 1016 movendam,
977 972 1121 1020 quam
1164 957 1208 1005 si
1252 957 1302 1006 in
1351 957 1462 1022 ipso
1499 957 1689 1006 scelere
1722 954 1998 1021 deprensus

314 1036 635 1102 plecteretur.
705 1035 893 1085 Scitum
925 1035 1047 1084 illud
1073 1051 1268 1100 quoque
1292 1042 1386 1097 est,
1420 1038 1550 1099 quod
1578 1036 1780 1099 Aerope
1806 1049 1867 1084 eo
1890 1034 2001 1099 ipso

314 1121 571 1180 tempore,
617 1131 715 1180 quo
759 1115 970 1164 salutem
1015 1114 1252 1179 Thyestis
1300 1119 1352 1163 et
1396 1114 1663 1163 liberorum
1699 1115 1807 1163 eius
1841 1113 2001 1179 impe-

315 1202 476 1244 trasse
526 1195 623 1246 sibi
670 1195 777 1243 visa
823 1199 923 1254 est,
974 1194 1230 1243 consilium
1282 1194 1422 1243 Atrei
1474 1194 1670 1243 adiuvat
1704 1199 1755 1242 et
1781 1192 2003 1242 malitiae

316 1274 596 1339 opitulatur.
660 1273 787 1323 Nam
820 1273 1016 1337 Aerope
1049 1273 1288 1322 suadente
1321 1273 1597 1337 Thyestem
1642 1273 1702 1322 ab
1751 1272 1849 1321 aris
1899 1273 2002 1321 dis-

318 1355 533 1404 cessisse
564 1359 618 1404 et
649 1354 700 1402 in
735 1353 885 1402 aedes
916 1352 1126 1402 intrasse
1161 1352 1306 1418 plane
1338 1354 1669 1402 necessarium
1713 1356 1806 1412 est,
1839 1366 2003 1414 neque

318 1433 563 1498 colloquio
595 1432 737 1482 Atrei
770 1437 920 1495 atque
952 1433 1177 1497 Aeropes
1209 1432 1476 1496 quidquam
1508 1433 1859 1497 proficeretur,
1908 1429 2006 1479 nisi

317 1512 449 1561 hunc
481 1512 690 1561 haberet
722 1516 968 1560 eventum.
1034 1510 1090 1558 In
1123 1516 1444 1576 personarum
1478 1512 1727 1570 moribuS,
1761 1511 2006 1575 imprimis

319 1590 460 1643 Atrei
492 1595 640 1654 atque
673 1589 932 1654 Thyestis,
967 1590 1301 1654 exprimendis
1334 1589 1482 1655 plane
1515 1590 1773 1656 singularis
1805 1589 2007 1654 Euripi-

321 1669 400 1719 dis
435 1684 515 1722 ars
550 1670 868 1734 conspicitur.
938 1668 1270 1733 Philosophus
1304 1675 1514 1734 uterque
1548 1675 1654 1728 est,
1699 1674 1873 1720 nactus
1922 1685 2010 1718 au-

322 1754 424 1798 tem
458 1754 539 1798 est
572 1765 635 1798 ex
668 1749 984 1814 philosophia
1016 1748 1101 1796 ille
1134 1748 1426 1813 divinarum,
1462 1749 1542 1798 hic
1573 1750 1892 1799 humanarum
1926 1764 2010 1799 re-

322 1844 431 1877 rum
464 1827 851 1893 despicientiam.
920 1827 1036 1890 lue,
1077 1834 1131 1877 ut
1163 1829 1431 1893 physicus,
1467 1829 1551 1892 qui
1583 1844 1748 1878 rerum
1782 1827 2012 1894 cognovit

324 1922 528 1958 caussas
563 1915 614 1956 et
646 1914 851 1957 naturae
883 1912 1135 1972 portarum
1170 1908 1368 1971 effregit
1401 1910 1631 1968 claustra,

455 1986 656 2050 „Quem
689 2003 857 2054 neque
874 1988 1032 2051 sama
1077 1986 1230 2035 deum
1273 2004 1371 2036 nec
1402 1988 1665 2051 fulmina,
1712 2003 1809 2036 nec
1857 1985 2009 2036 mini-

1157 2067 1300 2115 tanti

463 2144 733 2195 Murmure
767 2140 1062 2212 compressit
1099 2146 1311 2206 coelum,

326 2225 586 2275 audentem
610 2230 779 2275 contra
803 2225 981 2275 tollere
1007 2223 1228 2286 oculos”‚
1266 2242 1374 2275 cum
1407 2225 1643 2288 religione
1668 2225 1813 2275 simul
1844 2225 2011 2291 legum

326 2305 654 2355 reverentiam
701 2320 895 2354 omnem
942 2306 1095 2354 exuit.
1179 2304 1478 2361 Mirabiliter
1523 2311 1687 2355 autem
1720 2304 1925 2370 physica
1958 2294 2014 2353 et

328 2385 547 2449 mythica
563 2384 805 2434 miscebat
818 2384 1098 2448 EuripideS,
1127 2386 1270 2434 simul
1289 2384 1572 2450 philosophi
1588 2385 1757 2433 officio
1770 2390 1824 2450 et
1835 2389 2014 2449 poetae

328 2464 647 2528 perfungens,
712 2463 955 2513 Notarunt
989 2464 1086 2513 hoc
1119 2471 1313 2514 veteres
1332 2466 1632 2529 interpretes
1657 2463 1720 2512 ad
1746 2480 1858 2513 eum
1886 2465 2013 2513 Ore-

329 2544 423 2592 stis
459 2543 656 2593 fabulae
689 2544 870 2600 locum,
907 2559 1019 2607 quo,
1054 2546 1387 2609 Anaxagoram
1423 2549 1641 2604 secutus,
1676 2559 1823 2607 quum
1858 2542 2014 2591 solem

330 2639 543 2672 massam
577 2637 691 2672 esse
726 2623 934 2671 dixisset
966 2623 1095 2671 inter
1124 2624 1314 2673 coelum
1343 2629 1625 2686 terramque
1650 2622 1861 2671 mediam
1891 2637 2013 2686 pen-

332 2700 614 2767 dentem*)‚
650 2718 762 2752 cum
787 2703 884 2751 hoc
909 2703 1228 2767 physicorum
1260 2704 1457 2751 invento
1488 2701 1682 2749 Tantali
1716 2700 2013 2764 supplicium

330 2783 401 2831 ita
434 2783 659 2842 miscuit,
704 2786 787 2843 ut,
834 2786 992 2830 utram
1039 2782 1330 2832 sententiam
1365 2778 1675 2846 probaverit,
1722 2779 2015 2844 dignoscere

333 2877 549 2924 nequeas
575 2858 671 2925 **).
771 2861 932 2911 Simili
992 2862 1140 2912 modo
1187 2861 1283 2922 iis,
1344 2876 1470 2924 quae
1517 2860 1581 2908 de
1627 2873 1776 2908 cursu
1809 2857 1927 2907 solis
1961 2857 2015 2906 in

383 3001 439 3056 ³⁸)
468 2998 673 3055 Μόλοιμι
700 2998 787 3044 τάν
815 2996 1018 3057 οὐρανοῦ

474 3069 613 3126 μέσον
639 3066 812 3125 χθονὸς
840 3069 1090 3126 τεταμέναν

477 3138 739 3198 αἰωρήμασι
767 3137 955 3196 πέτραν,

478 3205 663 3254 &mosoc
690 3207 921 3266 χρυσέαισι

378 3328 382 3330 ,
475 3276 732 3336 φερομέναν
764 3279 917 3323 δῖναι-

480 3363 526 3394 σι
553 3350 700 3407 βῶλον
729 3346 775 3403 ἐξ
803 3345 1054 3405 Ὀλύμπου.

383 3421 463 3475 *ἢ
490 3421 559 3464 cf.
586 3433 723 3475 supra
745 3434 788 3475 p.
819 3417 916 3461 1⁰0.
