2176 3874
916 295 1041 357 525

131 451 254 502 dum
279 452 373 500 est.
440 446 569 498 Nam
593 447 757 498 scelus
782 446 875 498 diis
904 451 956 498 et
982 445 1205 497 iustitiae
1228 445 1496 497 obnoxium
1520 445 1607 496 ubi
1634 446 1823 498 ruinam

133 531 311 594 trahit,
344 529 707 579 internecivum
743 529 913 578 existit
944 527 1144 577 malum.
1214 527 1388 594 Itaque
1421 528 1507 577 ille
1540 527 1603 576 ad
1638 527 1826 577 Orcum

131 611 317 673 inscius
349 609 613 676 profectus
663 615 771 669 est,
818 609 919 658 huc
965 602 1341 672 proficiscens„
1409 608 1641 658 Clamore
1685 625 1827 659 mon-

133 696 291 743 strum
326 706 454 756 quae
487 692 677 755 patitur
710 689 971 756 significat.
1039 688 1262 748 Deinde,
1311 689 1428 738 dum
1461 688 1673 739 Hecuba
1714 705 1828 738 cum

134 770 457 822 adiutricibus
493 771 801 836 profugiunt,
835 773 970 818 tecta
1005 769 1182 817 evertit
1216 774 1270 817 et
1301 769 1500 834 stipites
1526 785 1619 833 pro
1652 769 1828 818 iaculis

131 852 297 901 vibrat
331 866 483 900 coeco
516 851 722 916 impetu.
790 849 913 899 Mox
949 853 1001 898 et
1022 849 1292 898 liberorum
1319 849 1697 899 interfectorum
1717 864 1828 898 cor-

130 948 257 999 pora
290 938 557 996 egeruntur
592 938 642 981 et
674 933 783 996 ipse
817 929 1133 993 Polymestor
1166 929 1336 994 prodit
1369 930 1686 994 quadrupeS‚
1721 930 1828 978 eiu-

132 1012 242 1062 lans
277 1029 400 1078 prae
436 1012 609 1061 dolore
653 1018 803 1074 atque
849 1009 1134 1069 iracundia,
1182 1010 1492 1059 errabundus
1540 1010 1830 1073 frustraque

133 1092 346 1142 feminas
381 1108 588 1153 venans,
633 1091 854 1140 ferarum
890 1091 1170 1139 belluarum
1203 1090 1426 1139 furorem
1459 1091 1708 1155 sanguinis
1744 1089 1831 1138 siti

133 1173 398 1238 carnisque
433 1171 689 1221 laniandae
726 1172 960 1221 aviditate
1002 1187 1259 1235 superans.
1329 1169 1521 1220 Deinde
1554 1170 1828 1219 liberorum

135 1269 345 1318 corpora
378 1252 656 1314 offendens,
689 1253 890 1312 timens,
925 1268 988 1300 ne
1023 1268 1051 1299 a
1085 1251 1284 1300 feminis
1310 1251 1662 1308 distrahantur,
1698 1249 1832 1315 apud

134 1349 224 1382 eos
256 1333 528 1394 recumbit,
571 1333 762 1396 ingenti
809 1333 1026 1381 clamore
1059 1330 1315 1381 Thracum
1357 1336 1559 1395 gentem
1594 1336 1833 1380 armatam

133 1417 188 1462 et
230 1413 539 1463 Graecorum
598 1413 873 1462 exercitum
920 1418 970 1462 et
1015 1413 1212 1461 Atridas
1256 1412 1320 1461 ad
1377 1427 1525 1475 opem
1571 1411 1833 1460 ferendam

133 1494 399 1544 advocans·
469 1492 683 1542 Nemine
716 1494 945 1542 veniente
981 1490 1188 1557 (Graeci
1215 1492 1347 1542 enim
1374 1492 1435 1541 ab
1460 1492 1834 1558 Agamemnone

135 1571 489 1635 cohibentur),
539 1579 704 1639 optat,
751 1580 805 1623 ut
847 1580 933 1624 aut
967 1574 1019 1624 in
1052 1589 1219 1623 aerem
1253 1573 1316 1622 ad
1350 1578 1486 1622 astra
1519 1572 1716 1622 evolare
1748 1575 1834 1621 aut

136 1654 202 1703 ad
236 1652 424 1711 Orcum
459 1653 554 1702 sibi
589 1654 897 1703 descendere
931 1655 1095 1705 liceat.

266 1733 492 1783 Foedum
539 1736 880 1799 spectaculum
924 1741 1002 1785 est
1050 1737 1200 1785 homo
1249 1735 1404 1784 erutis
1440 1733 1599 1783 oculis
1633 1733 1683 1782 in
1719 1748 1831 1782 sce-

135 1829 249 1863 nam
268 1813 551 1877 ·prodiens,
586 1816 678 1864 sed
710 1816 907 1865 foedius
943 1823 1021 1865 est
1052 1817 1104 1864 in
1143 1821 1415 1880 conspectu
1438 1814 1627 1864 theatri
1659 1813 1832 1862 oculos

135 1894 389 1943 innocenti
421 1896 604 1957 effodi,
640 1895 690 1944 id
726 1898 857 1960 quod
888 1898 949 1946 fit
982 1898 1115 1962 apud
1151 1895 1581 1961 Schacisperium,
1618 1895 1833 1958 Anglum

136 1979 354 2040 poetam.
423 1976 567 2026 Talia
600 1993 699 2026 non
733 1994 762 2026 e
795 1983 964 2027 nostro
1013 1993 1160 2027 sensu
1211 1977 1474 2026 iudicanda
1523 1991 1639 2025 esse
1687 1975 1835 2038 quili-

135 2057 225 2107 bet
258 2054 502 2121 intelligit.
572 2057 708 2106 Nulli
742 2060 875 2123 apud
910 2074 999 2107 nos
1032 2058 1305 2115 eiulantes,
1342 2057 1463 2106 nulli
1499 2061 1694 2105 torvum
1730 2056 1833 2104 cla-

137 2142 348 2197 mantes,
384 2136 518 2186 nulla
551 2137 808 2187 vulnerum
842 2140 1231 2203 morborumque
1265 2138 1510 2198 foeditas,
1543 2137 1677 2185 nulla
1710 2135 1836 2185 faci-

137 2232 313 2267 norum
361 2218 600 2267 atrocitas
648 2220 945 2280 exhibetur3
996 2225 1168 2268 contra
1215 2218 1348 2282 apud
1384 2217 1605 2267 Graecos
1652 2217 1724 2266 nil
1757 2217 1837 2265 his

137 2297 290 2345 rebus
324 2296 636 2358 frequentius
661 2299 775 2348 fuit.
841 2300 1076 2348 Feminas
1099 2314 1234 2359 vero,
1271 2303 1324 2346 et
1346 2298 1584 2347 honestas
1617 2298 1836 2361 quidem,

140 2375 327 2424 atrocia
359 2381 614 2439 patrantes
650 2380 917 2427 ostendere
965 2385 1136 2427 contra
1186 2378 1517 2426 urbanitatem
1551 2394 1665 2427 esse
1698 2378 1837 2426 iudi-

141 2470 327 2506 camus,
396 2456 545 2518 Quod
581 2457 624 2506 si
659 2458 769 2520 quis
804 2457 1119 2522 Euripidem,
1154 2457 1289 2521 quod
1324 2456 1477 2505 fuerit
1508 2456 1709 2505 feminis
1743 2458 1836 2505 ini-

141 2538 313 2601 quior,
361 2537 442 2585 vel
485 2537 645 2586 solum
692 2538 772 2587 vel
819 2539 1035 2603 primum
1078 2538 1193 2586 talia
1229 2538 1514 2586 exhibuisse
1549 2537 1836 2598 arbitretur,

139 2622 344 2683 reputet
378 2633 507 2682 quae
539 2619 678 2682 ipse,
731 2619 793 2667 ad
829 2620 1023 2684 priores
1071 2619 1284 2667 aliorum
1317 2622 1578 2684 poetarum
1612 2618 1837 2667 dramata

140 2698 436 2764 respicienS,
470 2698 730 2748 Hecubam
765 2699 893 2749 fecit
927 2699 1207 2748 dicentem:

271 2776 323 2829 τί
356 2777 433 2838 δ’;
473 2777 539 2828 οὐ
570 2780 824 2843 γυναῖκες
857 2772 998 2830 εἷλον
1031 2778 1314 2846 Αἰγύπτου
1347 2776 1523 2842 τέκνα,

273 2858 364 2912 καὶ
394 2860 622 2927 Λῆμνον
655 2859 831 2926 ἄρδην
864 2859 1107 2925 ἀρσένων
1141 2857 1426 2926 ἐξῴκισαν,·

141 2941 220 2992 An
252 2942 424 2991 mitius
459 2948 555 3003 est,
590 2942 723 3006 quod
758 2942 960 2991 Electra
979 2943 1219 3007 Aeschyli
1255 2940 1618 3006 Sophoclisque
1650 2938 1702 2988 in
1734 2953 1838 2987 ma-

141 3023 340 3073 tricidio
375 3023 617 3089 patrando
651 3021 863 3072 fratrem
896 3023 1124 3083 adiuvat,
1172 3039 1321 3087 quam
1362 3028 1531 3071 tamen
1564 3035 1657 3086 pro
1692 3035 1838 3085 prae-

142 3105 448 3154 stantissima
494 3104 686 3169 virgine
729 3104 833 3152 vult
868 3108 1080 3168 uterque
1114 3103 1330 3154 haberi?
1399 3101 1510 3150 Non
1545 3101 1724 3149 mirum
1760 3103 1841 3147 est

144 3184 254 3233 dira
286 3191 487 3250 patrare
519 3185 605 3249 qui
651 3186 758 3234 dira
807 3199 1079 3249 perpessus
1127 3190 1233 3244 est,
1281 3188 1333 3232 et
1377 3183 1604 3246 ineptum
1639 3184 1716 3228 est
1761 3178 1840 3227 vel

143 3278 339 3314 morum
373 3265 647 3330 elegantiae
679 3264 759 3314 vel
793 3264 1083 3314 urbanitati·
1117 3265 1199 3314 vel
1231 3264 1427 3313 decoris
1461 3262 1540 3311 vel
1556 3258 1838 3310 humanita-

145 3343 212 3393 tis
244 3343 490 3396 rationem
537 3346 755 3407 habere,
798 3344 931 3393 mole
967 3345 1211 3394 malorum
1257 3342 1546 3394 catervatim
1590 3341 1642 3389 in
1685 3354 1840 3388 unum

143 3421 399 3474 hominem
431 3431 570 3476 tanta
610 3426 856 3485 irruente,
903 3430 1137 3490 quantam
1182 3426 1431 3475 sustinere
1473 3426 1698 3472 naturam
1745 3419 1841 3467 hu-

147 3520 341 3557 manam
386 3520 602 3572 uuquam
655 3506 882 3573 potuisse
932 3505 1015 3556 vix
1073 3505 1316 3558 credibile
1375 3508 1453 3556 est
1510 3506 1563 3553 et
1608 3498 1841 3566 profecto
