2144 3854
880 272 1011 343 *139

115 427 312 493 dignum
361 424 490 474 enlm
537 435 694 486 neque
739 416 998 468 tolerabile
1042 430 1154 464 esse
1197 416 1342 466 unice
1374 409 1534 466 curari
1550 454 1566 479 ‚
1619 416 1774 466 oculis

117 505 355 556 cariorem
374 517 503 554 esse
530 501 655 551 etin
673 497 866 549 deliciis
894 495 1065 545 haberi
1100 511 1307 560 puerum
1340 496 1585 546 imbellem
1619 513 1779 562 neque

117 585 203 635 ulli
234 584 307 633 rei
339 583 477 651 gravi
510 593 805 644 magnaeque
837 576 1082 636 idoneum,
1116 574 1433 638 genuinorum
1467 581 1633 626 autem
1657 577 1778 629 libe-

117 680 285 715 rorum
318 660 544 712 virtutem
587 659 638 707 in
670 657 802 706 nullo
835 655 915 703 vel
946 655 1124 702 amoris
1156 655 1236 702 vel
1267 655 1611 706 honoris-loco
1645 659 1778 723 poni.

118 742 328 792 Proinde
349 746 405 791 ut
420 739 659 789 aemulum
683 737 809 784 clam
834 734 1131 784 interficiant
1155 738 1203 783 et
1235 734 1284 783 in
1305 732 1497 792 Laium,
1531 737 1582 785 in
1606 738 1781 787 eodem

117 821 338 871 conclavi
370 835 481 871 cum
511 819 596 867 illo
631 817 982 883 quiescentem,
1016 814 1201 862 crimen
1234 813 1508 873 conserant,
1543 817 1782 868 hortatur.
1828 869 1831 871 ,

116 901 336 952 Horren}
369 898 528 949 scelus
559 897 673 954 filii,
719 899 771 944 et
802 897 1009 943 matrem
1043 908 1266 959 quoque,
1301 909 1364 943 ne
1396 895 1514 958 quid
1545 911 1783 995 praepro-

115 996 236 1046 pere
266 984 391 1045 agat,
422 977 553 1042 quod
585 983 761 1042 postea
793 974 1068 1039 poeniteat,
1102 978 1331 1022 monent.

245 1059 539 1122 „Melius
595 1057 936 1123 pigrasse‚
1012 1052 1287 1120 quamde
1358 1058 1784 1122 properasse,

954 1139 1055 1182 est
1086 1149 1122 1182 n
1138 1134 1244 1197 esa
1258 1133 1332 1182 s.’'

115 1221 262 1269 lstam
305 1232 422 1268 vero
465 1216 703 1281 ignaviam
744 1215 827 1264 illa
869 1214 1146 1278 vituperat:
1188 1229 1298 1263 nam
1346 1213 1390 1262 ai
1434 1216 1593 1266 minus
1626 1216 1789 1268 timidi

112 1299 202 1349 filii
234 1299 296 1348 ad
330 1298 517 1346 facinus
548 1295 840 1362 patrandum
876 1310 932 1342 se
963 1299 1163 1343 strenue
1194 1294 1536 1359 accinxissent,

245 1377 602 1440 „diviti-am
631 1375 1085 1442 partivissent
1119 1375 1665 1430 aeternabilem.”

114 1461 242 1522 lam,
276 1458 375 1507 illis
408 1456 808 1516 detrectantibu8‚
843 1456 949 1521 ipsa
981 1455 1086 1504 sola
1118 1470 1224 1504 rem
1250 1456 1494 1518 perficere
1519 1459 1787 1510 constituit.

116 1540 254 1589 Haec
286 1539 418 1587 inter
450 1552 507 1586 se
540 1535 769 1584 collocuti
804 1536 935 1584 intro
969 1535 1167 1586 abeunt.
1234 1533 1487 1585 Tenebras
1511 1553 1609 1587 nox
1638 1541 1788 1590 terris

113 1619 314 1669 inducit.
384 1615 594 1676 Chorus,
629 1630 777 1678 quum
811 1615 1071 1663 commissa
1102 1614 1315 1679 prodere
1346 1630 1444 1663 non
1478 1617 1648 1680 liceat,
1681 1634 1789 1669 mo-

116 1702 264 1748 nente
295 1705 546 1761 tompore,
593 1693 935 1758 philosophica
979 1694 1217 1757 quaedam
1259 1693 1322 1743 de
1368 1695 1496 1745 coeli
1529 1702 1792 1764 terraeque

117 1778 441 1834 commercio,
493 1773 624 1823 unde
658 1773 830 1822 omnia·
850 1778 1137 1835 nascantur,
1172 1789 1368 1839 quoque
1400 1778 1643 1828 exstincta
1674 1781 1789 1830 red·

117 1862 255 1920 eant,
300 1857 620 1918 Anaxagorae
665 1852 955 1917 disciplinae
987 1855 1338 1914 convenientia,
1369 1857 1624 1921 proponit:

858 1943 1051 2001 στροφή.

375 2019 516 2070 Γαῖα
548 2014 763 2082 μεγίστη
795 2012 886 2066 καὶ
918 2014 1052 2076 Διὸς
1085 2013 1263 2082 αἰθήρ,

366 2098 398 2151 ὁ
429 2095 527 2163 μὲν
558 2096 862 2162 ἀνθρώπων
893 2093 982 2147 καὶ
1013 2097 1157 2147 θεῶν
1190 2093 1433 2164 γενέτωρ,

262 2204 265 2207 ’
364 2177 402 2247 ἦ
433 2177 483 2230 δ’
515 2176 851 2244 ὗγροβόλους
882 2177 1142 2243 σταγόνας
1171 2176 1388 2241 νοτίους

363 2258 760 2326 παραδεξαμένη
788 2258 940 2310 τίκτει
975 2258 1227 2320 θνατούς,

359 2339 518 2393 τίκτει
552 2338 610 2391 δὲ
643 2337 816 2406 βορὰν
847 2339 995 2404 φῦλά
1025 2356 1080 2391 τε
1111 2330 1321 2407 θηρῶν,

368 2418 499 2473 ὅθεν
534 2419 633 2473 οὐκ
665 2419 860 2480 ἀδίκως

366 2501 535 2569 μήτηρ
565 2501 781 2552 πάντων
811 2498 1127 2564 νενόμισται.

813 2590 1112 2651 οἷντιστροφὴ.

370 2667 548 2729 Χωρεῖ
578 2664 626 2716 δ’
662 2662 929 2715 όπίσωέτὰ
960 2662 1057 2729 ’μὲν
1092 2662 1148 2715 ἐκ
1181 2663 1333 2729 γαίας

365 2745 522 2810 φύντ’
560 2745 630 2806 εἰς
663 2747 841 2812 γαῖαν,
875 2742 940 2796 τὰ
974 2745 1021 2796 δ’
1056 2743 1147 2795 ἄπ’
1183 2744 1425 2809 αἰθερίου

366 2826 659 2891 βλαστόντα
691 2828 856 2894 γονῆς
889 2824 961 2886 εἷς
994 2824 1252 2892 οὐράνιον

368 2907 537 2959 πόλον
569 2901 701 2974 ἦλθε
734 2906 918 2958 πάλιν·
951 2906 1174 2974 θνήσκει
1205 2905 1253 2958 δ’
1289 2903 1448 2958 ονδὲν

364 2988 473 3040 τῶν
504 2986 851 3055 γιγνομὲνων,
888 2986 1293 3054 διακρινόμενον
1326 2986 1374 3038 δ’

366 3068 494 3120 ἄλλο
526 3067 660 3133 πρὸς
693 3070 858 3120 ἄλλον

366 3147 584 3217 μορφὴν
618 3148 760 3202 ἰδίαν
792 3146 1039 3212 απέδειξε.
1308 3196 1313 3203 .

252 3227 452 3281 Interim
486 3232 815 3298 Hippodamia
846 3232 894 3280 in
930 3230 1208 3281 cubiculum
1241 3230 1412 3281 furtim
1445 3229 1660 3295 intravit,
1692 3233 1795 3299 gla-

117 3307 252 3356 dium
292 3308 411 3372 Laii,
452 3328 482 3361 e
515 3313 684 3376 vagina
718 3312 970 3369 eductum,
1004 3311 1053 3360 in
1085 3311 1350 3378 Chrysippi
1371 3327 1580 3377 corpore
1606 3314 1796 3374 defixit,

120 3386 226 3448 sed,
260 3395 455 3441 errante
487 3392 534 3440 in
567 3392 784 3442 tenebris
819 3407 981 3452 manu,
1017 3391 1351 3442 semianimem
1385 3391 1583 3456 reliquit
1615 3393 1663 3442 in
1703 3410 1796 3459 pu-

119 3466 298 3518 blicum
336 3486 391 3519 se
424 3471 718 3537 proripienS,
752 3472 835 3522 ubi
869 3471 933 3521 de
965 3469 1188 3522 facinore
1220 3476 1413 3538 patrato
1448 3472 1653 3522 chorum
1692 3473 1800 3539 ipsa
