2176 3874
1173 274 1295 331 378

395 421 502 472 sola
535 420 739 480 virtute,
774 419 826 468 id
861 422 941 468 est
974 418 1120 469 animi
1151 420 1489 486 magnitudine
1520 422 1801 488 viribusque
1834 427 2072 490 corporis,

394 501 669 551 hominibus
705 506 973 563 praestare.
1033 500 1322 550 Honestatis
1357 506 1520 550 autem
1557 518 1740 566 genera
1772 504 1898 554 haec
1931 511 2101 555 sunta.

520 578 573 643 l)
609 580 831 645 vulgares
865 595 1030 628 mores
1062 580 1138 629 vel
1166 581 1396 645 aequales
1433 572 1684 647 (ordiniire
1713 583 2072 650 Charaktere);

517 658 573 722 2)
607 659 884 708 vitiosiores
919 660 998 708 vel
1031 660 1228 724 peiores
1266 661 1627 726 (Carricatur);

517 742 572 803 3)
608 740 993 804 praestantiores
1027 740 1103 788 vel
1138 741 1366 791 meliores
1404 740 1603 808 (ideal).
2048 791 2052 795 .

390 821 583 886 Duplici
609 837 757 869 sensu
783 821 1070 870 vocabulum
1097 819 1314 886 βελτίων
1346 823 1508 888 posuit
1526 823 1845 874 Aristoteles,
1879 822 2068 883 Altero,

389 918 488 967 quo
523 898 764 966 βελτίονα
796 900 926 949 idem
963 901 1091 965 quod
1129 894 1216 951 οἷα
1250 901 1331 952 δεῖ
1360 896 1495 953 εἶναι
1529 903 1787 969 significat,
1823 903 1885 960 ad
1918 919 2068 967 gene-

386 984 643 1032 rositatem
678 981 825 1030 animi
860 980 1104 1043 refertur,
1140 1000 1264 1047 quae
1296 985 1444 1033 decet
1476 985 1686 1045 heroas,
1718 989 1946 1048 tanquam
1981 1000 2068 1050 ge-

387 1078 480 1112 nus
517 1062 770 1110 hominum
818 1061 1164 1126 praestantius,
1244 1064 1442 1124 Altero,
1489 1080 1585 1128 quo
1634 1064 1865 1113 meliores
1898 1079 2065 1113 mores

385 1141 641 1209 peioribus
697 1146 1008 1206 opponuntur
1064 1147 1212 1207 atque
1257 1143 1518 1208 βελτίονες
1574 1144 1724 1193 iidem
1791 1150 1938 1206 sunt,
1985 1143 2069 1209 qui

386 1220 689 1283 σπουδαῖοι,
723 1222 784 1270 ad
821 1222 1051 1271 decorem
1085 1224 1319 1273 refertur.
1376 1225 1591 1274 Possunt
1623 1225 1776 1290 igitur
1806 1223 2068 1288 opinabilia

386 1304 562 1353 eadem
622 1310 671 1351 et
714 1303 1070 1366 praestantiora
1114 1309 1166 1352 et
1227 1306 1477 1354 vitiosiora
1523 1305 1599 1353 vel
1648 1305 1868 1369 turpiora
1917 1320 2064 1368 quam

383 1399 496 1433 vera
533 1399 672 1441 esse;
718 1382 951 1445 idemque
994 1384 1057 1432 de
1090 1384 1291 1448 reliquis
1325 1386 1515 1433 duobus
1549 1385 1767 1433 veritatis
1802 1385 2064 1450 generibus

383 1464 570 1513 dictum
605 1469 724 1527 puta
758 1458 847 1526 (cf.
884 1478 925 1512 c.
960 1465 1040 1522 25,
1076 1462 1163 1526 1).
1244 1464 1368 1513 Item
1411 1465 1639 1527 vulgares
1687 1480 1851 1512 mores
1886 1469 1940 1513 et
1971 1465 2064 1513 ho-

382 1544 595 1593 minibus
631 1549 681 1592 et
714 1543 806 1592 diis
842 1549 894 1591 et
927 1543 1162 1593 heroibus
1197 1545 1346 1593 tribui
1380 1552 1611 1610 possunt:
1646 1543 1697 1591 id
1724 1545 1854 1608 quod
1877 1543 2063 1592 factum

382 1640 496 1674 esse
529 1624 751 1672 videmus
785 1624 835 1671 in
871 1623 1028 1672 Plauti
1063 1626 1433 1690 Amphitruone.
1515 1624 1757 1688 Vulgares
1793 1624 1923 1672 enim
1957 1639 2064 1672 mo-

363 1720 464 1764 ,res
524 1705 770 1753 recentior
826 1704 1108 1766 comoedia,
1179 1706 1430 1771 turpiores
1486 1705 1734 1769 antiquior
1790 1704 2062 1763 comoedia,

378 1785 630 1850 graviores
666 1785 915 1849 tragoedia
950 1785 1186 1834 imitatur.

509 1865 603 1913 His
652 1866 924 1930 perspectis
970 1865 1154 1914 rectius
1198 1866 1480 1915 aestimabis
1525 1866 1622 1914 vim
1679 1880 1878 1927 eorum,
1935 1879 2063 1928 quae

376 1943 658 2009 Sophocles
703 1945 889 1994 dixisse
935 1944 1125 2004 fertur,
1172 1961 1227 1994 se
1268 1946 1495 1996 homines
1529 1947 1685 2002 tales,
1730 1945 1902 2009 quales
1949 1959 2063 1994 esse

381 2025 621 2086 debeant,
658 2025 923 2087 effingere,
970 2024 1256 2088 Euripidem
1291 2025 1433 2086 tales,
1469 2026 1641 2088 quales
1674 2041 1846 2074 revera
1881 2022 2061 2085 sint*).

381 2105 518 2154 Nihil
563 2106 691 2153 enim
736 2104 868 2153 aliud
914 2105 974 2152 ab
1010 2120 1068 2152 eo
1114 2104 1299 2152 dictum
1338 2119 1451 2153 esse
1484 2104 1756 2168 intelliges,
1809 2120 1952 2168 quam
1987 2103 2058 2163 id,

381 2186 512 2249 quod
549 2184 752 2248 quilibet
785 2184 942 2241 videt,
996 2183 1293 2248 Sophoclem
1340 2190 1532 2232 servata
1574 2184 1785 2232 heroum
1821 2184 2058 2248 dignitate

379 2264 501 2313 nibil
534 2264 629 2312 illis
664 2270 830 2324 tenue,
863 2263 933 2312 nil
958 2263 1160 2324 humile,
1196 2263 1264 2313 nil
1287 2263 1547 2322 illiberale,
1582 2263 1652 2311 nil
1676 2264 1889 2328 denique
1924 2264 2058 2329 quod

441 2419 492 2474 ²¹²)
519 2419 696 2462 Aristot.
726 2418 850 2461 Poet.
879 2433 918 2462 c.
948 2417 1020 2469 25,
1047 2417 1116 2471 6.,
1155 2416 1234 2459 ubi
1274 2416 1330 2459 de
1372 2415 1663 2471 problematis
1703 2415 1902 2467 disserit,
1939 2414 2059 2474 πρὸς

519 2488 569 2533 δὲ
598 2488 794 2540 τούτοις,
824 2488 977 2544 inquit,
1009 2486 1088 2532 ἐὰν
1118 2487 1393 2542 ἐπιτιμᾶται,
1426 2483 1499 2530 ὅτι
1529 2485 1615 2530 ov'u
1645 2483 1823 2542 ἀληθῆ,
1854 2481 1948 2530 ἀλλ’
1979 2485 2058 2531 οἷα

517 2560 608 2613 δεῖ,
651 2557 749 2603 οἷον
779 2560 857 2603 καὶ
892 2560 1139 2614 Σοφοκλῆς
1167 2557 1256 2614 ἔφη
1284 2553 1427 2606 αὐτὸς
1453 2555 1535 2611 μὲν
1573 2557 1741 2607 οἴους
1770 2558 1863 2601 δεῖ
1890 2561 2056 2614 ποιεῖν,

516 2627 775 2688 Εὐριπίδην
813 2630 863 2675 δὲ
903 2628 1022 2674 οἷοί
1059 2630 1199 2684 εἱσι,
1241 2627 1387 2684 ταύτῃ
1419 2625 1592 2671 λυτέον.
1662 2625 1781 2671 εἰδὲ
1808 2626 2055 2683 μηδετέ-

517 2717 677 2759 ρους,
719 2699 790 2745 ὅτι
822 2697 974 2745 οὕτω
1005 2701 1188 2756 φασίν
1218 2698 1534 2755 (opinabiles),
1566 2695 1667 2741 οἷον
1694 2695 1752 2741 τὰ
1780 2697 1886 2756 περὶ
1913 2699 2055 2742 θεῶν.

519 2773 606 2816 His
645 2773 777 2825 adde,
816 2771 854 2813 si
882 2772 1027 2826 lubet,
1081 2786 1119 2813 c.
1155 2769 1223 2812 25.
1263 2773 1304 2822 §.
1339 2768 1431 2822 17„
1473 2768 1545 2823 qui
1592 2771 1718 2812 locus
1754 2771 2054 2824 corruptelam

515 2843 662 2886 traxit.
725 2843 979 2885 Praemissa
1016 2841 1133 2884 enim
1172 2838 1464 2894 descriptione
1509 2834 1540 2893 ἢ
1567 2839 1684 2895 πρὸς
1720 2837 1784 2882 τὸ
1815 2837 2053 2895 βέλτιον

517 2907 550 2968 ἢ
580 2910 697 2970 πρὸς
726 2910 901 2966 δόξαν
942 2914 1015 2956 δεῖ
1041 2908 1254 2966 οἷνάγειν,
1294 2911 1410 2952 haec
1439 2908 1597 2951 deinde
1623 2909 1780 2952 iterat:
1822 2907 1934 2952 ἀλλὰ
1972 2910 2053 2954 καὶ

517 2981 634 3038 πρὸς
682 2981 733 3025 τὸ
789 2982 921 3039 βέλτ
940 3000 955 3025 ι
973 2998 1057 3026 ον·
1122 2978 1173 3025 tsi
1224 2978 1311 3036 γὰρ
1357 2979 1647 3036 παράδειγμα
1694 2981 1769 3023 δεῖ
1817 2978 2052 3037 ὑπερέχειν

517 3054 771 3108 (exemplar
799 3053 917 3095 enim
939 3052 1153 3096 illustrius
1176 3066 1270 3094 esse
1291 3051 1465 3104 debeo·
1495 3048 1610 3105 πρὸς
1639 3047 1680 3092 δ’
1703 3045 1733 3091 ἃ
1761 3049 1906 3103 φασὶ
1935 3050 1987 3106 (ἱ.
2008 3066 2048 3094 e.

515 3121 633 3180 πρὸς
661 3121 745 3178 τὴν
775 3124 938 3178 δόξαν)
978 3119 1150 3176 τᾶλογα
1191 3118 1311 3166 οὕτω
1339 3137 1389 3165 τε
1417 3118 1492 3164 καὶ
1531 3113 1605 3162 ὅτι
1631 3117 1742 3162 ποτὲ
1771 3114 1854 3179 οὖιι
1884 3117 2052 3175 ἄλογόν

518 3193 662 3238 ἐστιν·
695 3192 817 3243 εἰκὸς
843 3193 928 3250 γὰρ
949 3195 1092 3236 πολλὰ
1122 3192 1200 3236 καὶ
1221 3190 1346 3250 παρὰ
1369 3189 1420 3234 τὸ
1442 3187 1562 3239 εἰκὸς
1588 3190 1796 3244 γίνεσθαι
1817 3190 1900 3245 (cf.
1924 3207 1960 3233 c.
1979 3190 2048 3234 18.

518 3267 559 3319 §-
590 3264 684 3319 6.),
723 3265 753 3307 i.
785 3279 824 3306 e.
857 3264 913 3306 ad
942 3264 1193 3319 opinionem
1229 3278 1306 3316 ea,
1337 3275 1451 3317 quae
1487 3265 1666 3315 praeter
1705 3261 1923 3303 rationem
1951 3275 2049 3304 ease

520 3335 739 3386 videntur,
769 3334 1004 3377 referenda
1032 3339 1132 3376 sunt
1159 3333 1324 3389 duplici
1350 3332 1497 3384 modo,
1526 3336 1574 3373 ut
1590 3334 1666 3373 aut
1686 3332 1886 3385 meliora,
1914 3346 2046 3387 quam

518 3405 742 3464 vulgaria,
759 3405 840 3448 illa
870 3420 981 3455 esse,
1012 3410 1087 3448 aut
1106 3406 1247 3447 multa
1275 3403 1410 3447 etiam
1427 3402 1692 3446 verisimilia
1719 3407 1896 3458 praeter
1923 3402 2048 3445 simi-

522 3476 753 3521 litudinem
786 3475 1012 3520 veri-fieri
1040 3476 1253 3520 dicamus,
