2144 3854
924 287 1047 345 317

144 437 284 506 regui
315 436 510 504 paterni
543 439 755 500 uterque
799 434 1136 495 adolesceret,
1181 433 1453 500 Sophocles
1498 435 1699 502 quidem
1743 437 1821 488 in-

145 519 288 584 gredi
322 520 468 578 viam,
505 516 607 582 qua'
632 516 909 580 Aeschylus
944 515 1212 580 praeierat,
1247 531 1407 579 neque
1445 517 1680 567 deserere
1713 519 1822 569 eius

145 600 402 658 rationem,
437 598 526 646 sed
563 597 805 662 perficere
850 601 998 658 atque
1033 611 1373 645 consummare
1406 597 1560 646 voluit
1592 599 1824 662 poliendo

145 680 289 730 rudia
322 685 469 742 atque
503 675 857 742 incomposita,
907 674 1231 738 temperando
1265 676 1522 734 immania,
1558 679 1825 728 molliendo

144 761 269 809 dura
302 765 354 808 et
387 756 692 823 praefracta,
744 770 976 819 pompam
1010 760 1062 802 et
1096 755 1558 820 magniloquentiam
1594 759 1824 808 imminu-

146 840 289 899 endo,
324 839 387 887 ad
420 837 742 894 modestiam,
795 834 1174 899 pulcritudinem
1225 843 1626 899 venustatemque
1662 839 1825 888 omnia

144 918 441 970 revocando.
520 917 702 965 Contra
746 915 1013 980 Euripides
1058 916 1178 963 trito
1226 915 1401 963 itinere
1448 919 1678 979 progredi
1726 921 1823 967 Ae-

145 998 404 1062 schylique
453 996 673 1060 vestigiis
714 996 950 1043 insistere
994 995 1284 1060 dedignatus
1321 1001 1413 1044 est.
1482 996 1577 1058 Qui
1612 1013 1762 1060 quum
1797 1014 1826 1046 a

143 1078 426 1142 cognitione
473 1093 639 1125 rerum
681 1075 1047 1124 reconditarum
1093 1078 1527 1139 abstrusarumque
1590 1078 1652 1125 ad
1697 1077 1826 1138 vulgi

145 1155 592 1222 frequentissimam
641 1156 926 1204 concionem
976 1156 1319 1206 delectandam
1363 1157 1736 1220 ducendamque
1771 1173 1827 1206 se

142 1236 422 1297 conferret,
469 1237 725 1301 amplexus
761 1253 845 1296 ea,
891 1252 1017 1299 quae
1049 1236 1147 1284 illis
1180 1237 1488 1300 temporibus
1522 1237 1581 1284 ab
1617 1238 1828 1287 eruditis

142 1317 302 1366 omnis
335 1318 528 1380 generis
564 1321 715 1381 atque
750 1317 1033 1365 auctoribus
1062 1317 1239 1364 artium
1266 1318 1458 1366 inventa
1487 1317 1827 1379 tradebantur,

142 1397 420 1460 quibusque
452 1397 632 1445 initiati
667 1397 893 1445 homiues
929 1396 989 1444 ab
1014 1397 1208 1445 inscitia
1231 1403 1283 1445 et
1307 1412 1457 1445 coeco
1482 1402 1688 1446 naturae
1716 1414 1830 1447 mo-

141 1493 351 1541 rumque
386 1478 622 1541 obsequio
657 1477 718 1525 ad
754 1476 1156 1541 intelligentiam,
1204 1477 1264 1525 ab
1300 1478 1584 1542 opinionum
1622 1478 1827 1528 arbitrio

141 1557 205 1606 ad
239 1559 345 1607 veri
380 1559 823 1623 investigationem,
860 1574 888 1606 a
923 1557 1216 1607 traditarum
1251 1557 1415 1624 legum
1452 1558 1730 1607 reverentia
1764 1558 1828 1608 ad

142 1642 348 1687 naturae
379 1638 649 1696 rationem,
687 1654 811 1701 quae
846 1643 923 1686 est
955 1637 1035 1686 lex
1070 1638 1232 1686 divina
1265 1637 1596 1701 humanaque,
1633 1639 1828 1704 perspi-

142 1717 401 1780 ciendam,
460 1734 489 1766 a
533 1734 822 1782 graecorum
872 1718 1125 1766 hominum
1173 1718 1517 1782 angustissima
1566 1719 1830 1784 multisque

143 1799 396 1852 erroribus
450 1799 690 1864 impedita
725 1799 1002 1864 cognitione
1035 1799 1098 1846 ad
1133 1799 1488 1847 mundanorum
1522 1799 1829 1849 liberrimum

142 1877 382 1927 iudicium
415 1880 831 1939 traducebantur,
878 1880 927 1926 in
972 1879 1101 1926 bivio
1136 1880 1348 1943 quodam
1384 1895 1441 1927 ac
1474 1880 1686 1928 divortio
1721 1895 1830 1928 sae-

142 1958 367 2007 culorum
402 1960 730 2020 constitut-us,
781 1960 844 2008 ad
891 1966 1143 2024 stuporem
1190 1959 1445 2020 homines,
1498 1960 1559 2007 ad
1605 1959 1829 2008 inutilem

139 2038 419 2104 priscorum
455 2039 834 2088 admirationem
867 2040 1078 2088 reiicere
1111 2039 1294 2100 noluit3
1342 2039 1698 2104 amplissimum
1744 2055 1830 2089 na-

140 2124 284 2168 turae
318 2135 435 2168 suae
470 2120 764 2168 curriculum
801 2107 970 2169 datum
1004 2121 1066 2168 iri
1092 2120 1309 2177 videbat,
1346 2121 1388 2168 si
1415 2119 1723 2169 eruditorum
1746 2135 1830 2169 co-

139 2200 290 2264 gitata
338 2199 637 2264 invent-aque
684 2201 734 2249 in
769 2201 987 2249 medium
1022 2200 1323 2265 proferendo
1360 2201 1493 2265 vulgi
1527 2206 1580 2249 et
1613 2199 1832 2266 philoso-

141 2280 356 2344 phorum
391 2280 648 2329 dissidium
684 2281 865 2329 tollere
900 2289 1176 2342 conaretur,
1228 2275 1279 2330 et
1313 2297 1479 2330 mores
1512 2286 1662 2345 atque
1694 2281 1834 2345 inge-

142 2360 225 2408 nia
258 2359 513 2409 hominum
548 2361 682 2420 talia,
717 2361 878 2424 qualia
911 2377 1082 2409 revera
1118 2366 1249 2423 sunt,
1284 2377 1382 2410 non
1417 2361 1577 2425 qualia
1613 2377 1726 2410 esse
1747 2376 1834 2409 cu-

141 2440 303 2505 pimus
341 2440 686 2504 fiugimusque,
740 2441 1060 2503 exprimendo
1094 2442 1318 2490 remedia
1358 2427 1616 2499 malorum,
1653 2441 1833 2504 quibus

142 2521 243 2568 vita
275 2525 380 2568 tum
415 2520 614 2585 publica
648 2525 751 2568 tum
778 2522 968 2585 privata
996 2520 1265 2582 laborabat,
1301 2522 1567 2570 ostendere
1586 2522 1834 2570 studeret.

142 2600 286 2649 Hanc
331 2601 612 2666 principum
656 2607 910 2664 poetarum
948 2601 1273 2650 conditionem
1312 2608 1462 2665 atque
1497 2591 1841 2649 diversitatem

142 2681 502 2745 Aristophanes
536 2696 597 2729 eo
634 2679 928 2741 declaravit,
976 2681 1106 2745 quod
1155 2681 1454 2747 Sophoclem
1500 2681 1642 2729 finxit
1676 2679 1836 2728 amice

141 2761 453 2826 benigneque
486 2762 535 2810 in
570 2761 860 2810 societatem
887 2762 1027 2827 regni
1051 2763 1111 2810 ab
1141 2761 1393 2825 Aeschylo
1433 2767 1693 2826 receptum
1722 2774 1836 2808 esse

142 2858 305 2906 neque
340 2842 525 2890 maiora
560 2843 939 2907 concupiscere,
986 2841 1278 2906 Euripidem
1312 2857 1463 2901 vero,
1499 2841 1684 2890 fretum
1720 2839 1836 2903 ple-

141 2923 220 2973 bis
243 2922 442 2972 infimae
464 2923 651 2982 favore,
681 2939 827 2988 quam
861 2923 1122 2988 prudentia
1151 2939 1336 2988 augere
1363 2927 1413 2971 et
1438 2922 1500 2970 ad
1528 2934 1838 2969 summorum

142 3003 360 3052 virorum
397 3003 564 3053 locum
603 3003 996 3068 dignitatemque
1031 3003 1246 3053 evehere
1279 3002 1579 3063 studuisset,
1626 3014 1836 3064 regnum

146 3084 243 3134 sibi
278 3083 422 3148 pulso
459 3084 709 3150 Aeschylo
744 3085 993 3132 vindicare
1029 3090 1259 3132 conatum
1296 3099 1425 3151 esse.

275 3165 376 3213 Iam
413 3165 629 3228 singulas
664 3165 786 3213 artis
825 3165 1159 3230 proprietates
1195 3180 1256 3214 eo
1292 3163 1486 3224 ordine,
1520 3176 1617 3226 quo
1652 3173 1839 3226 propo·

145 3243 246 3293 suit
279 3247 529 3306 comicuS,
577 3246 926 3294 examinemus.
1007 3246 1073 3294 Et
1117 3245 1278 3311 prima
1321 3243 1520 3309 quidem
1568 3239 1840 3305 descriptio

145 3323 207 3372 ad
243 3327 512 3376 sententias
550 3330 602 3374 et
634 3341 791 3390 genus
828 3326 1029 3376 dicendi
1056 3325 1290 3375 refertur.
1359 3320 1703 3389 Reprehendit
1728 3319 1841 3369 Ari-

148 3405 437 3470 stophanes,
471 3407 622 3471 quod,
657 3407 841 3455 omissa
875 3407 1135 3455 verborum
1171 3404 1433 3456 insolentia
1466 3418 1578 3452 cum
1613 3398 1841 3450 obscuris

146 3483 428 3551 abditisque
474 3487 768 3548 senteutiiS,
821 3486 1166 3552 perspicuitati
1212 3490 1266 3536 et
1311 3486 1591 3550 temperato
1642 3477 1842 3530 dicendi
