2144 3854
924 267 1008 326 59

121 437 273 487 quum
306 420 530 471 dramata
563 433 661 469 non
696 415 932 467 continuo
965 415 1155 481 scripta
1200 417 1251 465 in
1300 417 1475 483 vulgus
1510 419 1662 469 edere
1695 419 1815 471 lice-

121 507 228 561 ret,
273 503 365 552 sed
409 498 798 568 exspectandum
841 495 980 546 esset
1021 497 1217 561 poetis,
1261 495 1422 547 donec
1466 499 1822 566 impetrassent

122 584 359 644 chorum,
403 583 517 633 fieri
561 579 755 648 potuit,
811 582 866 625 ut
912 578 1151 625 maiorem
1214 591 1416 642 semper
1463 596 1725 631 numerum
1767 583 1820 632 in

121 670 322 730 promtu
353 665 612 722 haberent,
647 676 709 709 ex
743 673 840 723 quo
875 657 1007 706 facta
1042 656 1320 706 delectione
1355 662 1701 712 consociarent
1742 679 1820 726 ea,

123 761 250 809 quae
284 750 452 794 essent
486 743 547 791 ad
580 741 843 792 ineundam
879 738 1169 787 societatem
1219 739 1488 802 aptissima.
1555 742 1626 791 Et
1671 760 1820 807 quum

121 825 185 872 ad
219 841 387 874 rerum
421 823 727 890 publicarum
763 820 1100 870 conditionem
1134 819 1362 868 omnibus
1396 820 1508 870 fere
1530 821 1713 872 fabulis
1739 841 1821 874 re-

121 912 348 970 spectum
384 919 496 953 esse
531 902 806 963 videam11S‚
857 901 1032 966 quidni
1067 900 1215 949 etiam
1252 901 1316 949 ad
1349 917 1496 950 unam
1532 907 1823 968 certamque

120 985 420 1035 sententiam
456 1000 767 1033 communem
803 982 1172 1041 declarandam,
1210 997 1354 1045 quam
1389 982 1630 1033 inculcari
1663 984 1824 1036 homi-

120 1066 264 1115 nibus
309 1066 636 1115 cummaxime
684 1065 809 1114 utile
857 1080 971 1112 esse
1015 1062 1300 1121 videretur,
1361 1068 1530 1127 partes
1587 1067 1826 1129 quasdam

120 1147 391 1197 earundem
426 1146 794 1195 accommodari
830 1145 939 1194 sine
972 1144 1276 1193 detrimento
1312 1145 1584 1194 venustatis
1601 1149 1828 1211 potuisse

121 1228 443 1277 statuamus?

251 1308 345 1358 His
379 1308 526 1373 igitur
561 1308 625 1358 de
661 1307 852 1357 caussis
888 1323 1149 1372 quaerere,
1187 1305 1307 1372 quid
1343 1306 1646 1371 singularum
1683 1308 1825 1359 dida-

119 1389 383 1439 scaliarum
416 1389 616 1439 fabulae
649 1405 911 1438 commune
944 1388 1230 1449 habuerint,
1266 1388 1346 1437 vel
1373 1404 1587 1452 quonam
1613 1391 1827 1441 societa-

120 1471 189 1520 tis
221 1471 418 1522 vinculo
451 1471 582 1521 inter
626 1486 682 1519 se
729 1470 988 1536 colligatae
1031 1470 1250 1527 fuerint,
1302 1485 1401 1518 non
1445 1470 1660 1520 alienum
1703 1472 1830 1521 mihi

121 1568 237 1602 esse
269 1552 479 1605 videtur.
550 1550 700 1614 Quod
731 1556 896 1600 autem
931 1551 993 1599 ad
1026 1551 1396 1613 tetralogiarum
1419 1551 1498 1599 vel
1525 1551 1830 1616 trilogiarum

123 1634 370 1697 quandam
403 1633 698 1682 societatem
733 1631 958 1680 dramata
990 1631 1245 1695 Euripidis
1282 1630 1520 1696 dissipata
1556 1633 1721 1682 omnia
1746 1651 1828 1684 re-

122 1729 304 1763 vocare
338 1729 491 1762 conor
525 1717 672 1776 atque
706 1713 877 1760 ordine
911 1726 987 1772 e0,
1024 1727 1121 1775 quo
1157 1717 1272 1760 nata
1306 1728 1420 1761 esse
1447 1716 1689 1779 suspicor,
1725 1715 1830 1764 dis-

124 1809 286 1860 pono,
332 1809 430 1843 non
465 1793 898 1858 approbationem,
947 1793 1037 1840 sed
1071 1792 1262 1840 veniam
1298 1797 1434 1857 peto.
1501 1794 1677 1844 Liceat
1708 1796 1834 1845 mihi

123 1875 177 1924 in
215 1875 314 1924 hoc
359 1874 559 1938 quidem
607 1888 791 1937 genere
838 1872 958 1921 ficta
991 1873 1121 1921 veris
1156 1874 1371 1922 miscere
1402 1874 1484 1922 vel
1517 1875 1721 1925 lacunas
1756 1877 1833 1926 di-

122 1955 471 2014 dmcaliarum,
507 1969 628 2017 quas
663 1953 946 2017 indaganda
980 1953 1192 2002 veritate
1226 1953 1334 2001 tolli
1368 1970 1520 2019 posse
1545 1955 1830 2022 desperem,

124 2037 328 2103 explere
354 2033 718 2100 interpolando.
779 2033 975 2082 Fictum
1002 2034 1131 2083 enim
1167 2035 1409 2094 ordinem,
1444 2052 1592 2100 quam
1620 2038 1828 2103 nullum,

123 2118 266 2182 sequi
298 2121 559 2183 praestare
614 2116 859 2174 arbitror,
907 2132 1070 2180 neque
1118 2114 1211 2163 alia
1254 2117 1451 2166 ratione
1485 2118 1662 2168 melius
1695 2120 1832 2171 vitae

123 2199 458 2249 narrationem
494 2212 606 2244 cum
642 2211 849 2260 operum
883 2212 1098 2246 censura
1132 2197 1364 2262 coniungi
1398 2213 1551 2262 posse
1585 2200 1750 2250 video.

259 2279 354 2328 His
386 2279 439 2327 in
474 2278 761 2326 universum
799 2276 1097 2343 disputatis,
1149 2277 1211 2326 ad
1259 2277 1576 2329 Peliadarum
1610 2281 1832 2332 fabulam

125 2376 208 2410 me
241 2364 503 2420 converto,
541 2364 859 2419 ostensuruS,
907 2359 1158 2423 quomodo
1190 2358 1322 2407 illius
1356 2365 1648 2425 argumento
1685 2369 1736 2413 et
1769 2364 1832 2413 ad

124 2440 350 2506 publicas
384 2439 760 2488 Atheniensium
794 2454 878 2488 res
926 2445 979 2489 et
1024 2441 1089 2489 ad
1135 2441 1372 2505 privatam
1424 2447 1606 2506 poetae
1661 2445 1832 2495 condi-

123 2519 312 2568 tionem
346 2525 631 2584 respectum
667 2517 824 2568 fuisse
857 2521 1100 2586 suspicer.
1201 2519 1500 2587 Olympiade
1540 2525 1640 2587 8οΞ
1677 2526 1833 2576 Athe-

126 2599 372 2648 niensium
407 2600 670 2649 iuventute
702 2601 884 2665 partim
917 2601 968 2650 in
1002 2602 1288 2667 Aegyptum
1322 2603 1549 2668 profecta
1573 2606 1756 2668 partim
1782 2607 1833 2656 in

127 2681 458 2747 oppugnanda
491 2681 678 2746 Aegina
713 2685 977 2745 occupata,
1008 2682 1274 2746 sperabant
1309 2682 1572 2746 Corinthii,
1608 2702 1665 2734 se
1699 2687 1833 2736 inva-

127 2762 269 2811 sione
303 2762 469 2811 subito
505 2762 553 2811 in
586 2761 842 2827 Megaram
877 2760 1011 2810 facta
1045 2767 1132 2810 aut
1163 2762 1431 2827 Aeginetas
1467 2765 1725 2816 obsidione
1764 2768 1834 2816 li-

127 2844 390 2894 beraturos
425 2847 511 2891 aut
547 2843 877 2892 Athenienses
914 2858 1247 2908 oppressuros
1284 2859 1411 2894 esse.
1481 2846 1621 2908 Quae
1659 2864 1742 2897 res
1779 2855 1834 2900 ut

127 2923 292 2983 aliter,
326 2928 475 2987 atque
509 2923 583 2971 illi
618 2928 956 2990 speraverant,
989 2923 1210 2982 caderet,
1246 2940 1416 2974 senum
1452 2927 1835 2980 Atheniensium

128 3005 312 3055 virtute
346 2998 536 3054 factum
571 3009 663 3067 est,
698 3005 780 3069 qui
815 3005 1052 3054 adsumtis
1089 3004 1478 3056 adolescentium
1515 3009 1606 3071 iis,
1643 3011 1728 3074 qui
1752 3027 1834 3061 ar-

130 3087 225 3134 mis
257 3085 480 3134 serendis
515 3085 684 3134 idonei
718 3091 873 3146 erant,
909 3086 1038 3135 duce
1071 3085 1354 3151 Myronffle,
1390 3090 1585 3139 obviam
1620 3091 1835 3155 profecti

131 3166 362 3216 hostibus
404 3182 671 3232 pugnaque
706 3169 991 3232 superiores
1025 3167 1176 3228 facti,
1227 3169 1385 3233 pulsis
1422 3170 1694 3221 Corinthiis
1730 3177 1835 3223 tro-

46 3253 53 3259 “
129 3262 312 3313 paeum
349 3248 709 3297 constituerunt
745 3247 996 3312 (Thucyd.
1033 3248 1082 3306 Ι,
1118 3251 1230 3298 105.
1265 3250 1416 3314 106.).
1484 3251 1694 3302 Iuvenes
1740 3254 1836 3321 igi-

132 3332 217 3378 tur
250 3328 610 3393 quodammodo
662 3345 723 3378 ex
758 3329 959 3378 senibus
1012 3327 1134 3379 facti
1179 3336 1323 3381 erant
1371 3332 1590 3383 iuvenile
1639 3333 1835 3385 facinus

134 3408 328 3458 edendo
388 3409 765 3459 Atheniensium
811 3411 874 3469 ii,
941 3410 1026 3474 qui
1069 3411 1277 3461 absente
1322 3413 1582 3464 iuventute
1614 3415 1835 3465 hostium

134 3486 379 3555 impetum
414 3491 754 3557 propulerant.
837 3490 1012 3542 Paullo
1057 3497 1195 3558 post,
1245 3493 1546 3560 Olympiade
1591 3497 1685 3557 81,
1730 3497 1837 3546 sive
