2144 3854
922 270 1041 328 3⁰1

142 417 400 487 greditur,
433 418 659 485 planum,
693 432 952 478 erronem,
982 414 1293 479 vaniloquum
1326 416 1560 483 appellat,
1590 418 1813 486 pugilum

141 515 282 550 more
315 500 434 549 solis
469 498 691 564 corporis
734 498 918 548 viribus
963 495 1152 544 alendis
1202 496 1512 561 studentem,
1555 499 1814 549 voracitati

142 585 289 644 atque
322 579 542 629 desidiae
575 578 824 638 deditum,
872 576 1127 641 hospitum
1175 575 1474 627 liberalitate
1508 578 1570 629 ad
1605 579 1815 645 explen-

144 661 263 709 dum
296 675 494 709 avarum
527 664 746 725 ventrem
782 655 915 704 abuti
950 654 1239 704 criminatur
1270 682 1337 692 —-

265 737 544 803 τάλλότρια
575 736 807 788 δειπνεῖν
835 731 932 785 τὸν
961 734 1134 794 καλῶς
1168 732 1460 798 εὐδαίμονα
1481 736 1532 801 *)
1565 766 1632 776 ·-

140 834 347 884 sperans
380 819 519 879 fore,
553 823 606 867 ut
636 815 918 866 huiusmodi
951 815 1357 864 contumeliarum
1391 819 1815 883 conviciorumque
1911 872 1914 874 ,

138 899 402 963 impatiens
436 899 573 948 abire
616 896 784 957 malit,
831 911 976 960 quam
1026 895 1350 960 hospitalibus
1395 898 1648 947 beneficiis
1701 916 1812 949 cum

138 978 523 1028 matrisfamilias
555 977 736 1026 invidia
771 981 917 1040 atque
950 976 1201 1024 iracundia
1222 975 1335 1024 frui.
1403 977 1471 1025 At
1496 976 1742 1039 Theseus,
1762 984 1813 1028 et

137 1065 313 1108 natura
344 1073 458 1108 acer
488 1058 895 1122 importunusque
928 1062 980 1106 et
1014 1056 1217 1104 meliore
1249 1056 1357 1105 iure
1391 1072 1472 1118 se,
1519 1073 1661 1121 quam
1697 1058 1811 1108 Me-

136 1138 298 1198 deam,
333 1138 474 1188 bonis
507 1142 560 1186 et
592 1136 886 1201 patrimonio
921 1135 1077 1201 Aegei
1109 1134 1210 1184 frui
1242 1135 1546 1202 intelligens,
1579 1139 1810 1204 gravissi-

134 1303 240 1349 tem
271 1297 584 1364 comprimitz

259 1367 422 1429 ἔνδον
452 1377 730 1443 γυναικῶν
760 1373 850 1429 καὶ
881 1378 1007 1443 παρ’
1043 1373 1269 1437 οἰκέταις
1300 1374 1460 1442 λόγος
1485 1378 1566 1443 *ἢ

263 1485 1321 1497 ——n———n—

265 1538 455 1591 δειλῶν
485 1541 737 1604 γυναῖκες
768 1538 1040 1590 δεσποτῶν
1072 1537 1457 1604 θρασύστομοι.

265 1697 313 1750 εἰ
343 1698 416 1767 μὴ
449 1696 687 1762 καθέξεις
719 1701 979 1766 γλῶσσαν,
1014 1698 1156 1751 ἔσται
1189 1710 1274 1751 σοι
1302 1698 1456 1752 κακά.

132 1771 243 1830 Hah
275 1782 463 1831 ratione
494 1782 651 1848 probe
685 1783 969 1848 castigatam
1002 1783 1247 1846 relinquit,
1280 1783 1453 1831 nolens
1488 1780 1671 1829 diutius
1696 1796 1808 1830 cum

132 1861 317 1912 femina
361 1862 602 1912 altercari.
670 1862 799 1911 Tum
845 1878 961 1911 vero
1017 1861 1224 1925 Medea,
1272 1867 1324 1912 et
1355 1861 1585 1911 utilitatis
1617 1862 1810 1910 ratione

132 1946 185 1991 et
215 1941 464 1991 iracundia
497 1943 718 2001 iubente,
754 1943 986 1992 continuo
1019 1942 1262 2007 perdendi
1287 1942 1392 1991 eius
1419 1940 1676 1991 consilium
1701 1941 1811 1994 init.

130 2021 367 2071 Ostendit
410 2022 561 2086 igitur
604 2024 771 2088 Aegeo
818 2023 1008 2088 (paullo
1054 2029 1171 2087 post
1216 2023 1470 2072 Theseum
1515 2022 1566 2070 in
1611 2036 1809 2070 scenam

130 2102 441 2168 prodeunti),
476 2109 659 2167 quanto
695 2120 803 2154 cum
838 2103 1064 2168 periculo
1098 2105 1324 2152 iuvenem
1360 2118 1457 2151 non
1490 2101 1652 2150 minus
1687 2117 1811 2164 ege-

127 2199 244 2232 num
294 2199 439 2248 quam
487 2188 742 2233 strenuum
777 2190 827 2234 et
858 2190 1068 2250 propter
1097 2183 1224 2232 hanc
1258 2199 1364 2232 rem
1398 2182 1460 2231 ad
1496 2181 1687 2246 quidvis
1722 2197 1811 2230 au-

128 2263 344 2313 dendum
396 2279 604 2328 pronum
648 2266 698 2314 in
732 2264 932 2314 domum
967 2265 1316 2328 civitatemque
1368 2262 1643 2328 receperit,
1695 2277 1809 2311 cum

129 2344 238 2409 ipse
271 2345 338 2393 sit
371 2349 628 2393 senectute
661 2346 958 2409 provectior,
993 2345 1165 2393 civitas
1201 2349 1364 2392 autem
1387 2342 1682 2392 factionibus
1706 2342 1809 2391 dis·

127 2424 383 2482 trahatur,
412 2428 466 2472 et
498 2439 700 2487 regnum
736 2430 964 2488 tanquam
998 2423 1181 2488 praeda
1215 2424 1523 2488 propositum
1560 2423 1626 2471 sit
1655 2422 1808 2470 audu-

129 2503 333 2553 cissimo
367 2503 571 2566 cuique-3
609 2503 674 2553 cf.
710 2503 961 2552 Plutarch.
989 2520 1031 2552 c.
1055 2507 1143 2551 12:
1178 2505 1277 2553 τοῦ
1299 2499 1396 2566 μὲν
1420 2499 1624 2567 Αἰγέως
1646 2499 1808 2566 ἄγνο-

130 2584 343 2645 οὕντος,
379 2582 582 2643 ὄντος
616 2580 685 2633 δὲ
709 2582 1189 2647 πρεσβυτέρου
1214 2580 1324 2634 καὶ
1349 2579 1808 2647 φοβουμένου

126 2663 347 2715 πάντα
372 2660 494 2714 διὰ
526 2661 645 2730 τὴν
679 2664 942 2726 στάσιν,
977 2662 1177 2715 ἔπεισεν
1202 2662 1366 2714 αὐτὸν
1398 2661 1470 2723 ὡς
1501 2659 1654 2724 ξένον
1679 2657 1809 2713 ἑστι-

128 2745 272 2796 ῶντα
318 2761 623 2810 φαρμακοις
668 2744 890 2796 ἀνελεῖν.
971 2746 1111 2795 Haec
1158 2746 1382 2795 serviunt
1425 2743 1807 2810 interpretandis

126 2827 269 2877 hisce
302 2825 557 2891 Euripidis
594 2828 785 2877 verbis:

259 2902 399 2972 ἀνὴρ
433 2905 535 2972 γὰρ
569 2905 706 2968 ὄςτις
739 2905 1022 2972 χρημάτων
1054 2902 1152 2971 μὲν
1186 2901 1382 2972 ενδεής,

261 2984 458 3051 δρᾶσαι
493 2985 551 3038 δὲ
584 2986 717 3054 χειρὶ
751 2987 996 3049 δυνατός,
1031 2986 1130 3039 οὐκ
1164 2985 1415 3049 α’νέξεται,

255 3065 320 3118 τὰ
353 3067 463 3119 τῶν
496 3068 545 3120 δ’
578 3066 808 3135 ἐχόντων
840 3068 1072 3136 χρήμαθ’
1108 3066 1357 3133 ἁρπάζειν
1389 3067 1538 3132 φιλεῖ
1557 3065 1682 3132 *²²²i‘).

126 3145 223 3198 Hi·
253 3148 403 3212 igitur
434 3151 737 3216 argumentis
765 3153 899 3213 seni,
932 3166 989 3201 se
1021 3150 1326 3213 desolatum,
1371 3149 1543 3200 liberis
1577 3147 1809 3215 legitimis

192 3313 243 3370 *)
270 3315 456 3373 Fragm.
485 3317 574 3360 inc.
596 3315 698 3360 222.

166 3385 240 3441 **)
267 3385 453 3444 Fragm.
482 3387 568 3431 inc.
599 3387 700 3431 219.

127 3454 244 3511 mx)
271 3456 545 3503 Matgffigem
573 3456 740 3516 fragm.
770 3459 926 3515 Eurip.
956 3473 1000 3515 p.
1031 3457 1130 3504 359.
1163 3463 1208 3504 et
1234 3474 1280 3516 p.
1306 3458 1351 3503 ‘1-
