2144 3854
1125 192 1207 248 40

329 349 380 395 et
411 344 550 394 binas
583 342 660 391 vel
694 347 858 389 ternas
893 353 1127 403 personas
1160 339 1211 388 in
1245 352 1394 387 scena
1415 339 1615 400 agentes
1640 336 1841 387 videat‘3
1875 335 2003 388 Tres

327 424 456 473 enim
488 434 726 488 personas
757 419 874 467 huic
906 434 1103 482 quoque
1136 418 1367 467 dramatis
1415 416 1545 481 parti
1588 417 1806 480 agendae
1849 417 2004 467 suffe-

329 502 461 552 cisse
503 499 772 563 intelligeS.‚
823 498 868 547 si
912 498 1170 548 Minervae
1215 513 1471 562 personam
1519 511 1616 545 non
1668 501 2004 561 conspectam,

329 580 418 630 sed
461 582 648 628 tantum
697 577 975 642 loquentem
1019 579 1235 627 auditam
1270 593 1383 627 esse
1444 575 1701 642 reputabis
1725 572 1796 638 *).
1863 576 2005 625 Euri·

326 659 496 725 pideS‚
543 673 692 722 quum
726 658 778 706 in
813 658 1111 724 explicandis
1145 659 1233 718 iis,
1283 674 1409 722 quae
1444 662 1583 706 extra
1617 671 1814 704 scenam
1848 671 2000 722 agun-

324 743 426 797 tur,
461 737 679 786 omnium
713 742 970 802 poetarum
1005 738 1407 802 diligentissimus
1455 741 1618 797 esset,
1670 741 1832 784 tamen
1875 735 2008 786 idem

326 816 455 866 scite
498 817 895 882 prudenterque,
956 819 997 866 si
1045 835 1140 883 qua
1187 817 1591 866 manifestissime
1640 830 1876 881 expressa
1921 831 2008 864 au-

325 899 499 962 gustos
543 896 640 945 loci
684 898 1052 963 temporisque,
1098 898 1275 962 quibus
1319 913 1400 946 res
1434 895 1838 957 includebantur,
1883 895 2009 944 fines

325 975 592 1039 migratura
627 981 782 1038 erant,
819 978 1102 1026 obscuravit
1136 978 1433 1042 celavitque:
1469 977 1601 1026 velut
1634 975 1686 1024 in
1718 976 1926 1026 Hecuba
1946 974 2011 1024 de

325 1054 492 1103 reditu
525 1056 574 1103 in
618 1071 788 1122 agrum
834 1055 1129 1118 Troianum,
1178 1058 1229 1107 in
1276 1073 1372 1121 quo
1417 1056 1669 1120 Polyxena
1713 1054 2012 1104 immolanda

325 1133 442 1191 fuit,
475 1149 540 1182 ne
573 1137 775 1185 verbum
811 1137 1008 1200 quidem
1041 1138 1192 1186 dixit:
1241 1138 1372 1187 intra
1422 1136 1567 1185 unius
1601 1135 1731 1184 enim
1769 1135 2011 1195 carminiS‚

326 1214 473 1278 quod·
494 1230 521 1260 a
557 1214 711 1264 choro
759 1221 1008 1277 cantatur,
1058 1218 1270 1282 spatium
1318 1221 1503 1266 tantam
1552 1232 1660 1265 rem
1702 1214 1878 1280 perfici
1919 1229 2011 1288 no-

324 1293 485 1343 tuisse
511 1309 658 1344 nemo
686 1310 784 1344 non
805 1296 1086 1359 miraretur,
1123 1297 1164 1345 si
1185 1298 1367 1346 mentio
1393 1297 1541 1347 fieret
1563 1295 1770 1344 itineris,
1823 1292 2014 1343 Eadem

326 1373 519 1423 ratione
565 1374 615 1422 in
663 1375 756 1424 hac
805 1375 969 1426 fabula
1005 1376 1241 1426 cubilium
1275 1377 1384 1426 loca
1416 1376 1783 1426 accuratissime
1821 1373 2012 1423 descri-

326 1454 449 1503 bere
482 1453 677 1517 omisit,
721 1470 883 1518 neque
916 1457 1133 1520 urgenda
1168 1462 1284 1506 sunt
1331 1472 1456 1521 quae
1511 1456 1574 1505 de
1606 1454 1847 1504 industria
1882 1453 2013 1503 cela-

326 1532 412 1584 vit.
479 1533 747 1583 Extremus
781 1535 919 1584 locus
953 1538 1231 1602 assignatur
1264 1535 1569 1597 ThracibuS,
1615 1540 1666 1584 et
1699 1533 2013 1583 nihilominus

326 1629 358 1662 a
391 1610 699 1662 Graecorum
736 1614 910 1662 castris
944 1616 1126 1663 remoti
1172 1615 1331 1664 fuisse
1377 1615 1606 1663 dicuntur
1652 1614 1751 1676 sic,
1793 1617 1874 1674 ut,
1923 1614 2016 1662 nisi

326 1691 653 1742 Troianorum
687 1692 931 1742 cubilibus
964 1695 1182 1743 traiectis
1201 1730 1214 1753 ,
1249 1696 1311 1743 ad
1345 1694 1457 1741 illos
1491 1697 1756 1758 penetrare
1788 1692 2014 1759 specula-

327 1766 470 1821 tores
497 1773 723 1837 potuisse
755 1777 1013 1836 negentur.
1083 1773 1407 1822 Statuendum
1458 1773 1609 1837 igitur
1655 1779 1734 1821 est
1790 1771 2015 1821 Thraces

325 1856 445 1917 post
477 1850 720 1899 Troianos
754 1851 1020 1900 collocatos
1042 1851 1201 1901 fuisse
1227 1853 1317 1915 sic,
1351 1857 1422 1914 ut,
1460 1867 1611 1916 quum
1635 1859 1828 1916 partem
1855 1852 2014 1902 Grae-

327 1931 401 1980 cis
435 1931 688 1980 adversam
722 1929 806 1991 hi,
854 1930 929 1978 illi
975 1947 1196 1980 aversam
1230 1936 1281 1980 et
1314 1932 1376 1979 ad
1409 1932 1585 1981 urbem
1618 1938 1902 1996 vergentem
1938 1937 2012 1983 te-

327 2015 536 2072 nerent,
591 2010 801 2058 extremi
834 2010 1034 2074 utrique
1078 2010 1308 2060 collocati
1340 2010 1496 2060 fuisse
1529 2015 1670 2060 recte
1715 2013 2013 2063 dicerentur.

329 2088 431 2139 Sed
464 2090 583 2138 huic
615 2091 791 2138 rationi
822 2092 1020 2141 obstare
1053 2091 1271 2153 videtur,
1317 2090 1447 2155 quod
1496 2090 1724 2142 Minerva
1758 2091 2013 2143 Thracum

328 2169 507 2219 cubilia
542 2169 696 2233 digito
732 2170 998 2220 ostendens
1044 2173 1266 2236 proxima
1310 2171 1395 2220 illa
1439 2187 1553 2220 esse
1598 2171 1831 2221 Hectoris
1866 2173 2016 2223 cubili

329 2249 586 2313 significat.
655 2249 828 2299 Potest
858 2255 1025 2299 tamen
1056 2252 1182 2301 haec
1234 2268 1429 2317 quoque
1470 2252 1739 2301 difficultas
1785 2252 1922 2317 tolli,
1969 2253 2015 2302 si

328 2327 562 2378 Hectoris
598 2329 761 2378 cubile
793 2330 843 2378 in
877 2331 1112 2379 extremis
1147 2331 1470 2380 Troianorum
1506 2331 1749 2381 cubilibus
1767 2348 1824 2380 ea
1849 2337 2013 2397 parte,

329 2423 424 2471 qua
450 2409 573 2457 haec
598 2408 850 2458 Thracum
879 2410 1119 2459 cubilibus
1151 2411 1497 2476 iungebantur,
1534 2410 1828 2460 collocatum
1852 2410 2014 2462 fuisse

331 2492 620 2539 statuamus.

460 2570 811 2619 Admirabilem
873 2586 986 2620 esse
1046 2573 1281 2622 dramatis
1332 2578 1626 2623 structuram
1677 2578 1730 2622 et
1783 2572 1846 2622 ad
1903 2589 2010 2623 mo—

327 2648 514 2698 vendos
587 2654 894 2716 spectatores
965 2652 1271 2717 aptissimam
1335 2654 1456 2703 satis
1517 2655 1568 2703 in
1629 2652 1882 2702 lustrando
1950 2669 2012 2703 eo

330 2730 607 2779 ostendisse
639 2731 759 2779 mihi
791 2730 980 2781 videor.
1046 2733 1204 2782 Huius
1227 2738 1390 2783 autem
1410 2734 1483 2782 rei
1514 2732 1807 2782 efficiendae
1839 2747 2014 2782 caussa

327 2809 471 2874 plura
497 2810 763 2875 Euripides
798 2812 992 2861 novavit
1026 2817 1077 2862 et
1108 2829 1137 2861 a
1168 2814 1388 2878 vestigiis
1435 2813 1642 2861 Homeri
1686 2812 1885 2877 saepius
1930 2829 2012 2862 re-

327 2889 508 2938 cessit:
542 2904 704 2952 neque
738 2891 869 2940 enim
903 2892 1075 2941 eadem
1110 2893 1272 2943 omnia
1300 2898 1418 2959 *apta
1453 2897 1570 2942 sunt
1602 2892 1779 2956 spissis
1803 2892 2013 2942 theatris

328 2968 434 3016 sive
467 2984 672 3033 magnae
703 2969 1077 3036 frequentisque
1126 2974 1336 3022 civitatis
1384 2972 1596 3038 populo,
1644 2977 1791 3036 atque
1838 2989 2011 3039 regum

328 3047 542 3096 convivis
564 3048 865 3113 rhapsodum
892 3052 1231 3114 audientibus3
1259 3053 1348 3102 sed
1363 3053 1617 3117 quaedam,
1647 3068 1744 3115 quo
1765 3054 1887 3102 fiant
1907 3068 2010 3102 ma-

327 3124 601 3192 nifestiora,
642 3129 879 3192 augenda,
916 3132 1197 3183 extollenda
1234 3138 1285 3183 et
1322 3133 1558 3237 oppositis
1581 3134 1728 3182 rebus
1752 3131 2012 3182 contrariis
2059 3144 2061 3147 ·

384 3310 426 3365 *)
458 3310 529 3353 Cf.
563 3312 712 3354 Vater.
734 3311 902 3354 Vindio.
929 3327 973 3367 p.
1000 3311 1106 3365 Lv„
1138 3313 1211 3368 qui
1234 3312 1413 3369 quidem
1442 3313 1617 3367 duobus
1641 3312 1868 3356 actoribus
1896 3309 2011 3357 banc

442 3405 445 3407 -
471 3380 676 3426 fabulam
703 3386 852 3426 actam
877 3396 974 3426 esse
1005 3382 1101 3426 sine
1118 3383 1279 3428 idonea
1301 3397 1458 3428 caussa
1481 3384 1730 3440 suspicatus
1754 3387 1833 3427 est.
