2144 3854
1084 307 1206 364 104

298 455 690 526 θρυλλούμενοι
733 451 889 505 ἕνεκα
931 455 1026 522 τῆς
1072 451 1387 519 Πασιφάης,
1439 449 1693 517 γυναικὸς
1734 458 1835 507 τοῦ
1879 454 1989 507 Μί-

299 556 442 599 νωος
470 533 754 603 βασιλέως,
803 531 894 586 καὶ
936 538 1036 587 τοῦ
1091 533 1311 601 Ταύρου
1343 535 1444 585 τοῦ
1476 533 1732 600 νοταρίου
1769 535 1989 602 (notarii)

256 626 259 630 '
298 619 488 686 αὐτῆς·
534 613 587 679 ἐξ
630 605 697 667 οὗ
730 610 869 667 ἔτεκε
900 618 1244 683 μοιχευθεῖσα
1284 612 1410 666 υἱὸν
1446 613 1543 666 τὸν
1578 613 1842 682 κληθέντα
1879 618 1990 668 Μ-

297 699 604 764 νώταυρον,
650 696 1052 763 μεσιτεύσαντος
1096 702 1163 764 τῇ
1210 695 1412 765 μοιχεία
1457 699 1551 765 τῆς
1595 696 1848 763 πορνείας
1889 700 1991 749 τοῦ

298 777 582 831 Δαιδάλου
627 777 718 830 καὶ
761 782 861 830 τοῦ
901 775 1125 845 Ἰκάρου.
1198 770 1263 828 Ὃ
1298 774 1355 829 δὲ
1389 777 1582 838 Μίνως
1615 772 1861 845 βασιλεὺς
1892 775 1993 846 τὴν

299 858 595 927 Πασιφάην
626 857 939 920 α’ποκλείσας
973 858 1032 911 ἐν
1063 861 1137 930 τῷ
1170 858 1535 928 κουβουκλείῳ
1565 859 1839 929 (cubiculo)
1862 857 1992 926 μετὰ

299 941 402 994 δύο
452 937 720 992 δουλίδων
752 944 997 1007 παρεῖχεν
1031 941 1167 1007 αὐτῇ
1201 939 1439 1006 τροφήν,
1490 938 1582 992 καὶ
1615 939 1790 992 εἴασεν
1824 937 1994 1008 αὐτὴν

296 1020 431 1084 ἐκεῖ,
479 1020 656 1089 μηκέτι
706 1017 955 1086 ἑωρακὼς
1001 1022 1191 1089 αὐτήν·
1237 1019 1325 1073 καὶ
1361 1019 1532 1088 ἐκείνη
1566 1010 1886 1088 θλιβομένη,
1919 1019 1991 1084 ὡς

295 1105 522 1155 λυθεῖσα
553 1104 646 1170 τῆς
680 1103 955 1172 βασιλικῆς
1002 1103 1176 1167 άξίας,
1223 1102 1367 1170 νόσῳ
1419 1103 1678 1170 βληθεῖσα
1722 1099 1988 1154 ἐτελεύτα·

296 1184 328 1237 6
363 1183 420 1236 δὲ
449 1183 722 1244 Δαίδαλος
754 1181 843 1235 καὶ
877 1182 907 1235 6
937 1178 1152 1248 Ἴκαρος
1179 1181 1573 1250 ἐφονεύθησαν,
1610 1184 1640 1236 6
1664 1181 1762 1250 μὲν
1782 1177 1993 1250 Ἴκαρος

296 1265 516 1332 φεύγων
547 1268 642 1332 τῆς
675 1269 935 1332 φρουράς,
971 1265 1043 1327 ὡς
1075 1263 1241 1329 πλέει,
1277 1263 1599 1332 ἐποντίσθη,
1633 1265 1664 1317 6
1699 1263 1758 1317 δὲ
1788 1265 1992 1318 Δαίδα-

293 1349 388 1407 λος
441 1344 664 1414 ἐσφάγη.
762 1343 932 1411 Περὶ
985 1346 1056 1398 δὲ
1110 1349 1229 1415 τῆς
1287 1346 1656 1415 Πασιφάης
1713 1344 1992 1410 ἐξέθετο

297 1428 528 1494 δρῐᾶμα
563 1427 593 1479 6
626 1427 1009 1495 Εὐριπίδης
1041 1427 1071 1480 6
1106 1427 1477 1496 ποιητής*).
1545 1430 1684 1479 Idem
1717 1429 1777 1479 11.
1822 1446 1872 1495 p.
1909 1433 1990 1483 31.

293 1510 469 1561 Nieb.:
507 1507 558 1572 ἐξ
589 1499 654 1576 ἧς
686 1508 835 1575 ἔσχεν
865 1508 988 1560 υἱὸν
1020 1509 1116 1561 τὸν
1149 1509 1333 1569 Μίνω,
1369 1506 1554 1570 καθὼς
1575 1506 1666 1561 καὶ
1694 1510 1993 1578 Εὐριπίδης

293 1587 326 1640 6
360 1589 671 1656 σοφώτατος
704 1589 1105 1655 συνεγράψατο,
1152 1587 1211 1650 ὅς
1245 1599 1402 1655 φησι·
1438 1584 1613 1650 ,,Ζεὺς
1647 1591 1994 1658 μεταβληθεὶς

294 1668 368 1730 εἰς
420 1671 641 1736 Ταῦρον
686 1668 786 1738 τὴν
827 1670 1094 1738 Εὐρώπην
1122 1668 1510 1738 ἥρπασεν”**>.
1549 1671 1835 1737 Congruunt
1866 1675 1993 1724 haec

291 1767 392 1803 non
426 1753 586 1802 solum
619 1769 733 1803 cum
766 1754 1112 1820 Aristophanis
1154 1758 1205 1802 et
1242 1753 1556 1817 antiquorum
1602 1753 1709 1802 eius
1743 1753 1992 1820 interpre-

291 1837 398 1882 tum
432 1833 738 1898 aliorumque
772 1836 1080 1898 quorundam
1114 1834 1411 1898 scriptorum
1446 1833 1668 1895 indiciis,
1719 1833 1807 1882 sed
1841 1835 1994 1885 etiam

293 1929 405 1963 cum
450 1913 740 1978 fragmentis
793 1914 925 1979 apud
976 1914 1333 1979 Porphyrium,
1395 1912 1705 1962 Clementem
1753 1914 1893 1964 Alex.
1941 1919 1994 1966 et

292 1994 550 2058 Aristoph.
587 1992 709 2043 Ran.
746 1995 892 2045 1398.
930 1995 1154 2053 servatiS,
1189 1996 1417 2057 excepto,
1454 1991 1584 2056 quod
1620 1992 1856 2056 Maianis,
1891 2011 1990 2059 quo

291 2089 376 2123 res
399 2074 562 2138 operis
589 2075 664 2122 sui
692 2074 867 2122 rationi
892 2073 1304 2130 accommodaret,
1338 2078 1554 2131 taurum,
1592 2089 1703 2122 cum
1730 2090 1828 2138 quo
1852 2075 1993 2126 Pasi-

290 2153 424 2218 phae
459 2154 808 2213 concubuerat,
843 2154 893 2202 in
928 2154 1142 2203 scribam
1175 2153 1391 2216 reginae,
1428 2152 1777 2216 labyrinthum,
1813 2155 1865 2204 in
1891 2171 1990 2220 quo

292 2222 477 2283 eadem'
500 2234 605 2283 viva
636 2234 825 2284 inclusa
862 2238 957 2296 est,
992 2234 1043 2284 in
1077 2232 1373 2294 cubiculum,
1409 2238 1459 2281 et
1492 2233 1592 2281 alas
1622 2232 1872 2283 Daedalia
1900 2229 1991 2301 pa-

291 2319 371 2363 tre
417 2315 682 2365 fabricatas
727 2315 777 2363 in
821 2315 1066 2378 navigium
1111 2313 1333 2364 mutavit.
1403 2313 1648 2362 Incestum
1697 2314 1776 2363 vel
1819 2317 1989 2380 potius

291 2400 624 2444 monstrosum
672 2394 947 2459 Pasiphaes
996 2394 1309 2444 concubitum
1343 2393 1704 2458 Aristophanes
1740 2400 1878 2445 notat
1908 2396 1988 2446 his

290 2476 515 2526 versibus
550 2475 695 2537 (Ran.
731 2475 900 2539 8739:

426 2546 469 2606 ὦ
504 2554 853 2620 Κρητικὰς
887 2552 985 2619 μὲν
1019 2551 1291 2620 συλλέγων
1325 2552 1610 2621 μονῳδίας,

422 2634 692 2702 γάμους
726 2635 775 2687 δ’
810 2634 1133 2696 άνοσίους
1167 2632 1424 2702 εῑςφέρων
1458 2633 1530 2695 εἰς
1561 2632 1659 2702 τὴν
1689 2631 1894 2703 τέχνην,

289 2731 419 2781 quae
451 2718 515 2767 ad
546 2718 827 2784 Pasiphaen
861 2719 1114 2783 pertinere
1158 2718 1286 2767 dixit
1335 2717 1687 2778 TimachidaS‚
1735 2717 1988 2781 Euripidis

287 2797 732 2863 Aristophanisque
762 2799 1039 2864 interpres,
1073 2803 1205 2848 teste
1238 2797 1428 2848 schol.:
1466 2793 1795 2860 ,,Τιμαχίδας
1817 2791 1875 2847 δὲ
1900 2794 1989 2848 διὰ

289 2874 391 2943 τὴν
426 2874 486 2928 έν
527 2880 641 2938 τοῖς
681 2876 857 2944 Κρησὶ
909 2877 1049 2945 μίξιν
1090 2876 1378 2942 Πασιφάης
1419 2875 1551 2941 πρὸς
1585 2872 1681 2926 τὸν
1727 2879 1985 2944 ταῦρον.”

289 2957 483 3008 Eodem
529 2958 642 3008 loco
697 2959 762 3008 de
809 2959 933 3010 {cari
975 2975 1186 3026 persona
1219 2959 1298 3008 his
1333 2957 1491 3009 schol.
1527 2957 1688 3006 verbis
1723 2957 1986 3009 docemur:

347 3155 395 3210 ὅ)
423 3153 724 3197 Antiochenus
753 3168 797 3209 p.
827 3153 936 3196 106:
977 3155 1084 3213 περὶ
1124 3153 1175 3200 δὲ
1213 3155 1296 3210 τῆς
1338 3152 1591 3209 Πασιφάης
1619 3151 1802 3207 ἐξέθετο
1832 3152 1987 3212 δρᾶμα

428 3222 688 3283 Εὐριπίδης
719 3222 743 3268 ὁ
774 3223 984 3280 ποιητής.
1045 3227 1114 3270 Cf.
1146 3226 1321 3270 Welck.
1350 3240 1395 3280 p.
1425 3223 1524 3267 803.

316 3296 397 3353 **)
427 3296 582 3340 Schol.
610 3295 752 3338 Rhes.
792 3293 874 3337 29:
916 3294 1075 3349 διττὰς
1117 3295 1168 3342 δὲ
1206 3292 1438 3354 Εύρώπας
1467 3284 1816 3353 ἀναγράφουσιν
1854 3291 1985 3349 ἔνιοι,

427 3367 540 3424 μίαν
565 3363 650 3423 μὲν
673 3363 920 3410 Ὠκεανίδα
948 3371 1041 3412 κτλ.
1058 3400 1070 3419 ,
1101 3366 1261 3426 ἑτέραν
1290 3366 1341 3410 δὲ
1372 3366 1584 3418 Φοίνικος
1613 3365 1733 3411 ἔνιοι
1751 3364 1831 3410 καὶ
1856 3362 1985 3421 ’Am'-

427 3453 580 3496 νορος,
607 3431 680 3487 ὥς
706 3435 800 3481 καὶ
827 3433 1160 3496 Εὐριπίδης
1187 3436 1266 3482 καὶ
1288 3434 1416 3482 ἄλλοι
1438 3436 1725 3496 ἱστοροῦσιν·
1751 3427 1820 3494 ἧς
1845 3433 1985 3487 τοὺς

427 3507 566 3566 περὶ
593 3506 687 3554 τὸν
715 3507 882 3554 Μίνω
910 3509 1194 3565 γενέσθαι
1223 3507 1415 3566 φασίν.
1618 3510 1621 3512 ’
