2144 3854
172 441 303 492 Tum
338 440 402 490 de
435 439 693 506 puniendis
727 438 951 488 hostibus
986 436 1286 498 deliberant,
1323 451 1421 500 quo
1453 435 1506 486 in
1538 434 1741 502 negotio
1761 442 1843 485 ca'·

172 523 348 573 lidiora
383 521 696 586 Neoptolemi
730 517 934 569 consilia
965 533 994 566 a
1027 516 1179 565 Peleo
1213 517 1575 582 improbantur:

305 599 366 653 τὸ
400 603 586 667 γῆρας,
623 591 665 650 ὦ
697 601 809 660 παῖ,
843 598 952 648 τῶν
981 592 1255 658 νεωτέρων
1285 596 1501 662 φρενῶν

306 681 616 746 σοφώτερον
648 678 852 744 πέφυκε
883 675 1325 743 κοέσφαλέστερον,

308 758 546 827 ἐμπειρία
577 777 632 812 τε
663 763 758 828 τῆς
790 757 1029 822 ἀπειρίας
1061 761 1254 822 κρατεῖ.

171 843 344 893 Placet
376 844 542 906 igitur,
577 848 631 890 ut
662 847 860 906 tempus
894 839 1306 902 occasionemque
1339 841 1650 900 exspectent,
1687 853 1849 901 neque

171 925 236 972 ad
268 923 623 989 aggrediendus
655 921 827 970 hostes
862 921 1029 969 statim
1065 919 1452 984 proficiscantur.
1479 923 1483 926 ’
1519 915 1727 965 Mutatis
1755 917 1847 980 igi-

171 1007 258 1052 tur
302 1004 545 1061 vestibus,
590 1017 652 1050 ne
698 1004 1022 1066 agnoscatur,
1075 998 1434 1063 Neoptolemus
1469 1013 1578 1044 cum
1613 996 1764 1045 Peleo
1797 996 1848 1044 in

169 1089 311 1132 antro
346 1084 529 1146 degere
561 1081 845 1144 victumque
892 1096 953 1128 ex
996 1080 1250 1128 venatione
1294 1094 1532 1143 quaerere
1578 1075 1848 1125 constituit.

169 1162 266 1211 His
300 1162 590 1226 compositis
624 1162 674 1210 in
709 1160 996 1225 speluncam
1020 1159 1249 1220 redeunt,
1284 1165 1338 1208 et
1357 1158 1683 1223 interponitur
1708 1156 1848 1204 chori

168 1232 365 1292 carmen
399 1242 626 1294 alterum.

298 1322 465 1389 Pergit
497 1324 548 1373 in
581 1340 749 1373 rerum
784 1324 912 1372 serie
945 1322 1235 1388 exponenda
1269 1321 1439 1386 Dictys
1482 1321 1623 1369 hisce
1654 1319 1847 1368 verbis:

164 1402 477 1465 „Consilium
511 1404 827 1468 aggrediendi
858 1404 1014 1452 hostis
1048 1404 1173 1451 inire
1209 1403 1390 1466 coepit,
1427 1416 1577 1464 quum
1601 1400 1735 1448 forte
1764 1414 1848 1448 co-

163 1484 357 1548 gnoscit
387 1484 516 1532 filios
551 1485 736 1545 Acasti,
793 1483 1127 1548 Menalippum
1164 1489 1216 1531 et
1248 1482 1576 1540 Plisthenem,
1622 1483 1849 1528 venatum

167 1563 445 1626 profectos,
480 1564 738 1612 devenisse
770 1562 833 1611 ad
869 1580 926 1612 ea
960 1564 1087 1612 loca.
1153 1562 1324 1627 ltaque
1356 1567 1542 1610 mutata
1577 1565 1715 1608 veste
1748 1558 1850 1606 Iol-

169 1643 300 1693 cium
335 1643 568 1692 simulans
603 1644 860 1692 iuvenibus
894 1644 1043 1693 offert
1078 1660 1222 1704 sese,
1276 1642 1507 1706 eisque
1557 1639 1848 1705 cupitum

170 1724 274 1772 sui
315 1723 668 1772 interitum
714 1723 942 1776 refert.
1023 1723 1101 1773 Ob
1153 1739 1279 1788 quae
1323 1723 1516 1771 iunctus
1563 1720 1643 1769 his
1677 1720 1727 1767 in
1763 1734 1847 1767 ve-

166 1803 344 1864 nando,
379 1804 466 1853 ubi
487 1819 711 1852 seorsum
742 1805 803 1853 ab
833 1804 1014 1852 ceteris
1047 1803 1389 1867 Menalippum
1414 1801 1565 1860 videt,
1584 1795 1847 1864 eum(que)

167 1889 217 1933 et
251 1882 415 1947 paullo
449 1889 562 1948 post
594 1883 803 1932 fratrem
838 1883 946 1933 eius
979 1884 1230 1932 insecutus
1264 1881 1554 1930 interficit.”

296 1963 460 2013 Finito
494 1963 634 2011 chori
668 1963 882 2011 carmine
915 1962 1298 2028 Neoptolemum
1347 1966 1536 2009 mutata
1579 1963 1747 2019 veste,
1793 1962 1848 2006 ut

165 2042 342 2092 Iolcins
378 2058 491 2091 esse
510 2042 775 2103 videretur,
811 2043 1056 2107 prodiisse
1085 2033 1361 2090 statuimus.
1429 2041 1528 2103 Qui
1551 2055 1721 2103 quum,
1752 2038 1847 2087 Pe-

163 2122 244 2172 leo
279 2138 450 2171 somno
484 2123 790 2186 quiescente,
826 2129 1055 2171 venatum
1090 2122 1225 2170 exire
1259 2120 1427 2182 vellet,
1462 2120 1658 2177 accidit,
1693 2122 1750 2169 ut
1766 2133 1848 2167 re-

163 2203 238 2269 gis
271 2203 379 2263 filii,
414 2218 560 2266 quum
599 2201 733 2251 forte
764 2204 813 2251 in
845 2203 1025 2251 iisdem
1059 2201 1183 2249 locis
1217 2205 1530 2258 venarentur,
1566 2198 1849 2264 conspectis

164 2284 326 2336 nautis
372 2283 652 2347 naufragis,
701 2282 764 2330 ad
808 2283 900 2331 hos
947 2282 1243 2331 accederent
1287 2280 1619 2344 cognoscendi
1664 2278 1846 2344 cupidi,

163 2366 362 2430 quinam
381 2368 548 2411 essent
570 2363 668 2426 ipsi
699 2368 751 2410 et
773 2378 1011 2425 quaenam
1039 2378 1149 2410 sors
1165 2361 1496 2424 Neoptolemi,
1523 2376 1670 2424 quem
1697 2357 1847 2407 modo

164 2461 195 2494 a
228 2443 558 2493 Molossorum
594 2446 754 2502 terra,
799 2442 1005 2490 refectis
1051 2441 1278 2500 navibus,
1330 2441 1380 2489 in
1428 2441 1582 2489 altum
1618 2444 1846 2488 evectum

165 2539 280 2573 esse
313 2522 461 2571 fando
497 2521 822 2584 accepissent.
907 2520 1001 2568 His
1036 2520 1215 2569 lolcius
1250 2520 1332 2568 ille
1378 2520 1635 2568 simulatus
1679 2520 1730 2567 in
1764 2517 1846 2565 lit-

164 2609 276 2653 tore
310 2602 521 2651 eiectum
558 2616 736 2665 corpus
774 2599 1088 2664 Neoptolemi
1132 2600 1382 2648 inventum
1418 2615 1446 2647 a
1481 2615 1537 2647 se
1563 2599 1844 2646 humatum-

165 2699 263 2748 que
296 2699 409 2732 esse
442 2687 624 2741 narrat,
660 2681 805 2728 simul
839 2680 1155 2743 tempestatis
1189 2680 1287 2726 vim
1321 2679 1616 2741 naviumque
1640 2692 1844 2742 quassa-

163 2770 324 2814 tarum
358 2762 635 2822 interitum,
686 2776 830 2824 quem
868 2760 1037 2825 procul
1071 2775 1133 2807 ex
1167 2759 1338 2807 littore
1372 2774 1490 2812 ase
1525 2763 1845 2821 conspectum

162 2859 277 2893 esse
310 2842 465 2907 fingit,
498 2846 632 2891 tanta
660 2842 866 2890 veritate
900 2845 1304 2903 repraesentans,
1339 2844 1518 2902 quanta
1551 2842 1753 2901 poterat
1784 2838 1844 2896 is,

162 2923 246 2987 qui
280 2938 514 2987 praesens
547 2921 872 2970 interfuisset.
942 2921 1036 2968 His
1072 2919 1328 2984 expositis,
1363 2935 1514 2982 quum
1549 2934 1605 2967 se
1630 2917 1680 2964 id
1708 2933 1842 2965 cum-

162 3004 372 3052 maxime
406 3018 554 3066 agere
589 3002 819 3061 dixisset,
858 3006 909 3049 ut
943 3002 1070 3048 victu
1106 3000 1315 3048 miseros
1349 2999 1611 3062 naufragos
1644 2998 1844 3046 adiuva-

163 3088 263 3143 ret,
283 3099 492 3147 eamque
519 3084 580 3132 ob
607 3098 828 3131 caussam
858 3087 1083 3129 venatum
1110 3081 1198 3138 ire,
1229 3079 1290 3127 ad
1318 3080 1647 3128 communiter
1673 3093 1843 3127 secum

160 3164 433 3212 venandum
468 3164 528 3211 ab
562 3162 961 3211 adolescentibus
995 3160 1228 3208 invitatur
1279 3166 1332 3208 et
1382 3176 1494 3208 cum
1546 3159 1625 3208 his
1664 3175 1694 3207 e
1728 3173 1839 3206 con-

163 3248 340 3308 spectu
373 3243 500 3300 abit,
536 3249 676 3290 antea
710 3247 894 3299 tamen,
929 3240 1199 3306 paullulum
1236 3240 1546 3300 subsistens,
1581 3239 1647 3288 de
1681 3238 1842 3287 consi-

159 3323 229 3373 lio
263 3338 353 3372 suo
386 3323 634 3371 theatrum
674 3323 868 3373 edocet.

292 3401 630 3466 lutei-ponitur
662 3402 867 3452 tertium
903 3401 1043 3450 chori
1090 3416 1303 3453 carmen.
1371 3401 1483 3463 Quo
1530 3399 1700 3458 finito,
1742 3400 1840 3445 sta-

162 3482 251 3533 tim
282 3480 655 3547 NeoptolemuS,
691 3499 747 3532 re
780 3482 998 3533 feliciter
1030 3487 1172 3548 gesta
1204 3481 1585 3546 interfectisque
1618 3476 1750 3541 regis
1780 3476 1840 3524 fl-
