2176 3874
927 305 1051 365 483

139 459 275 509 vitae
317 457 483 524 posita
530 471 645 506 esse
691 454 924 504 affirmat.
991 452 1124 503 Tum
1158 453 1365 520 Agrauli
1411 455 1660 519 virgines,
1714 471 1840 521 quae

140 540 331 590 circum
365 538 534 603 longas
569 552 720 602 rupes
755 535 963 584 choreas
997 538 1166 599 agant,
1203 540 1256 584 et
1281 534 1465 584 Panem
1492 536 1543 585 in
1576 537 1663 586 illo
1695 543 1840 589 antro

138 618 307 669 fistula
353 623 611 667 canentem
657 631 750 683 pro
785 614 1027 680 Apollinis
1080 615 1182 663 filio
1216 616 1286 665 ibi
1320 617 1551 680 exposito
1586 617 1837 681 implorat.

141 700 378 749 Ceterum
425 704 572 762 negat
617 697 697 746 vel
751 696 801 746 in
847 694 1059 759 picturis
1108 695 1188 744 vel
1235 696 1285 744 in
1337 697 1634 747 carminibus
1681 699 1839 748 ullum

138 779 349 828 deorum
394 777 555 826 filium
602 779 751 827 rebus
798 774 1028 824 secundis
1074 779 1296 824 utentem
1345 777 1558 828 ostendi.
1635 778 1843 850 Quippe

138 875 238 909 non
272 873 334 907 ex
370 857 579 907 deorum
630 856 844 922 stupriS,
881 853 972 902 sed
1017 870 1080 902 ex
1116 856 1324 903 victrice
1369 855 1621 906 hominum
1657 860 1843 909 virtute

138 940 309 1005 stirpis
346 938 542 987 divinae
563 938 806 986 honorem
829 950 1028 983 manare
1062 934 1384 983 manifestum
1420 943 1513 988 est.
1582 939 1696 988 Hoc
1731 956 1842 989 car-

136 1035 254 1069 men
289 1025 397 1069 tum
429 1020 580 1068 rebus
614 1032 762 1081 grave
794 1020 905 1064 tum.
938 1015 1104 1063 verbis
1141 1016 1343 1082 egregie
1378 1024 1607 1067 ornatum
1661 1024 1740 1068 est
1789 1030 1843 1070 et

136 1100 202 1149 ad
236 1098 585 1166 explicandam
611 1113 787 1157 ⁴rerum
824 1096 1160 1145 conditionem
1197 1099 1670 1148 commemoratione
1705 1101 1840 1164 peri-

137 1180 265 1240 culi,
322 1180 374 1229 in
424 1194 522 1243 quo
551 1175 1007 1228 Erechtheidarum
1057 1177 1215 1242 stirps
1261 1182 1524 1238 versatur,
1571 1180 1839 1244 plurimum

138 1261 352 1312 confert.

267 1339 422 1389 Redit
453 1339 504 1388 in
553 1353 755 1387 scenam
789 1336 891 1386 Ion.
957 1336 1132 1386 Paullo
1166 1342 1284 1403 post
1327 1339 1526 1389 Xuthus
1572 1356 1635 1389 ex
1681 1357 1842 1406 pene-

133 1420 344 1471 tralibus
379 1419 645 1468 revertitur
679 1421 831 1480 atque
865 1417 1005 1466 illum
1041 1418 1237 1466 obvium
1273 1435 1364 1484 pro
1401 1420 1506 1469 filio
1536 1421 1721 1470 salutat
1745 1422 1840 1471 mi-

133 1506 328 1552 rantem
364 1505 418 1549 et
461 1499 682 1548 novitate
725 1498 801 1546 rei
850 1498 1270 1564 obstupefactum.
1340 1499 1515 1565 Itaque
1549 1501 1840 1551 adolescens

136 1598 280 1643 eum,
326 1580 468 1646 quasi
502 1578 785 1638 furentem,
829 1595 858 1626 a
894 1593 1107 1644 corpore
1149 1585 1290 1628 arcet
1337 1586 1489 1645 atque
1522 1582 1671 1631 etiam
1707 1582 1841 1643 telis,

136 1677 237 1726 quo
271 1662 435 1711 minus
482 1674 657 1707 manus
703 1658 797 1706 sibi
840 1658 1028 1707 iniiciat
1060 1663 1144 1708 aut
1178 1661 1276 1709 vim
1310 1661 1523 1720 inserat,
1570 1662 1842 1726 prohibere

135 1746 359 1792 conatur.
430 1739 563 1788 Tum
598 1738 662 1787 de
709 1739 910 1787 oraculo
961 1739 1172 1788 edoctus
1209 1746 1261 1790 et
1295 1757 1573 1805 congruere
1606 1742 1732 1791 illud
1766 1742 1840 1791 vi-

135 1822 263 1872 dens
312 1837 427 1870 cum
476 1826 705 1884 tempore
756 1822 809 1866 et
854 1817 991 1878 loco,
1034 1835 1134 1882 quo
1180 1820 1380 1868 Xuthus
1426 1838 1537 1871 cum
1581 1820 1841 1887 Delphicis

135 1901 318 1969 puellis
352 1900 539 1949 Bacchi
570 1900 756 1947 festum
791 1898 1086 1959 celebranS,
1133 1899 1244 1948 vino
1293 1905 1344 1948 et
1375 1901 1627 1966 voluptate
1660 1903 1840 1964 victus,

135 1997 286 2031 uuam
322 1996 492 2030 earum
529 1978 857 2043 stupraverit,
909 1978 1041 2026 Iovis
1078 1994 1133 2027 se
1180 1985 1418 2044 nepotem
1467 1997 1531 2030 ex
1576 1986 1719 2031 servo
1763 1983 1841 2032 fa·

133 2066 270 2111 ctum
305 2075 420 2109 esse
453 2059 668 2122 gaudet,
717 2059 810 2106 sed
857 2063 1066 2106 matrem
1104 2059 1385 2110 etiamnunc
1428 2062 1649 2127 ignorari
1682 2063 1840 2115 dolet.

132 2141 297 2192 Huius
360 2139 695 2189 inventionem
757 2137 972 2202 tempori
1033 2139 1439 2190 committendam
1490 2157 1606 2191 esse
1668 2147 1843 2193 censet

132 2220 364 2281 Xuthus3
398 2219 498 2268 iam
533 2219 690 2267 filium
725 2217 972 2279 hortatur,
1007 2223 1064 2267 ut
1096 2221 1238 2286 regni
1272 2225 1324 2270 et
1357 2221 1640 2270 divitiarum
1674 2228 1841 2288 pater-

133 2316 309 2350 narum
341 2301 522 2349 haeres
555 2298 756 2346 futurus
793 2298 1015 2348 Athenas
1052 2315 1223 2348 secum
1259 2305 1264 2308 “
1275 2301 1638 2364 proficiscatur.
1708 2301 1841 2352 Tum

134 2385 346 2445 repente
389 2379 496 2429 loni
546 2377 882 2426 consideranti
925 2394 1090 2426 rerum
1136 2381 1473 2430 conditionem
1510 2373 1841 2446 scrupuliin-

134 2460 386 2510 iiciuntur.
453 2457 677 2507 Primum
714 2458 850 2507 enim
878 2472 935 2506 se
977 2459 1245 2522 peregrino
1289 2465 1431 2525 patre
1481 2462 1709 2526 spurium
1751 2479 1840 2512 na-

135 2544 271 2601 tum,
321 2539 366 2588 si
399 2538 464 2588 ad
498 2537 775 2603 principale
807 2538 856 2586 in
891 2538 1147 2602 republica
1188 2538 1444 2606 fastigium
1480 2541 1727 2601 enitatur,
1761 2543 1840 2592 in-

133 2620 269 2670 vidia
299 2617 478 2668 civium
512 2618 887 2667 ambitiosorum
921 2623 1124 2683 praeter
1168 2625 1365 2669 ceteros
1399 2625 1631 2670 vexatum
1665 2622 1728 2670 iri
1760 2622 1839 2672 in-

133 2699 329 2766 telligit.
410 2697 603 2747 Deinde
645 2698 698 2747 in
743 2699 893 2747 domo
938 2699 1048 2762 ipsa
1092 2703 1301 2764 paterna
1346 2700 1552 2750 insidias
1594 2717 1840 2752 novercae

132 2779 277 2846 prole
330 2779 542 2830 carentis
591 2783 644 2828 et
686 2778 782 2828 sibi
829 2783 884 2826 et
929 2779 1062 2843 patri
1107 2779 1358 2829 timendas
1407 2797 1522 2830 esse
1555 2781 1838 2833 arbitratur.

132 2859 268 2910 Tum
301 2875 365 2909 ne
399 2859 709 2923 tyrannidem
757 2858 984 2923 quidem,
1035 2859 1346 2923 splendidam
1391 2861 1671 2923 miseriam,
1717 2864 1840 2912 tanti

131 2940 285 3000 facit,
329 2945 389 2990 ut
420 2939 469 2989 ei
503 2939 657 2987 otium
704 2942 756 2987 et
801 2937 1208 3002 tranquillitatem
1257 2944 1310 2988 et
1355 2940 1575 2990 iustitiae
1617 2942 1838 2992 studium

134 3024 440 3085 postponere
474 3020 608 3068 velit.
676 3018 818 3067 Haec
853 3023 1165 3082 exponuntur
1210 3020 1434 3070 oratione
1484 3026 1536 3071 et
1568 3023 1738 3071 subtili
1786 3028 1839 3072 et

134 3100 293 3164 gravi,
327 3105 432 3150 tum
469 3099 729 3149 sententiis
764 3098 950 3162 argutis
984 3098 1218 3148 distincta
1263 3107 1414 3166 atque
1447 3103 1669 3151 moribus
1704 3102 1838 3152 Ionis

138 3179 332 3245 optime
365 3180 690 3230 convenienti.
756 3178 883 3227 Nam
919 3195 1071 3243 quum
1106 3179 1172 3229 sit
1204 3181 1560 3247 philosophuS‚
1607 3182 1838 3232 fortunae

136 3259 268 3309 bona
298 3258 542 3310 inferiora
577 3260 712 3309 ducit
743 3259 927 3308 virtute
961 3263 1016 3308 et
1056 3275 1295 3324 spernere
1329 3262 1527 3311 divitias
1561 3269 1710 3328 atque
1744 3262 1837 3311 ho·

134 3353 286 3387 nores
331 3339 521 3391 didicit.
599 3341 655 3390 ln
698 3340 906 3389 eandem
954 3338 1067 3388 sere
1115 3342 1408 3391 sententiam
1452 3342 1504 3391 in
1546 3341 1836 3390 Phoenissis

137 3417 336 3467 Iocaste
367 3418 514 3483 plura
547 3420 785 3485 disputat,
822 3418 964 3469 cuius
986 3420 1259 3470 orationem
1287 3438 1399 3471 cum
1423 3421 1536 3483 hac,
1571 3420 1616 3469 si
1650 3437 1836 3486 operae

136 3502 235 3561 eat,
269 3513 544 3564 compares.
613 3499 831 3559 Xuthus‚
863 3499 945 3550 his
978 3499 1190 3563 auditiS,
1224 3518 1289 3552 ne
1322 3502 1546 3552 dolorem
1580 3502 1725 3551 uxori
1759 3500 1837 3550 af-

1394 3580 1500 3630 31*
