2176 3874
1104 272 1227 335 46⁰

335 439 509 501 sponte
564 429 850 493 intelligitur
907 431 957 475 et
1014 441 1076 475 ex
1122 424 1472 490 epigrammate
1518 422 1718 473 Anthol.
1761 421 1869 472 Lat.
1914 422 1994 475 ed.

337 516 404 565 H.
439 514 627 576 Meyer.
662 525 709 558 n.
746 509 859 556 6⁷1.
894 510 1064 570 patet:

461 591 667 654 „Pallia
699 594 824 636 nota
843 588 993 651 fovet
1027 586 1256 635 lacrimis
1290 583 1508 648 decepta
1549 581 1823 641 Themisto,

533 670 806 735 Pyramus,
844 666 974 723 heu,
1010 666 1236 715 lacrimis
1263 664 1434 730 pallia
1467 668 1594 711 nota
1614 662 1817 728 sovet.''

334 753 492 815 Quam
527 750 706 799 chorus
740 746 1018 795 consolatus
1053 750 1131 795 est
1161 745 1300 793 hisce
1332 743 1522 793 verbis:

399 853 401 855 ·
464 830 696 889 ἄνασσα,
728 826 944 884 πολλοῖς
976 821 1114 875 ἔστιν
1149 823 1453 888 ἀνθρώποις
1485 822 1639 883 κακά,

466 910 577 968 τοῖς
610 906 657 958 δ’
693 908 812 970 ἄρτι
843 904 1009 971 λήγει,
1043 906 1155 964 τοῖς
1188 903 1244 955 δὲ
1277 903 1528 964 κίνδυνος
1559 904 1766 970 μολεῖν·

461 988 653 1047 κύκλος
685 985 787 1053 γὰρ
821 984 980 1045 αὐτὸς
1011 983 1291 1049 καρπίμοις
1322 1001 1375 1035 τε
1406 986 1504 1051 γῆς
1536 987 1728 1050 φυτοῖς

461 1069 677 1135 θνητῶν
709 1083 763 1118 τε
795 1065 982 1133 γέννᾳ·
1023 1068 1135 1125 τοῖς
1168 1062 1264 1128 μὲν
1298 1063 1503 1128 αὔξεται
1536 1064 1668 1130 βίος,

459 1151 570 1200 τῶν
604 1146 661 1200 δὲ
693 1147 877 1214 φθίνει
908 1162 963 1196 τε
993 1143 1083 1196 καὶ
1115 1143 1374 1210 θερίζεται
1405 1144 1580 1198 πάλιν.

464 1308 721 1376 γίγνωσκε
755 1306 1091 1372 τάνθρώπεια
1107 1343 1122 1368 ,
1156 1305 1279 1371 μηδ’
1312 1304 1643 1372 ὖπερμέτρος

463 1392 635 1456 ἄλγει·
669 1390 855 1448 κακοῖς
886 1386 988 1454 γὰρ
1023 1386 1089 1438 οὐ
1125 1379 1191 1437 σὺ
1224 1386 1524 1451 πρόςκεισαι
1558 1385 1722 1452 μόνη·

463 1470 581 1537 μήτ’
617 1468 911 1536 εὐτυχοῦσα
943 1473 1123 1519 πᾶσαν
1153 1465 1312 1534 ἡνίαν
1344 1466 1477 1533 χάλα

465 1551 639 1611 κακῶς
670 1567 726 1601 τε
759 1550 1058 1616 πράσσουσῖ
1085 1545 1292 1608 ἐλπίδος
1323 1547 1512 1615 κεδνῆς
1544 1541 1669 1613 ἔχου
1682 1545 1735 1612 *)

463 1709 522 1763 ἐν
555 1707 757 1762 ἐλπίσιν
789 1709 888 1777 χρὴ
922 1703 1050 1770 τοὺς
1084 1702 1290 1776 σοφοὺς
1323 1708 1456 1776 ἔχειν
1490 1706 1627 1774 βίον.

462 1795 557 1844 His
591 1793 712 1842 nihil
746 1797 971 1841 movetur
1003 1791 1189 1852 infelix,
1217 1790 1305 1841 sed
1330 1792 1380 1840 in
1408 1791 1606 1839 domum
1633 1799 1835 1837 reversa
1850 1783 2002 1832 vitam

334 1878 508 1941 laqueo
542 1873 822 1937 abrumpit;
872 1888 987 1921 mox
1030 1888 1208 1936 corpus
1250 1871 1546 1920 interfectae
1577 1870 1705 1918 inter
1736 1866 2005 1916 liberorum

334 1970 541 2020 corpora
585 1970 615 2003 a
659 1952 857 2001 famulis
903 1952 1239 2016 componitur,
1285 1950 1439 2000 choro
1481 1949 1678 1999 interim
1724 1945 1923 2011 lugente
1954 1946 2006 1993 et

335 2035 555 2100 singula,
605 2048 731 2096 quae
774 2036 1037 2095 geruntur,
1081 2031 1246 2080 verbis
1287 2032 1635 2094 persequente.
1714 2026 1854 2075 Haec
1886 2022 2003 2072 dum

334 2114 462 2165 mala
494 2112 718 2177 deplorat
750 2111 962 2167 chorus,
1007 2109 1182 2158 felices
1229 2108 1515 2174 praedicare
1559 2104 1724 2171 potuit
1766 2103 1851 2167 qui
1895 2118 2003 2151 mo-

333 2192 543 2242 destiam
588 2191 1074 2254 moderationemque
1118 2189 1338 2239 colentes
1399 2188 1591 2254 placida
1630 2186 1731 2235 vita
1775 2187 1828 2234 et
1868 2187 2003 2232 mn-

337 2271 491 2336 quilio
526 2270 689 2319 animo
722 2275 1003 2319 uterentur:

469 2345 571 2415 ἐγὼ
606 2346 654 2399 δ’
690 2347 848 2399 οὐδὲν
881 2347 1241 2413 πρεσβύτερον

466 2427 664 2494 νομίζω
698 2433 790 2488 τᾶς
823 2428 1194 2494 σωφροσύνας,

465 2506 576 2560 ἐπεὶ
607 2512 719 2570 τοῖς
750 2508 979 2575 ἀγαθοῖς
1013 2507 1093 2559 ἀεὶ
1126 2508 1362 2571 ξύνεστιν
1375 2506 1473 2574 **).

464 2590 653 2641 Deinde
685 2591 896 2639 venandi
929 2591 1146 2640 studium
1175 2591 1308 2653 regis
1349 2587 1666 2654 praedicasse
1697 2585 1915 2644 videtur,
1960 2582 2005 2632 si

335 2672 481 2721 modo
513 2670 803 2735 Euripidem
836 2670 1003 2719 Livius
1039 2672 1260 2719 imitatus
1294 2675 1400 2731 est,
1447 2669 1512 2717 de
1553 2682 1650 2730 quo
1682 2665 1809 2730 haec·
1838 2661 2006 2714 retulit

338 2751 663 2802 Terentianus
697 2750 901 2800 Maurus
937 2753 1092 2799 1931:
1672 2746 1708 2760 ”

473 2830 654 2881 Livius
688 2831 778 2879 ille
811 2835 957 2879 vetus
997 2830 1156 2879 Graio
1190 2830 1488 2894 cognomine
1518 2842 1646 2876 suae

480 2911 674 2960 Inserit
709 2910 864 2958 Inoni
897 2926 1094 2970 versus,
1124 2916 1284 2977 puto,
1321 2910 1430 2959 tale
1463 2908 1731 2957 docimen:

468 2992 760 3041 Praemisso
793 2989 949 3038 heroo
981 2990 1243 3055 subiungit
1278 3005 1498 3056 namque
1529 2989 1746 3047 miuron,

470 3071 734 3137 Hymnum
768 3069 973 3135 quando
1009 3071 1188 3119 chorus
1207 3072 1351 3134 sesto
1386 3069 1528 3118 canit
1561 3084 1648 3115 ore
1686 3066 1910 3115 Triviae.

470 3149 616 3214 „Sed
648 3151 755 3199 iam
783 3165 1050 3215 purpureo
1081 3166 1232 3199 suras
1263 3148 1473 3200 include
1506 3147 1768 3208 cothurno,

468 3231 690 3280 Balteus
726 3236 776 3278 et
810 3237 1015 3279 revocet
1048 3231 1277 3280 volucres
1310 3232 1366 3279 in
1394 3233 1611 3295 pectora
1642 3226 1800 3286 sinae,

395 3393 447 3447 a)
475 3391 660 3447 Fragm.
691 3389 761 3432 20.
795 3394 839 3432 et
865 3388 935 3432 21.
963 3390 1182 3435 coniunxi·

366 3463 449 3518 vra)
476 3462 662 3519 Fragm.
690 3461 774 3506 inc.
805 3459 873 3504 13-
