2176 3874
1113 274 1236 327 440

345 428 515 498 pandri
547 426 608 476 ad
626 420 886 486 Phrynidis
921 433 1077 483 usque
1111 421 1323 466 aetatem
1357 416 1516 466 tenuis
1544 415 1854 481 simplexque
1876 416 2005 468 fuit:

344 523 503 573 neque
535 503 663 553 euim
698 501 816 549 olim
850 515 939 566 pro
973 514 1060 547 sua
1096 498 1272 560 cuique
1306 496 1524 557 libidine,
1559 500 1615 543 ut
1646 490 2007 557 nunc‚‚fidibus

346 600 520 637 canere
565 581 771 641 licebat,
825 594 986 642 neque
1029 578 1305 626 harmonias
1359 580 1411 623 et
1454 590 1686 624 numeros
1731 574 2009 636 immutare,

344 663 582 729 siquidem
614 661 665 709 iu
696 659 855 708 modis
891 655 1118 723 (νόμοις)
1156 672 1294 705 suam
1330 655 1506 719 cuique
1538 653 1814 704 retinebant
1848 654 2008 703 inten-

344 743 562 798 sionem,
597 738 727 788 uude
760 739 908 787 etiam
943 753 1121 786 nomen
1153 736 1474 791 invenerunt,
1507 738 1562 782 ut
1593 731 1753 797 νόμοι
1786 732 2010 783 diceren-

342 827 423 872 tur
458 819 596 883 quasi
628 819 836 883 legeS,
870 817 1001 880 quod
1036 816 1274 878 cuiusque
1306 812 1595 863 intensionis
1617 816 1869 878 receptam
1901 811 2007 861 for·

343 916 471 950 mam
503 898 685 947 violare
716 896 858 946 nefas
893 895 1046 945 erat.''
1093 893 1149 944 C.
1185 895 1275 942 18:
1310 892 1548 956 „Antiqui
1580 907 1677 942 non
1709 891 1846 954 ideo,
1877 890 2010 956 quod

341 978 492 1028 rudes
526 981 695 1026 essent
726 975 1026 1039 reliquorum
1060 976 1382 1022 concentuum
1402 1008 1417 1032 ,
1451 972 1527 1020 usi
1560 977 1673 1021 sunt
1703 972 1891 1037 paucis,
1925 986 2011 1020 ne-

343 1073 440 1122 que
471 1054 741 1120 ignorantia
774 1055 834 1103 iis
870 1069 1041 1103 caussa
1073 1052 1172 1101 fuit
1194 1051 1447 1117 angustiae
1474 1051 1866 1115 chordarumque
1888 1066 2011 1117 pau-

346 1136 525 1196 citatis,
555 1151 713 1199 neque
747 1150 837 1199 per
869 1133 1108 1181 inscitiam
1143 1130 1380 1194 Olympus
1429 1135 1479 1179 et
1512 1130 1806 1196 Terpander
1839 1135 1893 1180 et
1925 1130 2011 1195 qui

345 1230 432 1264 eos
467 1213 624 1263 secuti
669 1219 784 1261 sunt
827 1211 1000 1260 fidium
1042 1210 1323 1274 frequentia
1367 1210 1699 1274 varietateque
1731 1214 2010 1261 caruerunt.

346 1293 616 1343 Testantur
649 1291 780 1341 enim
814 1296 1042 1355 poemata
1084 1291 1338 1353 ipsorum,
1381 1305 1507 1352 quae
1553 1289 1670 1338 licet
1715 1290 1862 1339 trium
1913 1289 2014 1339 sint

345 1372 639 1421 chordarum
671 1386 729 1419 ac
764 1370 1020 1436 simplicia,
1054 1372 1221 1417 tamen
1254 1367 1553 1417 antecellunt
1568 1369 1712 1419 variis
1737 1369 1850 1418 istis
1883 1368 2012 1418 mul-

344 1456 605 1515 tarumque
641 1450 930 1499 chordarum
964 1448 1233 1514 poematis,
1280 1451 1337 1496 ut
1370 1445 1568 1510 Olympi
1613 1463 1769 1512 genus
1803 1446 2013 1497 canendi

346 1529 527 1578 imitari
559 1545 703 1579 nemo
737 1533 898 1593 queat,
933 1533 984 1578 et
1005 1527 1264 1577 inferiores
1287 1526 1387 1575 sint
1405 1525 1682 1590 quicunque
1703 1527 1754 1576 in
1775 1526 2013 1591 frequen-

343 1609 475 1658 tibus
509 1609 688 1658 fidibus
723 1609 968 1672 variisque
994 1607 1166 1672 figuris
1190 1610 1493 1654 versantur.”
1558 1605 1650 1654 His
1684 1606 1812 1654 adde
1832 1606 2012 1654 Athen.

344 1686 476 1737 xlv.
509 1704 560 1753 p.
596 1689 706 1738 631.
742 1687 802 1736 E.
837 1704 973 1752 seq.:
1010 1685 1303 1747 „Prioribus
1337 1683 1537 1748 quidem
1573 1684 1784 1734 saeculis
1814 1684 1867 1734 in
1899 1700 2014 1732 mu-

344 1766 460 1816 sicis
495 1767 626 1831 quod
660 1772 796 1816 esset
827 1768 1059 1816 decorum
1103 1769 1153 1814 et
1185 1765 1447 1813 honestum
1484 1765 1768 1823 servabant,
1816 1767 2014 1813 ornatus

344 1860 461 1894 suus
506 1846 779 1910 quibusque
825 1847 1115 1895 carminibus
1161 1844 1391 1911 proprius
1434 1843 1757 1895 tribuebatur.
1826 1842 2012 1905 Quam-

344 1927 515 1976 obrem
564 1927 762 1989 singulis
806 1926 1121 1975 concentibus
1169 1920 1492 1988 (ἁρμονίαις)
1536 1923 1687 1972 tibiae
1733 1922 2010 1986 peculiares

343 2082 436 2131 bus
470 2087 617 2147 aptae
650 2083 702 2131 in
734 2082 864 2131 ludis
897 2082 1123 2146 publicis.
1190 2080 1333 2128 Nunc
1379 2085 1544 2128 autem
1587 2085 1780 2128 temere
1813 2095 1871 2127 ac
1904 2079 2012 2127 sine

342 2160 535 2209 ratione
565 2160 802 2208 musicam
835 2164 1062 2209 tractant.
1129 2159 1197 2207 Et
1245 2158 1359 2207 olim
1405 2157 1630 2222 populari
1673 2158 1850 2207 turbae
1892 2172 2011 2222 pro-

342 2238 451 2287 bari
484 2238 671 2302 signum
707 2244 812 2287 erat
845 2244 1107 2303 corruptae
1141 2237 1261 2286 artis
1279 2274 1294 2298 ,
1345 2237 1476 2285 unde
1508 2237 1658 2286 etiam
1690 2237 2019 2303 Asopodorus,

342 2316 588 2366 Phliasius
620 2317 820 2367 tibicine
866 2319 1077 2380 quodam
1111 2331 1287 2379 magno
1320 2315 1559 2380 applausu
1603 2314 1831 2378 laudato,
1876 2331 2012 2365 com-

342 2411 539 2445 morans
571 2397 679 2459 ipse
703 2396 959 2444 etiamtum
985 2395 1036 2443 in
1073 2394 1404 2459 hyposcenio‚
1438 2394 1716 2456 „Quidnam
1739 2394 1837 2443 hoc
1869 2391 2012 2444 est‘3'’

343 2475 530 2538 iuquit:
571 2474 870 2535 „manifesto
902 2489 1129 2536 magnum
1164 2473 1349 2522 malum
1394 2472 1599 2533 accidit3
1642 2489 1755 2521 nam
1798 2473 2012 2538 alioquin

340 2568 438 2604 non
471 2552 764 2617 probaretur
795 2552 1149 2603 multitudini.”
1214 2552 1313 2601 Alii
1356 2553 1453 2601 hoc
1493 2552 1554 2600 ab
1588 2552 1886 2617 Antigenide
1930 2552 2012 2600 di-

343 2635 477 2681 ctum
512 2646 624 2681 esse
657 2631 871 2681 tradunt.
941 2631 1121 2681 Contra
1148 2633 1331 2681 nostris
1365 2631 1673 2696 temporibus
1706 2630 2010 2686 theatrorum

342 2710 562 2759 favorem
595 2711 894 2775 plaususque
928 2711 1120 2774 signum
1154 2727 1267 2760 esse
1299 2715 1474 2775 putant
1500 2725 1721 2758 summae
1740 2710 1860 2758 artis
1892 2725 2010 2773 per-

342 2789 621 2839 fectionis?
690 2790 883 2839 Rursus
908 2790 1203 2839 Plutarchus
1231 2806 1274 2839 c.
1300 2791 1392 2839 15:
1434 2786 1806 2849 „Veneranda‚”
1838 2787 2012 2851 inquit,

342 2874 459 2930 „est
489 2869 691 2929 musica,
728 2885 876 2934 quum
912 2869 977 2917 sit
1009 2870 1215 2918 deorum
1242 2870 1507 2927 inventum,
1542 2874 1593 2916 et
1624 2869 1906 2916 reverenter
1935 2867 2011 2915 usi

343 2952 458 2996 sunt
492 2963 565 3008 ea,
602 2948 732 2997 sicut
753 2949 899 2996 etiam
924 2948 1126 3012 reliquis
1153 2948 1346 3007 studiiS,
1380 2945 1583 3009 antiqui.
1649 2944 1819 2994 Nostri
1843 2949 2010 2994 autem

342 3026 582 3090 temporis
617 3027 868 3087 homines,
914 3027 1172 3092 repudiata
1207 3028 1312 3076 eius
1346 3025 1611 3090 gravitate,
1644 3039 1736 3088 pro
1769 3023 1896 3071 virili
1926 3022 2010 3071 illa

342 3111 396 3155 et
427 3106 707 3155 admiranda
725 3111 774 3154 et
796 3106 889 3154 diis
909 3112 1045 3169 grata
1065 3123 1292 3155 enervem
1312 3110 1363 3155 et
1380 3103 1619 3170 garrulam
1653 3103 1711 3151 in
1745 3101 2009 3172 theatra

341 3186 610 3235 inducunt:
667 3185 797 3234 uude
842 3185 982 3234 Plato
1031 3187 1079 3234 in
1125 3185 1405 3234 huiusmodi
1449 3182 1684 3231 musicam
1729 3180 2007 3229 stomacha-

342 3270 423 3313 tur
456 3261 584 3315 etc.”
621 3280 663 3312 c.
689 3267 768 3314 30.
817 3263 1141 3325 „Timotheus
1175 3265 1350 3328 lyram,
1384 3278 1511 3326 quae
1543 3266 1736 3324 septem
1763 3259 1890 3307 fides
1917 3259 2007 3307 ha-

343 3343 544 3406 buerat,
589 3345 637 3393 in
690 3344 858 3408 plures
903 3343 1110 3392 chordas
1144 3344 1352 3392 disiecit.
1422 3340 1521 3390 Sed
1554 3343 1606 3388 et
1637 3338 1787 3388 tibiae
1821 3342 2006 3397 cautae,

343 3424 427 3485 qui
462 3423 728 3487 simplicior
766 3427 906 3476 antea
941 3422 1130 3486 suerat,
1166 3425 1214 3473 iu
1245 3422 1479 3472 maiorem
1513 3419 1767 3468 modorum
1800 3416 2006 3467 varieta-
