2176 3874
893 299 1018 359 415

116 453 304 514 horret,
337 451 564 502 dolorem
596 465 767 500 secum
802 447 1152 508 communicet,
1184 462 1282 497 non
1314 446 1452 498 audit
1482 461 1642 512 neque
1673 447 1796 498 allo-

118 533 204 599 qui
237 533 479 597 dignatur.
546 531 772 580 Tandem
804 544 949 588 vero,
984 545 1081 578 non
1113 527 1329 593 amplius
1357 528 1528 578 ferens
1562 528 1796 579 dissimu-

117 614 353 663 lationem
387 616 441 661 et
473 609 820 660 confidentiam
854 609 961 657 eius
979 647 995 669 ,
1045 609 1128 672 qui
1175 624 1230 656 se
1276 609 1568 658 certissimis
1602 610 1802 659 indiciis

120 695 396 744 convictum
431 689 848 752 constrictumque
874 689 1032 738 teneri
1058 689 1266 752 ignoret,
1301 689 1361 736 ad
1384 690 1799 754 prosternendum

121 773 441 835 nnoimpetu
473 770 670 818 hostem
703 770 1020 818 temerarium
1040 773 1256 816 armatus
1292 769 1463 832 surgit.
1531 770 1800 833 Magnifico

119 853 272 902 utitur
306 851 535 900 exordio:
585 850 695 914 quis
741 850 917 898 modus
952 850 1046 898 erit
1093 848 1327 897 audaciae
1371 854 1424 898 et
1457 850 1799 914 confidentiae,

120 933 164 980 si
205 932 456 997 posterior
499 946 723 995 quaeque
766 935 902 978 aetas
950 930 1120 994 priore
1157 929 1251 978 erit
1303 929 1561 978 vitiosior?
1627 929 1800 979 Altero

119 1013 240 1062 orbe
273 1027 399 1076 opus
434 1013 549 1069 erit,
584 1011 828 1075 quo·mali
860 1026 889 1057 a
922 1011 1062 1058 bonis
1096 1014 1404 1073 separentur,
1439 1026 1502 1058 ne
1533 1008 1680 1075 plane
1713 1027 1801 1059 ex-¹

119 1093 395 1156 stinguatur
447 1092 687 1158 probitas.
771 1091 1052 1156 Propositio
1094 1090 1202 1155 ipsa
1248 1106 1308 1139 ea
1355 1095 1461 1150 est,
1512 1106 1639 1154 quae
1682 1107 1800 1155 per-

121 1173 306 1222 cellere
334 1173 497 1237 possit
529 1172 892 1220 adversarium:
926 1171 1186 1220 intuemini
1219 1171 1268 1219 in
1303 1171 1451 1232 hunc,
1488 1171 1588 1235 qui,
1623 1187 1687 1220 ex
1719 1188 1800 1221 me

120 1257 294 1313 natus,
345 1269 510 1301 meum
544 1252 807 1300 thalamum
844 1252 1018 1316 polluit
1065 1252 1214 1315 idque
1248 1251 1513 1300 manifesto
1547 1268 1574 1300 a
1607 1256 1803 1301 mortua

120 1333 452 1383 convincitur!
522 1332 663 1381 Haec
685 1333 852 1382 firmat
875 1333 1175 1396 gravissimis
1198 1333 1517 1397 arguinentiS‚
1551 1348 1802 1396 quaecun-

119 1429 218 1477 que
251 1415 450 1463 obstare
479 1413 736 1475 videntur,
770 1413 1092 1462 removendo:
1155 1413 1283 1475 Quin
1317 1413 1548 1474 obverte,
1583 1412 1804 1476 quando-

120 1494 321 1558 quidem
353 1493 407 1542 in
441 1500 758 1559 conspectum
792 1494 961 1543 venire
995 1494 1290 1555 sustinuisti,
1327 1493 1459 1558 patri
1493 1508 1549 1542 os
1582 1493 1803 1543 vultum-

121 1590 218 1639 que
250 1570 417 1623 tuum!
486 1574 566 1624 Tu
596 1590 785 1624 morum
807 1575 1070 1624 sanctitate
1086 1580 1138 1624 et
1156 1574 1364 1624 deorum
1384 1574 1634 1624 consortio
1652 1574 1803 1639 glori-

122 1654 263 1704 aris‘l
306 1655 495 1704 scilicet
535 1656 811 1704 severitatis
845 1659 1106 1719 praetextu
1140 1655 1254 1703 vitia
1286 1655 1482 1704 facilius
1525 1661 1580 1704 te
1615 1655 1804 1704 celatu-

122 1751 235 1784 rum
269 1750 382 1783 esse
416 1751 606 1798 speras.
674 1735 775 1785 Sed
823 1736 922 1783 iam
958 1736 1207 1785 convictus
1243 1751 1297 1784 es
1331 1736 1434 1796 ita,
1490 1739 1544 1784 ut
1578 1737 1805 1785 oratione

123 1815 258 1865 nulla
290 1819 343 1864 et
377 1829 441 1864 ne
472 1815 790 1864 iureiurando
823 1815 1020 1880 quidem
1067 1816 1270 1881 purgari
1303 1817 1484 1881 possis
1555 1816 1631 1865 An
1664 1821 1718 1865 te
1749 1820 1805 1864 ut

124 1895 360 1960 perderet
392 1896 550 1960 ipsam
585 1897 683 1945 vita
714 1912 770 1945 se
794 1896 1034 1961 spoliasse
1060 1895 1222 1945 dicis?
1255 1897 1387 1960 quod
1411 1897 1680 1946 absurdum
1706 1900 1803 1945 est.

123 1976 225 2026 Aut
255 1976 516 2041 proniores
549 1977 612 2025 ad
654 1976 905 2026 libidinem
940 1977 1175 2026 mulieres
1220 1993 1364 2041 quam
1409 1978 1542 2026 viros
1577 1992 1691 2026 esse
1724 1993 1806 2026 ar-

122 2056 272 2122 guis?
337 2055 463 2106 Sunt
495 2057 840 2106 adolescentes
873 2072 972 2107 non
1004 2058 1166 2106 minus
1195 2057 1589 2122 intemperantes
1618 2063 1670 2106 et
1701 2073 1807 2107 ma-

122 2137 201 2203 gis
233 2136 483 2186 temerarii
518 2153 662 2202 quam
707 2137 952 2198 feminae3
1001 2137 1215 2202 denique
1258 2153 1394 2186 mors
1437 2138 1543 2187 eius
1577 2138 1807 2188 omnibus

123 2217 427 2284 argumentis
472 2218 640 2283 potior
686 2223 777 2268 est.
856 2218 1128 2268 Subiicitur
1180 2218 1432 2283 peroratio
1487 2218 1807 2282 gravissima:

122 2298 308 2348 frustra
341 2298 471 2349 Sinis
516 2304 567 2348 et
600 2299 777 2350 Sciron
823 2314 904 2348 me
950 2299 1203 2348 sceleratis
1237 2314 1438 2363 gravem
1473 2314 1587 2348 esse
1620 2302 1808 2350 testen-

124 2383 225 2440 tur,
258 2379 356 2428 nisi
386 2380 533 2442 digno
567 2380 807 2444 supplicio
842 2384 894 2428 te
927 2395 1124 2443 quoque
1156 2379 1398 2430 affecero.

255 2457 368 2507 Filii
412 2460 569 2508 oratio
615 2459 952 2508 moderatione
999 2460 1267 2524 conspicua
1309 2465 1403 2511 est.
1471 2458 1607 2509 Dicit
1639 2465 1807 2510 autem

124 2539 250 2588 haec
283 2538 421 2588 fere:
458 2539 687 2601 Quamvis
721 2540 786 2587 sit
819 2540 1045 2605 speciosa
1074 2555 1265 2598 caussa,
1299 2545 1482 2600 tamen,
1518 2540 1561 2588 si
1579 2540 1807 2605 explore-

126 2625 236 2680 tur,
270 2620 470 2668 minime
503 2620 711 2668 honesta
746 2636 860 2669 esse
893 2620 1128 2684 arguitur.
1199 2620 1306 2684 Ego
1351 2626 1515 2668 autem
1550 2622 1808 2670 certamini

126 2699 286 2764 palam
322 2700 610 2749 sustinendo
642 2701 803 2766 impar
836 2716 944 2748 snm
964 2734 977 2755 ‚
1015 2701 1321 2749 domesticae
1354 2706 1543 2749 tantum
1575 2702 1808 2766 philoso-

126 2779 337 2844 phorum
375 2781 611 2830 orationis
644 2782 863 2846 perituS,
915 2796 1041 2844 quae
1074 2781 1332 2830 veritatem
1364 2781 1515 2845 magis
1550 2797 1697 2845 quam
1730 2782 1808 2832 fu-

127 2876 239 2909 cum
275 2862 501 2925 sequitnr
534 2861 603 2926 *).
673 2861 816 2924 Quod
850 2862 1068 2926 speciem
1104 2861 1327 2922 honesti,
1362 2877 1461 2911 non
1494 2862 1808 2913 honestatem

126 2941 287 3006 ipsam
322 2957 403 2990 me
437 2941 604 2991 colere
638 2942 830 3006 arguis,
863 2942 1135 2990 innocentia
1169 2942 1296 2991 vitae
1329 2959 1470 2991 meae
1506 2944 1807 2994 contrarium

184 3068 236 3124 2³)
266 3068 336 3112 Cf.
369 3069 462 3112 Cic.
492 3069 615 3123 Orat.
645 3067 716 3123 19,
744 3066 816 3113 64.
848 3067 1002 3111 Mollis
1032 3073 1098 3113 est
1126 3069 1244 3112 enim
1272 3070 1415 3112 oratio
1435 3070 1807 3126 philosophorum

271 3143 315 3182 et
342 3140 608 3194 umbratilis,
637 3155 720 3182 nec
741 3139 968 3182 sententiis
996 3154 1080 3182 nec
1102 3141 1254 3183 verbis
1269 3141 1483 3184 instructa
1498 3141 1806 3196 popularibus,

268 3223 351 3252 nec
377 3210 529 3253 vincta
555 3210 764 3263 numeris,
794 3211 872 3254 sed
901 3212 1047 3253 soluta
1067 3210 1265 3254 liberius.
1321 3211 1446 3255 Nihil
1471 3213 1636 3255 iratum
1650 3214 1807 3265 habet,

270 3280 383 3323 nihil
410 3281 610 3324 invidum
624 3314 636 3335 ,
675 3281 790 3323 nihil
830 3285 979 3334 atrox,
1015 3280 1129 3324 nihil
1155 3283 1388 3336 mirabile,
1428 3282 1543 3326 nihil
1585 3287 1803 3325 astutumt

276 3355 458 3406 casta,
487 3352 838 3404 verecunda,
869 3351 1035 3409 virgo
1064 3353 1411 3409 incorrupta
1440 3354 1805 3408 quodammo-

272 3421 354 3462 do.
411 3423 538 3465 Idem
566 3424 621 3465 de
651 3427 762 3465 orat.
790 3423 823 3475 Ι,
851 3420 928 3474 54,
957 3422 1056 3465 233.
1114 3425 1322 3468 Socrates
1349 3426 1586 3467 damnatus
1613 3429 1680 3468 est
1707 3426 1806 3469 nul-

272 3492 365 3535 lam
394 3492 531 3537 aliam
560 3494 618 3536 ob
648 3506 868 3547 caussam,
894 3492 980 3537 nisi
1001 3498 1181 3551 propter
1208 3495 1382 3540 dicendi
1408 3495 1697 3541 inscientiam.
