2144 3854
874 266 878 271 ’
930 288 1050 349 157

158 438 314 501 Qenei
348 438 587 500 laetitiam
619 437 827 488 ridicule
858 438 1078 487 imitatus
1113 451 1225 486 esse
1259 434 1610 502 Aristophanes
1634 433 1827 485 videtur

156 520 205 570 in
238 519 452 570 Acharn.
486 536 560 569 vv.
596 521 693 568 885
727 533 897 614 seqq-²

288 591 331 651 ὦ
365 598 584 665 φιλτάτη
617 591 683 649 σὺ
715 594 805 649 καὶ
835 595 996 647 πάλαι
1024 593 1355 662 ποθουμένη,

286 672 447 746 ἦλθες
477 677 702 745 ποθεινὴ
736 676 832 742 μὲν
862 676 1208 744 τρυγῳδικοῖς
1241 678 1435 742 χοροῖς,

285 759 412 826 φίλη
449 757 505 811 δὲ
538 758 776 876 Μορύχῳ
905 786 970 796 -
1103 786 1167 795 -

288 918 569 983 σκέψασθε,
601 919 802 982 παῖδες,
837 915 934 986 τὴν
967 917 1184 984 ἀρίστην
1227 915 1459 984 ἔγχελυν,

286 1000 598 1069 ἥκουσαν
630 998 795 1068 ἕκτῳ
829 1001 1020 1066 μόλις
1052 999 1193 1051 ἔτει
1239 997 1600 1065 ποθουμένην.

287 1082 591 1149 προςείπατ’
630 1082 813 1150 αὐτήν,
851 1074 891 1132 ὦ
924 1080 1080 1132 τέκνα
1147 1109 1208 1118 —-
1276 1110 1339 1118 --
1404 1108 1471 1117 —-

153 1162 334 1214 Maiori
367 1165 559 1215 scilicet
591 1165 768 1230 gaudio
801 1163 1188 1230 perfundebatur
1209 1178 1377 1223 senex,
1412 1177 1557 1226 quam
1588 1162 1717 1225 quod
1741 1177 1830 1227 pe·-

153 1250 293 1294 ctore
327 1245 460 1295 solus
499 1246 804 1305 contineret,
854 1249 904 1294 et
947 1245 1010 1293 ad
1057 1245 1342 1293 societatem
1376 1242 1593 1292 laetitiae
1627 1243 1830 1291 chorum

153 1324 403 1376 invitabat.
469 1325 660 1376 Deinde
707 1325 890 1375 multus
935 1323 1030 1373 fuit
1069 1325 1120 1373 in
1153 1322 1396 1372 laudando
1428 1323 1834 1412 adhortandoque

152 1410 373 1470 nepote.

283 1482 421 1546 ὄςτις
455 1482 514 1537 δὲ
544 1477 673 1546 τοὺς
703 1481 1004 1546 τεκόντας’
983 1502 1040 1536 εν
1074 1484 1172 1552 βίῳ
1206 1482 1360 1550 σέβει,

289 1563 370 1617 ὅδ’
404 1564 514 1618 ἐστὶ
545 1564 636 1618 καὶ
669 1567 773 1630 ζῶν
804 1565 894 1618 καὶ
926 1563 1114 1617 θανὼν
1144 1568 1292 1626 θεοῖς
1324 1563 1479 1631 φίλος
1502 1563 1570 1632 ²¹²).

287 1717 355 1775 σὺ
388 1721 484 1776 τὸν
514 1723 778 1792 τρέφοντα
810 1730 916 1778 νῦν
948 1724 1162 1792 τρέφοις
1257 1754 1326 1765 -
1424 1754 1520 1777 -.

287 1806 628 1872 „Benigne
679 1814 742 1857 et
792 1825 917 1874 pro
973 1809 1319 1874 beneficio
1385 1807 1564 1872 largi
1631 1811 1835 1872 atque

987 1889 1385 1954 ampliter!”

155 1965 222 2015 Et
254 1963 521 2016 Diomedes
557 1984 613 2016 se
646 1969 770 2017 haec
802 1969 1151 2033 praestiturum
1185 1985 1298 2018 esse
1328 1968 1617 2034 pollicetur:

286 2045 435 2109 ‚AEt,
471 2049 701 2114 qualis
720 2050 976 2113 fuer-it,
997 2051 1189 2114 fama
1225 2049 1564 2098 clarescat
1598 2047 1763 2097 tua.''

156 2125 487 2188 Quamobrem
533 2129 699 2178 statim
746 2144 801 2178 se
845 2130 1004 2194 Argos
1050 2131 1113 2179 ad
1162 2127 1513 2179 arcessendum
1559 2130 1829 2178 exercitum

153 2205 382 2271 belloque
414 2207 586 2257 hostes
620 2209 883 2258 vincendos
917 2211 1188 2259 rediturum
1218 2225 1330 2260 esse
1364 2210 1510 2259 dicit:

283 2286 500 2358 „Eprgo
532 2289 685 2338 :med
731 2290 947 2356 Argos
993 2292 1290 2354 referam
1343 2292 1506 2349 (nam
1551 2289 1659 2340 hic
1701 2305 1834 2339 sum

984 2387 1021 2436 g
1036 2386 1071 2419 n
1083 2387 1111 2419 o
1127 2371 1155 2419 b
1167 2372 1189 2419 i
1200 2371 1219 2419 l
1231 2371 1253 2419 i
1265 2375 1332 2433 s),

289 2445 385 2496 Ne
429 2449 536 2497 cui
572 2465 945 2516 cognoscar
989 2451 1195 2500 noto?
1296 2479 1361 2487 -
1441 2477 1506 2487 --

285 2554 351 2562 -ι
494 2555 559 2564 u—-n
705 2558 768 2566 —-
910 2556 1365 2569 0-——-

286 2606 553 2669 „Multa
613 2610 1030 2666 amittunt-ur
1090 2610 1447 2660 tarditate
1505 2615 1566 2658 et
1621 2626 1832 2659 socor-

990 2688 1025 2737 d
1037 2690 1153 2738 ia.‘'

286 2764 520 2832 Magnum
556 2768 794 2832 temporis
830 2768 1056 2833 spatium,
1093 2769 1240 2833 quod,
1293 2768 1448 2816 donec
1480 2769 1726 2817 invasione
1758 2769 1834 2818 fa-

156 2851 233 2896 cta
264 2847 454 2912 proelio
490 2847 826 2898 decertaretur
853 2847 964 2910 **)‚
1017 2849 1294 2899 necessario
1327 2849 1694 2911 intercedebat,
1741 2866 1837 2899 uno

156 2926 297 2975 chori
332 2929 547 2977 carmine
583 2929 833 2993 expletum
869 2945 982 2977 esse
1026 2931 1283 2992 quominus
1318 2933 1603 2991 statuam11S‚
1638 2930 1707 2978 nil
1740 2931 1833 2977 im-

156 3005 310 3071 pedit.
394 3007 566 3071 Itaque
617 3014 721 3057 tota
770 3024 935 3057 rerum
985 3015 1233 3073 gestarum
1284 3010 1438 3059 series
1489 3011 1654 3057 statim
1700 3011 1835 3059 finito

158 3088 376 3137 carmine
425 3105 452 3137 a
494 3090 662 3138 nuntio
707 3090 864 3152 potuit
908 3089 1170 3153 explicari:
1222 3091 1357 3139 cuius
1405 3089 1694 3139 narrationis
1739 3090 1836 3140 fra-

157 3172 424 3230 gmentum,
461 3185 522 3217 ex
558 3169 679 3218 Attii
714 3185 865 3234 opere
900 3169 1226 3234 depromtum,
1260 3172 1357 3221 hoc
1390 3175 1638 3220 servaturt

225 3286 268 3341 ³⁹)
299 3286 483 3344 Fragm.
511 3288 596 3330 inc.
625 3287 724 3330 241.

226 3356 268 3409 *)
297 3358 506 3414 Hyginus
520 3361 546 3401 1.
560 3361 613 3402 Lx
640 3364 718 3412 „et
741 3359 876 3402 armis
898 3359 1118 3402 contendit
1140 3373 1240 3401 cum
1253 3357 1425 3415 opopa,
1448 3359 1724 3416 Agriifilio.”
1751 3359 1837 3401 Pro

296 3427 456 3484 Opopa
472 3443 527 3472 an
550 3430 587 3472 L
600 3446 665 3487 yc
681 3445 706 3472 o
718 3447 747 3486 p
764 3446 788 3473 e
803 3444 830 3471 o
854 3430 1080 3486 scripserit
1098 3430 1319 3488 Hyginus,
1351 3443 1465 3485 quae
1485 3431 1673 3473 nominis
1693 3430 1837 3472 forma

296 3499 411 3551 apud
441 3501 762 3555 Apollodorum
789 3501 1024 3554 invenitur,
1054 3501 1154 3545 aliis
1183 3501 1517 3557 disquirendum
1545 3501 1757 3556 relinquo.
