2144 3854
1121 245 1242 302 282

1089 473 1262 543 Vll.

559 598 682 667 De
740 597 928 668 vita
983 598 1453 692 Euripidis
1513 599 1792 683 civili,

477 859 665 922 „Quam
691 864 895 910 matrem
921 860 1183 926 Euripides
1212 866 1297 910 aut
1326 876 1471 924 quem
1502 865 1691 926 patrem
1714 859 2007 912 Demosthe·

345 954 434 988 nes
452 939 699 999 habuerit,
732 941 952 1005 ipsorum
987 956 1179 1005 quoque
1212 940 1407 989 saeculo
1440 940 1658 1004 ignotum
1692 940 1800 992 fuit.
1866 942 2004 992 Alte·

343 1019 443 1068 rius
477 1026 641 1069 autem
673 1023 878 1068 matrem
914 1020 1064 1080 olera,
1098 1021 1300 1069 alterius
1352 1026 1541 1084 patrem
1576 1020 1801 1071 cultellos
1835 1022 2006 1071 vendi-

343 1103 492 1160 tasse,
541 1100 756 1148 omnium
789 1114 946 1163 paene
999 1099 1253 1150 doctorum
1302 1100 1496 1149 litterae
1546 1100 1822 1164 loquuntur.
1903 1101 2004 1150 Sed

342 1179 463 1242 quid
496 1179 626 1227 illius
659 1178 874 1241 tragica,
908 1179 1052 1228 huius
1086 1180 1294 1228 oratoria
1326 1180 1372 1228 vi
1407 1180 1582 1229 clarius
1596 1181 1654 1230 ‘3²’
1719 1181 1860 1230 Haec
1892 1184 2007 1231 sunt

340 1260 487 1307 verba
516 1256 699 1307 Valerii
713 1258 848 1309 Max.
873 1257 957 1318 ΙΙΙ,
985 1260 1034 1308 4.
1058 1265 1183 1307 extr.
1209 1261 1255 1310 2.
1303 1259 1555 1309 Simillima
1580 1266 1659 1310 est
1691 1262 1870 1310 summi
1893 1277 2004 1311 ora-

339 1338 464 1386 toris
498 1343 552 1386 et
585 1338 762 1386 summi
796 1342 973 1402 poetae
1007 1339 1253 1387 conditio:
1284 1339 1539 1403 utriusque
1571 1340 1702 1390 enim
1736 1341 1864 1390 vitae
1896 1356 2003 1390 me-

338 1418 490 1466 moria
534 1417 837 1465 aemulorum
883 1418 1295 1469 criminationibus
1342 1419 1623 1467 mendosior
1654 1419 1787 1470 facta
1816 1436 1874 1471 ac
1907 1421 2002 1471 de·-

335 1496 546 1545 sormata
580 1501 674 1544 est.
741 1496 924 1545 Notum
958 1504 1035 1545 est
1077 1503 1238 1546 autem
1274 1497 1651 1560 Aristophanem
1678 1500 1903 1550 omnibus
1929 1500 2002 1548 lo-

335 1577 408 1624 cis
442 1575 576 1625 olera
608 1576 778 1624 matris
813 1575 1038 1639 Euripidi
1069 1577 1347 1625 ioculariter
1379 1578 1624 1638 obiicere,
1657 1594 1715 1627 ac
1747 1594 1811 1628 ne
1841 1579 2004 1645 legiti-

333 1672 466 1704 mum
501 1656 700 1719 quidem
732 1656 856 1714 olus,
890 1657 979 1704 sed
1007 1656 1283 1705 scandicem
1309 1657 1369 1704 ab
1396 1673 1453 1705 ea
1486 1656 1726 1708 venditari
1753 1658 2003 1710 affirmare

336 1734 424 1800 (cf.
458 1735 661 1785 Thesm.
700 1738 809 1783 38¹1.
847 1737 979 1793 456„
1018 1735 1140 1787 Plin.
1173 1738 1237 1785 Η.
1274 1734 1334 1783 Ν.
1370 1735 1521 1797 ΧΧΙΙ,
1557 1736 1688 1801 38.)‚
1742 1739 1880 1789 cuius
1914 1756 2000 1788 au-

334 1817 612 1866 ctoritatem
649 1815 789 1877 sequi
826 1831 886 1863 ne
938 1815 1313 1880 Theopompum
1349 1816 1546 1879 quidem
1581 1818 1870 1868 historicum
1903 1837 1999 1884 pu-

332 1897 463 1955 duit;
509 1895 575 1946 cf.
613 1894 740 1943 Gell.
776 1891 884 1954 XV,
919 1898 1009 1954 20,
1047 1898 1090 1943 1.
1163 1896 1314 1958 Atqui
1363 1896 1410 1944 in
1456 1897 1798 1961 Aristophanis
1845 1899 1999 1963 ipsius

329 1975 495 2025 fabula
530 1974 1071 2037 Thesmophoriazuson
1106 1975 1323 2036 inerant,
1360 1975 1534 2039 quibus
1568 1978 1811 2025 mendacii
1843 1979 1997 2026 comi-

330 2072 418 2104 cus
453 2055 837 2103 convinceretur.
906 2054 988 2103 Sic
1023 2054 1148 2101 enim
1183 2053 1305 2102 facit
1336 2053 1697 2103 Mnesilochum
1718 2091 1732 2116 ‚
1767 2071 1995 2108 socerum

306 2133 596 2199 ‘Euripidis,
631 2138 913 2197 precantem
949 2137 1016 2191 (v.
1051 2135 1218 2193 290.):
1665 2202 1669 2203 ⁷

454 2210 543 2265 καὶ
576 2207 674 2277 τὴν
705 2210 976 2276 θυγατέρα
1010 2214 1214 2275 Χοῖρον
1247 2210 1439 2276 α’νδρός
1470 2230 1562 2277 μοι
1592 2216 1768 2280 τυχεῖν

456 2294 957 2353 πλουτοῦντος,
993 2294 1162 2351 ἄλλως
1195 2293 1243 2342 τ’
1277 2291 1496 2359 ἠλιθίου
1528 2292 1862 2359 κάβελτέρου,

326 2375 501 2440 quibus
531 2374 693 2423 verbis
716 2372 1057 2422 Mnesilochus
1092 2390 1166 2435 se,
1202 2373 1475 2422 divitias
1511 2374 1867 2439 EuripidiS,
1901 2376 1992 2425 Ιιο-

325 2456 467 2505 minis
501 2469 707 2518 nequam
729 2488 743 2510 ‚
777 2453 1133 2502 admirante
1153 2471 1199 2502 m
1222 2491 1236 2514 .,
1287 2454 1434 2501 filiam
1470 2455 1515 2502 ei
1548 2455 1597 2502 in
1630 2455 1990 2505 matrimonium

324 2535 594 2584 collocasse
641 2532 875 2583 declarat.
961 2532 1136 2595 Neque
1189 2540 1287 2581 tam
1339 2534 1600 2582 obscurum
1649 2534 1803 2583 fuisse
1835 2550 1990 2598 genus

321 2614 592 2679 Euripidis,
626 2618 683 2662 ut
716 2628 811 2660 non
845 2618 1015 2677 posset
1047 2612 1194 2677 facile
1228 2613 1287 2660 ab
1322 2613 1413 2671 iis,
1450 2614 1531 2677 qui
1567 2630 1763 2677 operam
1798 2615 2017 2682 veritati,

321 2695 492 2744 darent
524 2692 899 2756 investigandae,
935 2693 1083 2741 etiam
1119 2693 1494 2757 posteriorum&
1529 2695 1786 2758 cognosci,
1822 2693 1987 2742 Philo-

321 2775 527 2833 chorus,
580 2774 660 2838 qui
707 2772 770 2820 de
815 2771 1109 2836 Sophoclis,
1174 2772 1426 2836 Euripidis
1487 2772 1831 2836 Alcmanisque
1878 2773 1987 2819 vitis

320 2855 601 2918 scripserat,
637 2852 764 2916 apud
801 2851 1001 2900 Suidam
1038 2859 1088 2901 et
1112 2850 1491 2915 Moschopulum
1514 2851 1744 2911 ostendit,
1779 2867 1983 2914 quorum

318 2935 467 2982 verba
500 2933 623 2980 haec
658 2938 797 2981 sunt:
833 2930 1128 2997 Εὐριπίδης
1163 2930 1498 2995 Μνησάρχου
1530 2927 1564 2996 ἢ
1600 2929 1984 2995 Μνησαρχίδου

318 3009 407 3064 καὶ
443 3011 713 3073 Kamous,
749 3012 800 3062 οἳ
818 3012 1102 3078 φεύγοντες
1129 3010 1200 3071 εἰς
1222 3009 1486 3062 Βοιωτίαν
1519 3008 1838 3075 μετῴκησαν,
1873 3003 1983 3060 εἶτα

318 3088 378 3143 ἐν
421 3095 486 3157 τῇ
522 3085 740 3158 Ἀττικῇ.
805 3093 917 3144 Οὐκ
962 3091 1152 3158 ἀληθὲς
1200 3090 1284 3154 δὲ,
1335 3089 1404 3150 ὦς
1447 3089 1805 3154 λαχανόπωλις
1847 3083 1916 3156 ἦν
1946 3089 1983 3158 ἦ

318 3171 489 3239 μήτηρ
509 3170 703 3223 αὐτοῦ·
738 3171 959 3239 καὶγὰρ
993 3174 1118 3224 τῶν
1151 3171 1414 3238 σφόδρα
1448 3170 1743 3236 εὐγενῶν
1768 3167 1980 3235 ἐτύγχα-

319 3269 412 3304 νεν
457 3246 621 3313 οὖσα,
668 3251 739 3312 ὡς
787 3253 1076 3319 Φιλόχορος
1121 3251 1509 3303 ἀποδείκνυσιν.
1576 3250 1754 3300 Matris
1804 3268 1979 3300 nomen

317 3334 545 3399 Hyginus
577 3333 672 3383 fab.
710 3335 819 3383 161.
855 3335 1142 3384 Cleobulam
1173 3333 1359 3398 posuit,
1407 3346 1502 3394 quo
1547 3330 1656 3378 loco
1694 3331 1976 3395 Euripidem

317 3431 408 3480 pro
440 3413 678 3479 Apollinis
712 3414 812 3462 filio
845 3414 1066 3463 habitum
1117 3429 1230 3462 esse
1278 3410 1519 3461 ostendit:
1581 3410 1880 3475 „Euripides
1915 3423 1975 3458 ex
