2144 3854
1071 286 1194 342 34⁰

308 439 456 504 cipis!
524 437 627 495 Ne,
687 450 779 499 per
821 448 980 500 genua
1025 438 1079 481 te
1123 446 1294 481 omnes
1344 432 1477 479 omni
1525 431 1672 481 modo
1721 433 1967 505 supplices

307 532 532 575 oramus,
568 530 630 563 ne
663 513 845 561 liberos
880 512 1166 563 interficias.
1234 510 1380 560 Unde
1413 512 1557 560 istam
1593 512 1754 560 animo
1787 514 1968 562 atroci·—

305 602 455 645 tatem
489 609 668 653 sumes,
702 598 758 641 ut
790 592 962 640 liberis
985 608 1179 640 manum
1205 591 1393 639 iniicias
1418 590 1765 639 temerariam?
1832 591 1969 653 Quo-

305 675 450 722 modo
485 689 569 722 eos
605 673 884 736 adspiciens
917 688 945 719 a
981 671 1196 719 lacrimis
1230 671 1570 733 temperabis‘!
1638 670 1784 719 Haud
1818 671 1969 720 susti-

303 754 442 802 nebis
475 753 643 801 liberis
679 751 969 816 suppliciter
999 752 1370 815 procidentibus
1406 766 1529 799 nece
1574 755 1827 800 cruentam
1860 749 1968 812 pol-

303 834 442 882 luere
476 825 698 880 manum!

435 910 572 959 Misit
605 910 787 958 Medea
823 910 1032 974 aliquem
1069 910 1131 958 de
1166 910 1393 970 famulis,
1429 910 1514 972 qui
1547 909 1770 957 Iasonem
1803 922 1969 957 arces-

304 996 452 1040 seret.
519 991 677 1052 Quem
711 990 887 1038 blanda
921 991 1140 1038 oratione
1176 989 1356 1038 delenit
1389 1005 1565 1050 rogans
1587 1024 1600 1045 ,
1647 993 1700 1036 ut
1745 988 1968 1050 ignoscat

304 1071 458 1135 priori
491 1069 788 1126 iracundiae,
824 1070 1154 1131 simulansque
1177 1084 1232 1116 se
1261 1070 1555 1117 sententiam
1583 1074 1816 1126 mutasse,
1851 1082 1968 1132 pro-

305 1137 420 1200 bare
452 1150 643 1213 nuptias
678 1152 729 1195 et
764 1148 855 1195 sibi
893 1148 1040 1196 utiles
1075 1155 1126 1196 et
1159 1148 1318 1196 lasoni
1351 1149 1611 1208 honestas,
1663 1147 1843 1196 cedere
1875 1162 1968 1211 po-

303 1229 613 1286 tentioribus,
646 1226 775 1274 velle
809 1227 954 1274 etiam
990 1227 1219 1275 adiuvare
1252 1227 1437 1277 Iasonis
1471 1226 1672 1276 consilia
1711 1241 1968 1291 sponsam-

303 1324 400 1371 que
425 1308 547 1367 eius,
583 1306 710 1354 sicut
730 1320 936 1368 aequum
963 1306 1044 1365 sit,
1079 1305 1342 1355 oblectare.
1409 1307 1538 1355 Tum
1561 1306 1743 1355 liberos
1771 1321 1799 1353 e
1819 1306 1968 1354 domo

303 1391 560 1446 evocatoS,
607 1384 747 1448 quasi
794 1399 918 1447 pace
966 1385 1316 1446 reconciliata,
1361 1385 1559 1434 dextras
1602 1385 1732 1449 patri
1766 1385 1967 1450 iungere

303 1481 511 1528 eumque
545 1463 777 1527 amplecti
812 1463 965 1512 iubet.
1032 1463 1143 1512 Hoc
1178 1465 1294 1512 dum
1339 1466 1397 1514 fit
1445 1482 1473 1514 a
1517 1464 1714 1524 liberis,
1762 1468 1967 1528 repente

304 1545 531 1593 lacrimae
581 1542 790 1591 Medeae
836 1543 899 1590 de
945 1542 1096 1591 caede
1139 1560 1307 1592 eorum
1343 1544 1578 1609 cogitanti
1610 1547 1966 1608 prorumpunt3

303 1624 391 1673 sed
426 1625 588 1672 statim
623 1638 678 1670 se
713 1622 945 1685 colligens
979 1622 1167 1688 gratiae
1209 1624 1609 1672 reconciliatione
1641 1638 1698 1670 ae
1736 1626 1835 1670 tam
1882 1636 1967 1669 ve·-

301 1705 559 1753 hementer
593 1701 780 1750 moveri
814 1701 1023 1750 simulat.
1089 1700 1219 1750 Tum
1256 1719 1372 1752 vero
1396 1703 1554 1763 Iason,
1587 1700 1848 1750 admodum
1877 1700 1967 1750 be-

300 1784 492 1848 nignus,
525 1783 683 1845 ipsam
717 1781 912 1843 quidem
948 1781 1204 1842 collaudat,
1237 1783 1354 1830 filiis
1387 1791 1550 1831 autem
1586 1797 1643 1830 se
1674 1785 1967 1845 prospectu-

300 1878 410 1912 rum
445 1861 691 1921 ostendit,
747 1866 798 1908 et
831 1876 1032 1924 sperare
1067 1877 1152 1909 eos
1187 1862 1445 1925 aliquando
1480 1860 1765 1910 Corinthiae
1799 1866 1968 1909 terrae

301 1942 548 2005 principes
582 1940 691 1988 fore
725 1956 782 1987 ac
804 1940 1049 1988 timendos
1074 1939 1318 1988 hostibus.
1387 1941 1520 1989 Inter
1547 1941 1672 1989 haec
1699 1941 1829 1989 dicta
1854 1956 1965 1988 rur-

301 2036 385 2069 sus
418 2020 602 2068 Medea
633 2019 908 2082 pallescens
941 2033 1210 2081 aversoque
1245 2035 1332 2067 ore
1365 2019 1590 2067 lacrimas
1621 2019 1809 2079 fundit,
1843 2034 1964 2082 quaa

302 2115 412 2147 cum
446 2098 590 2145 Iason
624 2096 950 2144 sollicitudine
998 2096 1062 2144 de
1094 2096 1259 2145 futura
1293 2099 1558 2146 liberorum
1593 2104 1725 2146 sorte
1758 2097 1965 2146 excitari

300 2178 500 2232 credat,
542 2175 734 2223 facilius
770 2174 1030 2223 adducitur
1061 2176 1124 2224 ad
1157 2178 1528 2241 gratificandum
1568 2178 1714 2226 matri
1751 2178 1960 2242 roganti,

301 2261 357 2304 ut
401 2243 564 2304 exsilii
610 2254 946 2302 remissionem
992 2255 1107 2302 filiis
1141 2271 1169 2303 a
1204 2256 1416 2305 Creonte
1449 2257 1717 2320 impetrare
1750 2255 1964 2308 studeat.

303 2335 454 2384 Cuius
488 2335 780 2398 precationis
831 2334 1130 2383 adiuvandae
1175 2352 1346 2384 caussa
1377 2335 1559 2384 Medea
1594 2335 1721 2383 dona
1754 2350 1810 2384 se
1843 2336 1966 2384 dicit

301 2430 512 2479 sponsae
545 2415 930 2477 pretiosissima,
978 2430 1006 2461 a
1041 2414 1155 2462 Sole
1187 2416 1295 2479 ipso
1329 2416 1535 2475 tradita,
1582 2415 1782 2479 peplum
1817 2430 1963 2464 coro-

301 2509 510 2557 namque
543 2508 737 2541 auream
774 2491 984 2551 (veneno
1017 2494 1210 2542 scilicet
1240 2493 1477 2558 infecta),
1524 2495 1785 2543 missuram
1831 2509 1961 2554 esse,

301 2574 560 2636 statimque
592 2578 874 2621 ornamenta
906 2574 1126 2623 manibus
1161 2574 1423 2624 liberorum
1444 2575 1668 2638 imponit,
1702 2579 1854 2638 utque
1879 2589 1961 2623 re-

299 2652 443 2717 ginae
474 2652 572 2716 ipsi
604 2653 652 2699 in
684 2668 856 2701 manus
889 2653 1112 2713 tradant,
1161 2655 1301 2703 enixe
1349 2660 1541 2703 monet:
1591 2653 1724 2702 illam
1770 2653 1897 2702 enim
1931 2669 1961 2701 a

299 2731 396 2779 diis
430 2731 625 2796 augeri,
660 2731 793 2779 illam
826 2748 1064 2797 regnare,
1108 2733 1242 2782 illam
1275 2733 1464 2782 beatam
1502 2749 1614 2782 esse
1648 2732 1831 2781 debere
1861 2746 1961 2780 non

299 2825 411 2870 una,
431 2810 521 2859 sed
548 2810 682 2858 mille
702 2811 869 2859 rebus.
891 2837 956 2848 ·—
980 2811 1091 2860 Hoc
1113 2813 1329 2877 episodio
1345 2812 1674 2876 praestantius
1695 2810 1960 2875 quidquam

298 2888 504 2937 inveniri
537 2904 686 2952 posse
727 2905 869 2954 nego.
947 2890 1070 2939 Tam
1116 2891 1467 2940 admirabiliter
1513 2892 1642 2939 enim
1687 2892 1960 2940 miscentur

299 2981 382 3015 res
414 2967 791 3026 diversissimae,
826 2969 1071 3018 simulatio
1106 2975 1159 3019 et
1192 2971 1295 3019 veri
1318 2986 1491 3019 sensus
1517 2970 1823 3033 significatio,
1857 2974 1958 3018 tam

298 3046 581 3094 necessario
615 3046 770 3094 altera
803 3063 864 3095 ex
898 3048 1050 3097 altera
1082 3051 1315 3110 nascitur,
1348 3055 1448 3098 tam
1487 3054 1762 3112 opportune
1795 3063 1851 3096 se
1883 3048 1958 3096 in-

297 3124 454 3172 vicem
488 3124 739 3186 adiuvant,
790 3131 891 3174 tam
939 3129 1065 3177 scite
1110 3129 1171 3178 ad
1218 3145 1366 3178 unum
1411 3135 1634 3176 eventum
1670 3142 1765 3175 non
1797 3127 1957 3184 minus

297 3202 505 3252 fortuita
539 3220 681 3274 quam
717 3206 937 3267 quaesita
971 3207 1255 3272 diriguntur,
1289 3214 1390 3257 tam
1423 3213 1536 3271 apte
1562 3206 1710 3254 etiam
1739 3222 1865 3270 quae
1881 3206 1957 3254 in-

299 3286 378 3330 ter
410 3298 465 3331 se
499 3299 717 3348 pugnare
747 3284 971 3334 videntur
1005 3294 1301 3353 congruunt,
1336 3292 1517 3336 utnon
1549 3285 1762 3334 hominis
1798 3285 1955 3334 alicu-

299 3359 376 3409 ius
409 3367 545 3423 arte,
597 3362 687 3411 sed
732 3368 935 3412 naturae
978 3369 1273 3416 necessitate
1316 3373 1626 3430 procreatum
1661 3380 1773 3414 esse
1805 3368 1954 3430 putes

301 3453 454 3503 opus,
502 3441 640 3492 cuius
672 3441 969 3507 singularum
1001 3447 1213 3512 partium
1246 3462 1344 3498 non
1377 3446 1611 3510 simplex,
1667 3444 1755 3494 sed
1787 3443 1961 3494 multi-r
