2176 3874
1135 295 1260 353 366

487 448 596 511 Quo
617 446 714 494 iam
739 444 924 504 adulto,
955 441 1266 508 Polydectes‚
1295 458 1450 492 uxore
1475 459 1566 494 sua
1591 444 1795 506 amiso&
1810 455 2032 508 amorem

356 528 584 592 concepit
617 527 831 574 Danaes:
867 523 1004 572 cuius
1040 524 1339 574 connubium
1373 539 1521 587 quum
1555 530 1763 591 propter
1792 525 2032 577 Perseum

353 607 568 658 nancisci
601 621 697 654 non
731 609 929 668 posset,
976 604 1185 665 accidit,
1232 610 1288 653 ut
1331 605 1516 652 amicos
1551 605 1613 653 ad
1648 606 1920 655 convivium
1954 607 2032 656 in.-

352 689 559 746 vitat0s‚
594 686 645 734 in
679 686 853 749 quibus
888 690 998 734 erat
1030 685 1178 733 etiam
1212 685 1442 743 PerseuS,
1492 685 1768 749 symbolam
1803 687 2032 737 conferre

351 768 413 816 ad
475 765 835 830 Hippodamiae
890 767 1085 830 nuptias
1131 765 1446 814 celebrandas
1499 765 1708 814 iuberet.
1798 766 1877 815 Ex
1933 783 2032 832 quo

349 847 592 910 quaesivit
630 845 867 906 Perseus,
902 847 1153 894 cuiusnam
1188 846 1261 894 rei
1296 844 1564 910 symbolam
1602 845 1708 894 dari
1736 846 1946 907 iuberet,
1981 854 2033 897 et

349 942 459 976 cum
494 941 584 974 rex
614 927 982 990 respondisset:
1015 927 1217 989 „equi”‚
1251 931 1354 974 tum
1392 926 1491 985 ille,
1527 927 1664 989 atqui
1699 942 1816 990 ego,
1850 927 2030 991 inquit,

349 1011 498 1070 caput
530 1012 582 1054 ut
616 1006 851 1054 afferatur
886 1005 1148 1069 Gorgonis,
1185 1022 1379 1056 censeo.
1451 1005 1541 1054 Cui
1576 1022 1663 1055 rex
1697 1007 1747 1056 in
1781 1008 2032 1071 praesenti

347 1087 543 1151 quidem
578 1086 700 1134 nihil
734 1086 1015 1151 respondit,
1067 1092 1273 1149 postero
1308 1091 1468 1135 autem
1505 1087 1612 1149 die,
1649 1103 1799 1150 quum
1832 1087 2030 1137 confer-

346 1172 486 1215 retur
533 1166 781 1230 symbola,
830 1182 856 1213 a
901 1165 1106 1229 reliquis
1152 1165 1351 1228 quidem
1397 1182 1549 1230 equos
1584 1168 1806 1231 accepit,
1856 1166 2029 1217 Persei

345 1250 509 1295 autem
562 1263 739 1310 equum
787 1245 1068 1310 repudiavit
1130 1249 1182 1293 et
1235 1262 1326 1309 pro
1376 1262 1435 1295 eo
1486 1251 1637 1310 caput
1679 1248 1926 1312 Gorgonis
1972 1252 2030 1297 ut

345 1327 549 1375 afferret
582 1326 868 1390 imperavit,
903 1325 1080 1373 additis
1116 1326 1260 1373 minis
1304 1341 1384 1385 se,
1420 1327 1515 1375 nisi
1548 1328 1787 1393 imperata
1821 1327 2024 1376 effecis-

344 1412 445 1465 set,
482 1410 689 1454 matrem
724 1407 830 1454 eius
866 1404 1061 1452 Danaen
1106 1405 1155 1452 in
1191 1404 1553 1454 matrimonium
1589 1407 1869 1458 ducturum.
1933 1407 2025 1455 His

341 1486 523 1535 auditis
557 1486 848 1535 adolescens
886 1499 1112 1532 moerore
1147 1483 1381 1544 affectuS,
1417 1501 1544 1546 cum,
1580 1487 1827 1549 quomodo
1861 1486 2026 1552 impe-

340 1573 445 1616 rata
478 1563 735 1624 efficeret,
783 1582 880 1614 non
913 1564 1148 1621 haberet,
1196 1564 1246 1612 in
1281 1569 1552 1613 extremam
1598 1564 1807 1615 insulam
1855 1581 2025 1615 seces-

341 1647 437 1707 sit,
473 1647 557 1696 ubi
592 1647 899 1710 aegritudine
933 1644 1165 1693 confecto
1203 1644 1395 1692 obviam
1431 1644 1596 1693 factus
1633 1649 1710 1693 est
1743 1643 2023 1695 Mercurius

339 1733 408 1786 et,
445 1743 554 1775 cum
585 1742 808 1776 caussam
835 1726 1019 1774 doloris
1049 1724 1387 1789 quaesivisset,
1422 1725 1704 1774 consolatus
1730 1730 1810 1774 est
1842 1712 2023 1790 despe-

338 1813 531 1857 rantem
567 1812 715 1872 atque
766 1823 918 1872 opera
945 1805 1250 1870 consilioque
1277 1805 1473 1855 adiuvit.
1542 1806 1617 1855 Ab
1651 1805 1750 1855 hoc
1779 1805 1929 1871 igitur
1961 1806 2024 1855 ad

339 1887 597 1953 Gorgonas
647 1887 891 1936 deductus
938 1887 1188 1950 armisque
1231 1886 1450 1946 idoneis,
1497 1887 1672 1950 quibus
1708 1902 1794 1935 eas
1825 1887 2024 1938 vincere

335 1974 535 2033 posset,
571 1968 840 2017 instructus
876 1974 955 2016 est
972 1965 1042 2030 *).
1117 1967 1347 2024 Interim,
1385 1968 1514 2031 quod
1550 1968 1713 2016 subito
1746 1983 1776 2016 e
1809 1968 2020 2034 conspe-

335 2054 420 2097 ctu
454 2048 708 2096 hominum
743 2048 960 2107 abierat,
1005 2046 1137 2093 fama
1170 2061 1300 2105 eum,
1347 2045 1693 2110 desperatione
1740 2048 2018 2110 abreptum,

334 2129 383 2176 in
418 2127 573 2175 undas
607 2127 755 2174 maris
803 2141 858 2172 se
892 2125 1247 2189 praecipitasse
1292 2126 1555 2173 nuntiavit:
1604 2141 1729 2189 quae
1756 2125 1887 2174 fama
1920 2125 2018 2175 Po-

334 2207 560 2271 lydectae
594 2205 795 2269 quidem
830 2205 1098 2267 laetitiam,
1145 2204 1340 2252 Danaae
1383 2211 1550 2253 autem
1584 2204 1766 2253 luctum
1803 2206 2015 2271 peperit.

332 2286 503 2350 Itaque
551 2286 636 2334 ille
684 2287 779 2333 iam
827 2286 890 2334 ad
939 2285 1134 2350 nuptias
1180 2284 1499 2333 celebrandas
1547 2285 1729 2333 amicos
1764 2291 2016 2345 convocat,

331 2366 458 2416 haec
498 2365 932 2414 vehementissime
976 2365 1166 2411 afflicta
1210 2365 1362 2412 luctui
1412 2380 1471 2412 ac
1518 2364 1734 2411 moerori
1780 2364 2017 2429 indulget.

331 2447 448 2496 Abit
493 2444 674 2510 deinde
722 2444 1031 2504 Mercurius,
1089 2441 1256 2491 Danae
1297 2442 1346 2490 in
1395 2458 1596 2492 scenam
1643 2442 1939 2507 prodeunte
1964 2449 2019 2494 et

331 2542 442 2576 cum
477 2525 727 2589 praesenti
776 2525 903 2573 malo
938 2524 1087 2572 etiam
1121 2523 1283 2587 priora
1317 2530 1666 2587 conquerente.
1749 2523 1904 2574 Cuius
1938 2523 2016 2573 la-

330 2606 510 2655 mentis
557 2606 750 2654 excitae
789 2604 1023 2656 mulieres
1080 2603 1350 2652 familiares
1401 2609 1787 2668 congregantur,
1836 2612 2013 2653 'conso-

328 2687 476 2735 lando
523 2702 716 2748 unaque
759 2685 970 2733 dolendo
1020 2700 1126 2732 eam
1163 2685 1393 2732 adiuvare
1427 2683 1702 2731 studentes,
1768 2682 1864 2732 His
1898 2683 2012 2733 finis

328 2766 596 2831 imponitur
621 2765 807 2829 Dictyis
831 2766 1125 2825 interventu,
1161 2765 1258 2827 qui,
1284 2770 1337 2811 ut
1362 2779 1511 2811 senex
1531 2763 1693 2824 gravis
1717 2768 1770 2812 et
1797 2763 2009 2828 sapiens,

330 2847 413 2912 qui
462 2846 772 2910 philosophia
807 2861 898 2910 pro
945 2845 1188 2894 medicina
1232 2844 1381 2891 animi
1412 2843 1488 2892 uti
1521 2842 1778 2904 didicerit,
1823 2841 2008 2893 medio-

329 2927 484 2977 criter
519 2925 780 2973 dolendum
818 2942 931 2974 esse
963 2925 1161 2974 Danaen
1197 2924 1365 2972 docet:

460 3003 632 3063 δοκεῖς
665 3004 760 3054 τὸν
777 2998 964 3070 ’Ἅιδην
998 3000 1108 3055 sev
1140 3021 1191 3054 τι
1225 3000 1523 3068 φροντίζειν
1554 2999 1702 3066 γόων

457 3083 545 3136 καὶ
579 3084 723 3136 παῖδ’
758 3084 974 3152 ἀνήσειν
1006 3085 1102 3137 τὸν
1135 3084 1259 3147 σόν,
1294 3083 1340 3134 εἰ
1370 3081 1540 3143 θέλεις
1573 3080 1771 3133 στένειν
1781 3098 1799 3140 ,·

383 3284 433 3338 ἴῃ)
471 3284 571 3325 Huc
599 3283 747 3325 refero
776 3281 899 3325 Sexti
930 3282 1146 3338 Empirici
1175 3283 1331 3333 verba,
1363 3278 1438 3335 qui
1464 3280 1675 3334 pleraque
1705 3291 1758 3320 ex
1788 3275 2004 3332 Euripide

467 3353 719 3408 depromsit,
752 3353 852 3396 adv.
885 3354 1000 3395 rhet.
1021 3354 1077 3395 Π.
1118 3369 1162 3409 p.
1189 3352 1294 3395 308:
1327 3347 1496 3406 ψεκτὸς
1516 3347 1565 3391 δὲ
1606 3346 1630 3391 ὁ
1653 3345 1764 3398 Διὸς
1790 3344 2002 3406 Περσεύς,

466 3419 542 3467 ὅτι
587 3423 784 3481 πήραν
833 3422 1306 3482 περιηρτημένος
1360 3415 1462 3476 τὴν
1511 3416 1774 3476 ἄνυδρον
1820 3413 2001 3463 ὥδευε

466 3491 707 3551 Λιβύην.
