2144 3854
1179 280 1301 337 146

403 433 531 483 Tum
565 426 962 480 exercitationem
998 425 1220 491 corporis
1253 441 1350 475 non
1383 426 1541 474 minus
1581 424 1780 477 feminis
1829 444 1972 493 quam
2009 432 2079 479 vi-

401 514 469 562 ris
503 511 676 560 utilem
711 523 824 556 esse
858 507 1030 556 docet:

539 587 583 639 εἰ
618 582 665 638 δ’
698 585 772 646 εἰς
802 585 1009 652 γάμους
1042 585 1273 653 ἔλθοιμ’,
1310 581 1339 636 ὃ
1372 583 1443 651 μὴ
1478 585 1627 652 τύχοι
1658 585 1800 649 ποτέ,

532 669 642 720 τῶν
675 665 733 718 ἐν
766 666 1011 733 δόμοισιν
1043 666 1421 734 ἤμερευουσῶν
1453 664 1533 716 ἀεὶ

536 747 757 816 βελτίον’
792 746 860 799 ἂν
891 744 1092 814 τέκοιμι
1127 747 1365 813 δώμασιν
1396 746 1570 800 τέκνα.

534 828 592 883 ἐκ
623 828 726 896 γὰρ
758 829 958 894 πατρὸς
990 827 1079 881 καὶ
1111 827 1306 895 μητρὸς
1340 826 1475 889 ὄςτις
1509 825 1722 880 ἐκπονεῖ

535 909 763 975 σκληρὰς
797 909 1016 970 διαίτας,
1050 908 1102 960 οἱ
1133 909 1285 974 γόνοι
1318 909 1592 975 βελτίονες.

404 993 480 1044 De
514 993 866 1058 Spartanorum
899 992 1236 1040 institutorum
1270 992 1486 1042 utilitate
1521 997 1668 1055 atque
1701 991 1961 1040 honestate
1992 991 2087 1040 hoc

406 1090 602 1139 quoque
655 1073 763 1120 loco
799 1072 1125 1135 disceptatum
1163 1087 1276 1120 esse
1309 1076 1525 1136 apparet.
1597 1072 1782 1135 Aperte
1814 1086 1929 1119 vero
1963 1071 2087 1120 Ata-

406 1154 537 1203 lante
598 1152 794 1201 illorum
851 1152 1140 1200 auctoritate
1185 1167 1240 1200 se
1284 1153 1535 1201 tutabatur
1581 1152 1720 1200 hisce
1771 1157 1914 1201 utens
1963 1151 2088 1201 Attii

405 1233 594 1284 verbis:

536 1339 602 1349 ·-
668 1339 730 1348 —
796 1309 1160 1361 Lacaenae
1190 1312 1515 1376 virginea,

545 1392 751 1455 queis
784 1392 972 1457 magi'
1003 1393 1403 1458 palaestra,
1446 1392 1741 1453 Eurota,
1774 1393 1907 1454 sol,
1938 1393 2088 1458 pul—

1244 1473 1373 1533 υἰε,
1408 1473 1427 1520 l
1441 1473 1609 1532 abac,

544 1549 812 1600 Militia
859 1548 1087 1599 studio
1135 1557 1266 1611 est,
1315 1567 1501 1617 quam
1547 1551 1904 1614 fertilitas
1951 1551 2088 1601 bar-

1242 1630 1271 1678 b
1286 1647 1318 1678 α
1331 1648 1355 1678 r
1370 1648 1402 1680 a
1421 1630 1488 1702 ²³).

413 1715 548 1772 Eine,
585 1711 760 1775 inquit,
794 1709 988 1773 generis
1008 1708 1208 1770 femina,
1244 1725 1369 1774 quae
1391 1711 1494 1759 sola
1519 1711 1652 1759 viros
1682 1726 1860 1774 parere
1892 1710 2092 1775 solaque

412 1796 639 1843 libertate
674 1790 746 1838 uti
782 1794 975 1852 potest,
1027 1789 1131 1837 sola
1164 1791 1308 1853 digna
1342 1797 1449 1850 est,
1505 1808 1649 1856 quam
1682 1791 1770 1839 viri
1804 1791 2010 1856 diligant
2042 1795 2094 1840 et

411 1877 688 1930 vereantur,
722 1868 973 1932 multoque
1004 1870 1347 1932 praestantior,

548 1952 747 2015 Quam
797 1949 1025 1996 ‘invita
1084 1949 1457 2011 ancillans,
1525 1949 1714 1999 dicto
1761 1949 2091 2000 obediens

780 2036 789 2043 ²
1264 2029 1410 2078 viri

414 2114 598 2163 Contra
628 2111 753 2158 haec
784 2123 956 2156 rursus
991 2113 1267 2157 accusator:

546 2188 708 2240 Μισῶ
742 2189 998 2253 γυναῖκας
1031 2214 1096 2224 -
1131 2217 1218 2246 -.‚
1255 2184 1313 2240 ἐκ
1345 2188 1531 2239 πασῶν
1564 2187 1622 2239 δὲ
1655 2186 1730 2248 σε’,

542 2269 658 2338 ἥτις
687 2266 899 2334 πονηρὰ
930 2262 1078 2334 τᾶργ’
1111 2261 1287 2332 ἕχουσ’
1315 2267 1382 2319 ἔτ’
1418 2262 1476 2320 εὖ
1507 2267 1685 2334 λέγεις.

548 2432 660 2492 πῶς
693 2423 795 2481 οὖν
826 2429 895 2480 ἔτ’
931 2427 998 2480 ἂν
1029 2427 1221 2495 γένοιτ’
1255 2427 1323 2480 ἂν
1356 2431 1602 2491 εὔτακτος
1634 2429 1798 2493 πόλις,

549 2511 593 2563 εἰ
624 2509 886 2577 κερκίδων
918 2507 1015 2575 μὲν
1046 2508 1302 2572 ἀνδράσιν
1335 2509 1482 2577 μέλοι
1514 2511 1693 2573 πόνος,

546 2591 756 2658 γυναιξὶ
790 2590 835 2643 δ’
869 2589 1049 2642 ὅπλων
1082 2586 1352 2656 ἐμπέσοιεν
1384 2591 1577 2659 ἡδοναί
1586 2612 1607 2652 ,·

549 2671 608 2724 ἐκ
643 2676 736 2741 τῆς
769 2669 1050 2739 ἐπιστήμης
1081 2671 1184 2738 γὰρ
1219 2670 1602 2732 ἐκπεπτωκότες

548 2753 715 2806 κεῖνοί
746 2755 791 2803 τ’
826 2751 894 2804 ἂν
930 2752 1089 2804 οὐδὲν
1123 2747 1229 2803 εἶεν
1263 2747 1382 2804 οὔθ’
1410 2752 1558 2818 ὑμεῖς
1590 2751 1662 2803 ἔτι
1677 2750 1774 2816 **).

417 2835 557 2885 Haec
589 2851 747 2900 paene
781 2836 843 2884 ad
877 2836 1081 2884 verbum
1115 2834 1399 2884 reddiderat
1432 2835 1614 2894 Attius,
1651 2832 1699 2880 id
1736 2830 1864 2896 quod
1900 2846 1963 2881 ex
2000 2833 2096 2881 hoc

416 2931 565 2964 versu
597 2915 912 2978 intelligitur:

487 3047 538 3100 *)
566 3047 749 3102 Fragm.
784 3047 869 3089 inc.
899 3052 1017 3104 trag.
1047 3063 1090 3089 n.
1117 3047 1188 3089 24.
1244 3047 1311 3089 Ad
1349 3047 1467 3087 hanc
1494 3045 1774 3102 tragoediam
1800 3048 1921 3100 recte
1946 3044 2099 3087 retulit

557 3116 730 3160 Welck.
773 3132 818 3172 p.
862 3116 959 3160 761.
1028 3118 1238 3161 Testatur
1273 3117 1390 3167 enim
1426 3116 1635 3159 Nicolaus
1675 3115 1719 3158 in
1758 3115 1892 3158 Rhet.
1924 3129 1994 3171 gr.
2025 3115 2095 3156 ed.

558 3186 701 3228 Walz.
731 3187 786 3241 11,
817 3186 925 3229 276:
973 3186 998 3232 ὁ
1029 3186 1070 3231 δ’
1100 3181 1159 3231 αὖ
1181 3183 1435 3246 Εὐριπίδης
1463 3187 1731 3242 φιλοσοφῶν
1758 3185 1842 3236 τὰς
1869 3185 2097 3228 Λακεδαι·

559 3257 730 3311 μονίων
757 3254 898 3314 κόρας
917 3256 1311 3313 σνγγνμνᾶζεσθαι
1327 3261 1424 3306 τοῖς
1445 3256 1565 3308 νέοις
1582 3258 1738 3314 φησίν,
1771 3250 1856 3300 ov'u
1873 3251 2096 3312 ἀκρασίαν

553 3328 842 3384 κατηγορῶν,
886 3325 999 3372 ἀλλὰ
1039 3327 1124 3384 τὴν
1161 3326 1316 3385 ῥώμην
1343 3323 1647 3385 ἓκατὲροις”ἐξ
1687 3327 1790 3370 ἴσον
1826 3324 1986 3376 &dofle
2011 3323 2096 3370 οἷν-

556 3394 691 3454 δράσι
719 3413 768 3440 τε
794 3398 872 3441 καὶ
902 3394 998 3453 ἅμα
1024 3397 1119 3454 μετ’
1148 3398 1346 3448 ἐκείνους
1374 3401 1475 3448 ταῖς
1502 3397 1725 3454 γυναιξίν.

446 3469 527 3521 *ἢ
558 3468 700 3524 Vulgo
731 3464 839 3511 οὔθ’
868 3464 997 3523 ἡμεῖς
1025 3468 1104 3511 ἔτι.
1134 3468 1449 3512 Valckenarius
1478 3468 1635 3511 maluit
1661 3470 1823 3511 κεῖναι.
