2144 3854
1099 292 1220 350 270

465 437 747 503 „Coniugia
779 443 838 486 ut
873 437 1128 504 quondam
1145 440 1389 504 flagrans
1424 439 1634 491 advenit
1670 456 1852 503 maore,

592 517 963 568 Protesilaeam
994 517 1287 569 Laodamia
1321 520 1524 571 domum

465 597 815 665 Inceptum
845 586 1149 663 siustra,
1197 599 1423 651 nondum
1469 617 1584 652 cum
1626 601 1884 668 sanguine
1911 617 1998 652 aa·

1179 697 1264 730 cro

594 758 786 810 Hostia
820 760 1084 810 coelesteis
1113 761 1441 827 pacificasset
1475 760 1656 811 heroa’'
1689 766 1787 812 etc.

459 837 664 902 „Quam
699 840 876 888 ieiuna
904 841 1050 906 pium
1084 840 1341 890 desideret
1376 858 1471 890 ara
1507 858 1753 904 cruorem,

590 919 761 968 Docta
797 926 872 969 est
908 921 1092 970 amisso
1125 919 1417 969 Laodamia
1448 923 1574 982 viro,

466 997 709 1066 Coniugis
745 1004 869 1048 ante
903 1007 1084 1049 coacta
1116 1001 1237 1049 novi
1267 999 1531 1049 dimittere
1565 1000 1767 1064 collum,

595 1078 760 1141 Quam
787 1080 998 1128 veniens
1032 1095 1139 1128 una
1172 1086 1327 1145 atque
1361 1081 1530 1128 altera
1562 1096 1740 1129 rursus
1772 1079 1949 1132 hiems.

463 1156 716 1208 Noctibus
749 1159 804 1206 in
837 1159 1003 1224 longis
1036 1158 1244 1207 avidum
1275 1160 1520 1208 satiasset
1556 1176 1798 1220 amorem,

589 1237 765 1287 Posset
798 1243 857 1286 ut
892 1238 1110 1304 abrupto
1142 1239 1317 1288 vivere
1349 1240 1623 1304 coniugio.-

463 1317 609 1381 Quod
640 1317 841 1367 scibant
874 1317 1073 1367 Parcae
1105 1334 1209 1367 non
1241 1318 1394 1384 longo
1426 1326 1658 1385 tempore
1693 1318 1885 1415 abesse.
1928 1358 1931 1362 .

588 1396 652 1446 Si
684 1398 832 1446 miles
863 1414 1034 1448 muros
1066 1400 1187 1448 isset
1223 1398 1293 1448 ad
1327 1398 1568 1450 Iliacosss’

327 1476 453 1527 Cum
502 1492 598 1541 quo
643 1478 897 1543 conspirat
939 1478 1182 1528 Lucianus
1217 1477 1275 1527 D.
1310 1477 1381 1526 Μ.
1417 1480 1507 1527 19·
1555 1475 1859 1544 ἡμιτελῆ
1875 1475 1999 1543 μὲν

328 1556 446 1607 τὸν
481 1555 603 1620 δόμ
619 1573 696 1607 ον
727 1556 1045 1618 καταλιπών,
1076 1557 1244 1625 χήραν
1267 1554 1325 1607 δὲ
1348 1554 1446 1623 τὴν
1467 1557 1735 1622 νεόγαμον
1747 1559 1997 1624 γυναῖκα.

327 1637 503 1688 Demta
551 1638 804 1687 vulnerum
854 1639 1142 1702 cruorisque
1197 1637 1438 1687 foeditate
1484 1640 1735 1703 pristinam
1789 1638 2000 1689 formam

326 1734 586 1767 reversuro
644 1733 706 1766 ex
766 1718 940 1767 inferis
988 1718 1342 1768 restituendam
1387 1718 1543 1767 fuisse
1587 1720 1733 1768 docet
1775 1718 1998 1768 eiusdem

324 1797 528 1847 Luciani
562 1797 856 1863 Proserpina
891 1798 951 1847 D.
987 1799 1058 1849 M.
1095 1799 1191 1848 23:
1246 1796 1477 1858 οὐκοῦν,
1527 1789 1571 1848 ὦ
1602 1799 1762 1863 ἄνερ,
1810 1789 1880 1848 σὺ
1911 1794 2002 1850 καὶ

325 1879 468 1928 τοῦτ’
498 1876 661 1937 ἰἀσαι,
688 1875 775 1928 καὶ
799 1876 892 1928 τὸν
917 1871 1121 1946 Ἑρμῆν
1144 1875 1411 1942 κέλευσον,
1446 1875 1658 1930 ἐπειδὰν
1680 1877 1738 1930 ἐν
1763 1882 1837 1945 τῷ
1861 1875 2001 1945 φωτὶ

325 1957 428 2024 ἤδη
464 1956 494 2009 ὁ
531 1957 898 2022 Πρωτεσίλαος
930 1953 995 2023 ᾗ,
1042 1958 1404 2023 καθικόμενον
1449 1965 1516 2025 τῇ
1563 1957 1746 2026 ῥάβδῳ
1778 1957 1999 2011 νεανίαν

326 2033 492 2099 εὐθὺς
515 2038 681 2090 καλὸν
707 2037 1107 2104 ἀπεργάσασθαι
1130 2038 1310 2098 αὐτόν,
1346 2032 1457 2098 οἶος
1480 2033 1549 2105 ἦν
1574 2036 1631 2090 ἐκ
1654 2043 1754 2091 τοῦ
1773 2042 1995 2091 παστοῦ.

454 2121 713 2170 Protesilai
759 2121 983 2171 umbram
1028 2120 1192 2168 media
1241 2125 1387 2168 nocte
1430 2121 1482 2168 in
1527 2135 1723 2169 scenam
1770 2121 2000 2186 prodisse

324 2201 551 2265 suspicor
596 2205 744 2264 atque
788 2201 1028 2266 expositis
1061 2201 1149 2261 iis,
1196 2215 1323 2263 quae
1357 2205 1408 2248 et
1441 2199 1620 2249 Troiae
1654 2206 1706 2249 et
1736 2202 1785 2250 in
1819 2201 1999 2250 Phthia

324 2286 466 2346 gesta
500 2287 640 2329 erant
653 2279 719 2343 ²²²),
753 2297 815 2330 ex
850 2281 982 2330 Orco
1018 2296 1074 2329 se
1105 2280 1367 2328 reductum
1402 2295 1430 2328 a
1458 2279 1708 2329 Mercurio
1738 2296 1869 2340 esse,
1905 2281 2001 2330 diis

323 2359 496 2409 inferis
531 2359 826 2410 Laodamiae
859 2362 1089 2425 precibus
1140 2360 1431 2421 commotis,
1483 2360 1776 2411 ostendisse.
1841 2360 1999 2411 Tecta

324 2439 420 2488 sibi
452 2441 637 2488 intrare
670 2441 746 2489 sas
781 2457 894 2490 esse
927 2441 1148 2506 negavit:

457 2518 523 2569 οὐ
556 2518 657 2585 γὰρ
690 2517 845 2585 θέμις
878 2519 1106 2585 βέβηλον
1139 2516 1396 2569 ἅπτεσθαι
1429 2518 1624 2583 δόμων.

325 2599 554 2649 Recessit
586 2601 737 2665 igitur
770 2602 848 2650 his
885 2602 1127 2666 expositis
1161 2607 1309 2664 atque
1333 2601 1383 2648 in
1406 2602 1683 2665 propinquo
1706 2600 1868 2666 aliquo
1889 2601 2002 2650 loco

324 2680 595 2729 collocatus
631 2682 967 2746 exspectabat,
1005 2683 1122 2731 dum
1156 2697 1281 2730 uxor
1313 2681 1555 2746 prodiret,
1591 2686 1646 2729 ut
1675 2681 1788 2746 ipse
1818 2680 2001 2730 debris

323 2759 750 2824 lamentor-umque
784 2761 1001 2810 mulieris
1037 2761 1181 2809 testis
1215 2760 1373 2809 fieret.

455 2839 624 2889 Potuit
674 2841 853 2890 deinde
889 2858 999 2890 cum
1035 2841 1196 2905 primo
1231 2855 1372 2888 mane
1404 2838 1668 2887 Laodamia
1701 2853 1762 2887 ex
1795 2838 2000 2890 aedibus

320 2919 537 2985 prodire.
578 2920 781 2974 ⁴Somni
817 2920 1027 2986 quodam
1062 2920 1169 2968 viso
1206 2935 1313 2969 eam
1347 2917 1570 2967 territam
1607 2916 1766 2967 fuisse
1790 2933 1852 2968 ex
1879 2917 1998 2968 Ovi-

322 2998 406 3047 dio
439 2999 618 3064 colligo
655 3000 799 3065 (Her.
824 3000 953 3060 xm,
986 2998 1105 3064 109)
1125 2999 1241 3058 *'‘):

451 3078 729 3153 „Sed—tua
765 3096 856 3130 cur
887 3081 1030 3129 nobis
1060 3081 1266 3147 pallens
1300 3077 1522 3127 occurrit
1555 3077 1765 3141 imago?

590 3157 693 3207 Cur
725 3161 870 3209 venit
905 3177 939 3210 a
972 3161 1138 3210 verbis
1169 3159 1337 3209 multa
1369 3156 1583 3223 querela
1613 3157 1756 3206 tuis?
1789 3227 1792 3229 -

392 3355 437 3410 *)
465 3353 677 3398 Philostr.
716 3355 827 3397 Her.
858 3370 903 3410 p.
933 3355 1032 3399 633.
1065 3356 1127 3398 D:
1181 3354 1301 3410 πλήν
1349 3367 1401 3408 γε
1441 3347 1513 3396 ὅτι
1552 3347 1793 3395 ἀποθάνοι
1817 3347 1900 3408 μὲν
1938 3345 2000 3394 δι’

461 3423 641 3480 Ἑλένην
668 3423 717 3469 ἐν
753 3427 908 3484 Τροίᾳ,
939 3423 1147 3483 ἄναβιῴη
1176 3424 1227 3469 δὲ
1256 3423 1315 3469 ἐν
1345 3423 1516 3482 Φθίᾳ,
1547 3422 1839 3479 Λαοδαμείας
1860 3418 1998 3481 ἐρῶν.

351 3495 430 3551 *ἢ
458 3496 510 3539 Ιιι
539 3496 699 3541 eadem
729 3495 946 3541 sententia
974 3499 1042 3539 est
1072 3496 1245 3539 Welck.
1272 3509 1318 3550 p.
1345 3491 1446 3538 495.
