2176 3874
954 299 1078 359 459

187 452 394 516 Quibus*
413 449 595 501 auditis
628 450 714 500 Ino
749 449 813 499 de
846 449 1064 498 moribus
1111 447 1408 514 ingenioque
1441 463 1532 498 suo
1563 450 1711 501 verba
1744 448 1866 500 facit

190 534 296 591 sic,
332 538 387 582 ut
421 547 617 580 omnem
654 530 1014 580 dubitationem
1049 529 1270 577 aemulae
1305 529 1497 578 demat:

323 609 603 676 ἐπίσταμαι
638 609 695 661 δὲ
729 608 891 661 πάνθ’
929 606 1008 658 ὅσ’
1046 606 1233 675 εὐγενῆ
1268 606 1451 674 χρεών,

326 696 483 759 σιγᾶν
515 694 572 742 θ’
607 689 747 762 ὅπου
781 685 880 757 χρὴ
913 686 1002 740 καὶ
1035 687 1204 754 λέγειν
1238 687 1306 739 ἵν’
1341 687 1589 754 ἀσφαλές,

321 771 456 836 ὁρᾶν
488 774 547 824 θ’
581 773 615 823 ἃ
650 772 733 824 δεῖ
760 787 825 836 με
856 768 988 834 κούχ
1022 768 1157 833 ὁρᾶν
1192 769 1226 819 ἃ
1259 767 1330 835 μὴ
1363 768 1563 834 πρέπει,

321 852 547 919 γαστρὸς
580 856 789 920 κρατεῖν
823 848 911 902 δέ·
947 848 1036 902 καὶ
1068 849 1170 915 γὰρ
1207 846 1266 900 ἐν
1297 853 1542 902 κακοῖσιν
1576 844 1691 904 οὗσ’

324 930 687 999 ἐλευθέρωσιν
718 929 1135 996 ἐμπεπαίδευμαι
1167 930 1386 995 τρόποις
1403 931 1474 997 *).

192 1013 330 1076 Quae
380 1017 608 1081 ambigue
653 1015 811 1064 omnia
859 1014 989 1063 dicta
1041 1029 1154 1063 esse
1201 1018 1424 1078 apparet.
1513 1011 1639 1062 Cum
1693 1013 1872 1064 deinde

191 1092 451 1146 Themisto
483 1098 612 1145 intro
645 1095 848 1156 abisset,
875 1094 959 1142 lno
994 1094 1129 1142 haud
1163 1093 1385 1143 obscuris
1417 1094 1580 1143 verbis
1613 1094 1872 1142 consilium

194 1191 336 1225 suum
370 1177 576 1242 aperuit.
661 1173 918 1238 Tanquam
966 1175 1061 1223 iam
1096 1180 1238 1240 parta
1269 1174 1472 1223 victoria
1506 1175 1602 1224 sibi
1632 1174 1874 1239 gratulata

193 1263 273 1305 est
305 1273 433 1306 nunc
466 1257 664 1305 demum
716 1254 767 1303 in
818 1254 1083 1320 pristinum
1131 1255 1361 1303 fortunae
1407 1260 1694 1304 Statumae
1727 1254 1874 1304 resti-

193 1337 290 1398 tui,
338 1353 468 1387 nunc
512 1336 831 1397 felicitatem,
878 1335 964 1383 diu
1011 1334 1254 1400 sopitam,
1300 1334 1442 1400 quasi
1489 1350 1520 1384 e
1552 1349 1728 1384 somno
1761 1350 1872 1384 sus-

194 1416 364 1465 citari:

327 1492 561 1547 εὕδουσα
597 1493 646 1546 δ’
674 1489 846 1554 Ἰνοῦς
879 1492 1133 1561 συμφορὰ
1164 1486 1339 1546 πολὺν
1369 1493 1568 1561 χρόνον

325 1580 431 1627 νῦν
464 1577 587 1643 ὄμμ’
624 1573 808 1642 ἐγείρει
824 1573 922 1641 **).

200 1655 390 1720 Quibus
426 1658 571 1708 dictis
607 1658 668 1706 ad
701 1673 810 1706 rem
842 1657 1194 1722 perficiendam
1232 1657 1283 1706 in
1316 1658 1466 1706 aedes
1501 1672 1557 1705 se
1591 1656 1811 1707 contulit.

326 1738 521 1788 Chorus
565 1754 710 1804 opem
756 1737 988 1798 deorum,
1051 1753 1113 1787 ex
1170 1753 1379 1802 quorum
1438 1738 1594 1802 stirpe
1652 1739 1878 1804 prognati

198 1822 312 1866 sunt
344 1818 520 1880 liberi,
553 1818 883 1882 auxiliumque
915 1818 1178 1883 implorat,
1229 1823 1285 1866 ut
1318 1823 1614 1868 succurrant
1647 1819 1877 1869 caedem-

199 1913 294 1962 que
328 1899 567 1948 nefariam
600 1903 817 1948 arceant.

329 1979 483 2029 Redit
514 1981 563 2028 in
597 1995 793 2029 scenam
827 1979 931 2039 Ino,
968 1994 1084 2027 suos
1119 1979 1302 2028 liberos
1335 1979 1470 2028 vivos
1504 1995 1648 2028 manu
1676 1980 1881 2043 ducens,

199 2057 539 2109 Themistonis
597 2065 761 2109 autem
815 2057 1105 2108 interfectos
1156 2059 1207 2108 in
1255 2066 1526 2124 conspectu
1577 2075 1768 2126 ponens
1813 2061 1882 2109 si-

201 2139 404 2204 mulque
453 2156 591 2202 rem,
641 2140 887 2205 quomodo
934 2143 1075 2203 gesta
1111 2139 1205 2199 sit,
1256 2155 1522 2204 exponens.
1589 2140 1770 2191 Adfuit
1799 2141 1884 2190 illa

199 2218 514 2270 Themistoni
547 2220 751 2270 caedem
784 2220 1024 2287 patranti3
1068 2236 1124 2268 re
1157 2225 1385 2285 peracta,
1425 2219 1554 2268 hanc
1585 2220 1731 2270 iussit
1764 2236 1883 2271 con-

198 2301 337 2349 tinuo
373 2317 403 2350 e
436 2301 660 2349 cubiculo
695 2302 831 2350 abire
864 2306 915 2349 et
949 2316 1142 2358 curare,
1170 2306 1224 2350 ut
1257 2301 1308 2348 in
1341 2300 1635 2350 famularum
1668 2301 1883 2366 aliquam

201 2379 388 2429 crimen
422 2396 531 2429 cum
569 2397 659 2444 spe
693 2379 897 2428 fallendi
924 2381 1252 2429 conferretur.
1316 2379 1445 2429 Tum
1470 2380 1732 2431 celerrime
1766 2398 1882 2432 suos

202 2459 384 2509 liberos
419 2476 449 2509 e
484 2459 709 2510 cubiculo
743 2460 963 2521 deduxit,
998 2466 1079 2520 ut,
1114 2460 1399 2526 priusquam
1435 2476 1578 2509 error
1616 2476 1884 2525 cognosce-

202 2546 359 2601 retur,
389 2540 564 2589 ultioni
597 2540 818 2588 aemulae
852 2540 1186 2590 subtraheret.
1242 2540 1463 2603 Quorum
1489 2540 1724 2590 maiorem
1749 2547 1882 2604 natu,

202 2619 497 2682 Learchum,
517 2621 580 2669 ad
613 2623 803 2685 patrem
840 2637 896 2670 se
931 2620 1160 2670 conferre
1194 2626 1244 2670 et
1271 2620 1531 2670 comitibus
1566 2621 1674 2669 eius
1709 2637 1764 2670 se
1798 2621 1885 2671 ad-

202 2699 407 2765 iungere
438 2701 596 2762 iubet,
631 2717 792 2764 neque
827 2702 964 2765 prius
999 2702 1201 2750 domum
1235 2703 1418 2762 redire,
1447 2717 1591 2766 quam
1625 2701 1766 2750 finita
1800 2718 1886 2751 ve-

203 2781 403 2830 natione
438 2787 583 2847 pater
615 2787 906 2830 revertatur.
975 2782 1223 2843 Alterum,
1258 2780 1599 2844 Meficertem,
1632 2787 1741 2831 tuto
1774 2781 1886 2832 loco

206 2861 255 2910 in
288 2861 467 2910 vicinia
499 2861 897 2911 abscondendum
935 2867 1089 2911 curat.

338 2941 662 3008 interpositus
690 2947 766 2991 est
789 2942 986 3004 chorum,
1014 2958 1110 3006 quo
1135 2941 1311 2992 nefarii
1342 2942 1577 2992 facinoris
1602 2941 1780 2991 horror
1801 2958 1888 2991 ex-

208 3022 534 3088 primeretur,
583 3038 679 3087 quo
729 3022 946 3072 clamore
981 3023 1196 3072 excitata
1228 3022 1491 3073 Themisto
1527 3038 1889 3087 accurrensque

207 3103 258 3152 in
293 3119 499 3168 corpora
533 3103 801 3153 liberorum
838 3120 926 3153 sua
950 3120 1096 3153 manu
1120 3104 1494 3155 interfectorum
1520 3103 1710 3153 incidit.
1755 3103 1888 3153 Mul-

209 3188 311 3233 tum
367 3184 528 3234 fuisse
575 3185 866 3250 Euripidem
918 3169 984 3233 in‘
1017 3184 1188 3235 dolore
1242 3187 1412 3236 matris
1472 3184 1779 3235 ostendendo
1839 3188 1890 3233 et

268 3366 320 3421 ²⁸)
352 3366 422 3409 cf.
450 3368 730 3411 Schneidew.
762 3367 901 3410 Conii.
933 3367 1047 3411 critt.
1078 3383 1122 3424 p.
1151 3367 1221 3410 62.
1290 3369 1461 3424 Quarto
1502 3379 1635 3409 versu
1666 3357 1771 3410 ὀὔατ’
1808 3379 1890 3420 pro

355 3431 421 3479 ὧν
447 3438 655 3494 reposui3
686 3442 884 3482 ceterum
912 3438 1016 3481 vide
1044 3439 1198 3483 valck.
1227 3439 1369 3482 Diatr.
1400 3454 1446 3494 p.
1474 3436 1574 3480 175.

243 3507 320 3562 *ἢ
348 3507 494 3564 Vulgo
524 3509 690 3555 ἰδοῦσα
718 3524 800 3566 pro
830 3506 1046 3555 εὕδουσα.
1104 3509 1307 3555 Correxit
1334 3509 1612 3554 Welckerus.
