2144 3854
953 316 1030 371 81

277 459 389 512 ἀλλ’
425 453 593 521 εὐθὺς
625 459 764 529 αὐδᾷ
780 474 794 497 v·
829 463 938 525 ,,τῷ
974 458 1256 527 Κορινθίῳ
1291 457 1453 529 ξένῳ”
1469 462 1538 529 *).

277 620 388 689 ἵησι
419 620 650 687 λάταγας
681 624 789 686 ,,τῷ
822 618 1104 688 Κορινθίῳ
1141 617 1304 685 ξένῳ”
1330 621 1431 686 **).

275 782 476 833 τοιαῦτ)
509 779 682 831 ἀλύει·
715 778 1146 846 νουθετούμενος
1179 779 1228 831 δ’
1263 776 1397 846 ἔρως

273 864 474 930 μᾶλλον
505 859 679 923 πιέζει.

143 944 348 994 Nutrice
381 946 430 993 in
462 944 659 991 domum
694 956 924 1006 regressa
957 935 1140 990 milites
1195 942 1468 1004 prodeunt,
1519 943 1602 1007 qui
1648 946 1836 1009 praesi-

143 1025 239 1073 diis
275 1023 526 1090 dispositis
562 1038 618 1071 se
650 1022 714 1070 ad
746 1021 936 1085 reliqua
965 1021 1281 1086 exsequenda
1303 1027 1505 1087 praesto
1533 1038 1647 1073 esse
1669 1030 1835 1075 osten-

143 1104 281 1156 dunt.

272 1183 507 1248 Sequitur
541 1182 709 1232 Proeti
742 1181 990 1231 accusatio
1025 1186 1172 1246 atque
1208 1182 1506 1233 confutatio:

270 1262 468 1315 τέκτων
499 1261 602 1329 γὰρ
639 1255 740 1313 οὗν
771 1257 1026 1327 ἔπρασσες
1059 1262 1127 1312 οὐ
1161 1259 1485 1329 ξυλουργικά
1495 1261 1622 1330 ***)

273 1345 483 1395 Simulat
516 1346 600 1394 hic
632 1345 1016 1411 poenitentiam,
1053 1344 1248 1392 simulat
1282 1344 1694 1409 indignationem:
1729 1350 1834 1396 tum

137 1426 591 1490 Bellerophontem,
628 1430 699 1486 ut,
735 1425 785 1472 in
819 1425 1034 1489 priorem
1058 1425 1264 1490 hospitii
1290 1425 1634 1489 amicitiaeque
1669 1427 1834 1476 locum

138 1507 428 1567 restitutus,
473 1521 645 1554 rursus
693 1505 1031 1554 communibus
1080 1505 1340 1570 penatibus
1387 1521 1558 1554 secum
1592 1507 1666 1554 uti
1696 1507 1832 1567 velit,

141 1586 352 1652 benigue
384 1587 572 1634 invitat.
638 1585 734 1633 His
781 1585 905 1633 actis
953 1591 1090 1632 extra
1137 1590 1305 1647 portas
1354 1585 1719 1649 proficiscitur,
1763 1588 1832 1635 si-

140 1666 330 1714 mulans
364 1665 564 1728 quidem
599 1680 655 1712 se
690 1664 1052 1712 Stheneboeam
1075 1663 1453 1728 Bellerophonti
1492 1665 1833 1716 abducendam

142 1746 482 1805 committere,
529 1760 701 1793 revera
749 1750 914 1792 autem
949 1745 1159 1792 militum
1194 1760 1390 1792 manum
1426 1751 1832 1810 congregaturus,

140 1841 350 1890 quorum
395 1841 546 1889 opera
590 1824 729 1872 illum
776 1841 887 1872 cum
935 1823 1247 1872 Stheneboea
1292 1825 1582 1872 redeuntem
1631 1825 1833 1888 invadat

138 1903 476 1969 praedamque
517 1905 651 1953 hosti
695 1919 866 1952 rursus
916 1903 1109 1966 eripiat.
1185 1903 1433 1968 Deceptus
1482 1905 1611 1952 enim
1660 1904 1830 1954 uxoris

137 1983 515 2045 blandimentis,
578 1988 632 2031 ut
689 1983 851 2032 solent
901 1983 1276 2031 infidelissimae
1322 1997 1547 2047 quaeque
1593 1983 1830 2034 mulieres

139 2063 500 2112 studiosissime
554 2064 755 2112 maritos
804 2062 1042 2125 obsequio
1087 2067 1139 2111 et
1185 2062 1495 2112 simulatione
1538 2064 1718 2113 amoris
1765 2066 1830 2115 ad

136 2144 397 2193 arcendam
432 2159 626 2193 omnem
662 2143 994 2209 suspicionem
1028 2142 1305 2205 devincire,
1357 2142 1471 2206 plus
1518 2143 1649 2194 illius
1683 2161 1829 2210 quam

136 2223 349 2290 hospitis
381 2225 557 2274 tribuit
590 2224 753 2272 dictis.

267 2305 621 2369 Interpositum
657 2309 733 2352 est
766 2303 975 2353 alterum
1011 2303 1151 2353 chori
1197 2319 1426 2353 carmen:

267 2382 346 2444 τίς
377 2383 552 2447 ἄνδρα
582 2386 707 2450 τιμᾷ
741 2380 1089 2445 ξειναποίτανς

137 2464 248 2527 Quo
283 2470 478 2515 cantato
513 2467 720 2514 iteratae
750 2465 1044 2530 proditionis
1087 2464 1287 2513 nuntius
1332 2463 1708 2529 Bellerophonti
1754 2465 1826 2515 al-

137 2544 267 2594 latus
302 2549 396 2594 est.
466 2546 797 2607 Quamobrem
844 2545 981 2592 eluso
1028 2544 1212 2592 Proeto
1247 2543 1612 2594 Stheneboeam
1646 2545 1698 2594 in
1732 2544 1827 2594 Pe-

135 2639 307 2689 gasum
353 2625 530 2674 tollere
575 2625 934 2686 sublimemque
987 2624 1234 2673 abducere
1294 2625 1564 2673 constituit.
1656 2624 1827 2689 Itaque

136 2705 348 2765 mulieri,
385 2721 535 2768 quum
570 2703 631 2759 ad
667 2703 977 2766 colloquium
999 2703 1264 2766 prodisset,
1299 2703 1449 2751 maris
1485 2709 1703 2752 monstra
1727 2709 1827 2752 tam

133 2785 364 2834 immania
397 2784 686 2847 itinerisque
719 2781 938 2848 pericula
971 2787 1070 2830 tam
1105 2782 1289 2831 atrocia
1320 2783 1737 2847 repraesentavit,
1776 2787 1828 2831 ut

134 2866 198 2915 ad
231 2865 411 2931 Pegasi
443 2865 677 2915 auxilium
709 2864 840 2913 ultro
875 2861 1196 2927 confugeret:

201 2992 248 3048 *)
278 2993 438 3035 Athen.
480 2994 535 3036 X.
576 3007 621 3048 p.
659 2989 757 3032 427.
789 2991 852 3032 E:
899 2990 995 3038 τοῖς
1032 2983 1369 3042 τετελευτηκόσι
1408 2985 1502 3028 τῶν
1541 2984 1686 3040 φίλων
1715 2982 1826 3029 (ἔπε’-

273 3078 411 3118 νεμον
440 3061 500 3106 τὰ
527 3065 759 3106 πίπτοντα
786 3061 868 3115 τῆς
895 3058 1075 3116 τροφῆς
1101 3055 1192 3100 οἷπὸ
1224 3057 1316 3100 τῶν
1343 3056 1604 3114 τραπεζῶν·
1649 3055 1721 3100 διὸ
1746 3055 1823 3100 καὶ

272 3131 532 3191 Εὐριπίδης
568 3132 674 3191 περὶ
711 3134 793 3188 τῆς
835 3130 1119 3187 Σθενεβοίας
1150 3127 1306 3184 φησίν,
1352 3125 1509 3183 ἐπειδὴ
1541 3127 1715 3183 νομίζει
1743 3125 1826 3171 τὸν

271 3201 640 3262 Βελλεροφόντην
668 3199 908 3247 τεθνάναι.

181 3274 248 3330 **)
276 3276 478 3332 Hesych.
509 3275 761 3332 Κορίνθιος
791 3271 932 3327 ξένος,
962 3268 1038 3313 ἐπὶ
1068 3269 1162 3313 τῶν
1187 3267 1271 3320 τὰς
1300 3266 1502 3324 λάταγας
1522 3264 1827 3326 ῥιπτούντων,

274 3344 367 3391 οἷπό
406 3347 487 3402 τῆς
514 3340 621 3403 παρ’
641 3342 871 3401 Εὐριπίδῃ
902 3341 1215 3399 Σθενεβοίας,
1255 3340 1319 3400 τῷ
1348 3334 1692 3398 Βελλεροφόντῃ
1722 3335 1822 3381 ἔπι·-

272 3416 475 3473 χεούιῑης.
535 3416 604 3460 Cf.
634 3416 804 3459 Welck.
835 3429 879 3469 p.
907 3411 1006 3455 78⁰.

158 3488 247 3542 ω’)
274 3487 458 3547 Fragm.
487 3487 574 3531 inc.
602 3485 702 3529 141.
733 3501 777 3541 p.
806 3483 907 3531 395.
935 3482 1096 3527 Matth.
