2144 3854
1154 294 1278 352 214

371 439 620 501 translata,
651 443 709 488 ut
738 438 848 504 ipsa
869 441 1169 505 praestantia
1201 458 1292 493 sua
1313 441 1704 507 Aristophanem
1725 442 1956 497 allexisse
1983 446 2056 496 vi-

371 523 595 580 deantur,
632 517 840 568 eaudem
875 521 1100 586 gratiam,
1134 537 1280 586 quam
1314 522 1554 587 gravitate
1586 538 1751 572 rerum
1785 522 2056 590 Euripides

369 601 583 666 adeptus
620 603 753 662 erat,
805 601 1067 650 contrariis
1119 618 1174 650 se
1219 606 1564 651 assecuturum
1609 618 1722 652 esse
1754 601 2057 668 puerantem.

369 677 481 729 Non
513 679 694 742 minuS,
730 696 875 745 quam
909 682 1141 746 partium,
1178 681 1330 731 totius
1365 683 1532 748 operis
1566 682 1766 747 elegans
1797 682 1893 732 fuit
1918 700 2056 735 com-

369 758 568 824 positio.
635 758 831 826 Duplex
865 776 1032 811 rerum
1056 761 1325 826 implicatio
1353 763 1494 811 initio
1517 767 1734 828 paratur.
1799 763 1877 813 Ab
1901 764 2059 816 altera

369 838 499 889 enim
534 844 680 905 parte
712 838 924 906 Telephi
958 841 1176 891 conditio
1211 847 1262 890 et
1295 842 1491 906 reginae
1526 859 1638 892 cum
1673 857 1734 892 eo
1769 843 2057 908 conspiran-

368 919 435 969 tis
469 919 702 980 consilia,
747 921 807 970 ab
853 919 1010 970 altera
1058 921 1247 984 patriae
1291 922 1567 986 periculum
1615 928 1668 972 et
1713 923 1894 972 ducum
1942 939 2055 974 oum

372 1014 492 1063 rege
540 998 768 1048 militiam
819 1000 1128 1049 detrectante
1178 1002 1518 1049 contentiones
1566 1017 1836 1067 suspensos
1869 1002 2056 1054 habent

369 1079 572 1129 animos·
640 1076 832 1128 Tantae
865 1079 1113 1142 utrimque
1148 1077 1467 1128 difficultates
1503 1086 1643 1142 suut,
1694 1088 1750 1131 ut
1793 1082 1925 1132 nulla
1973 1099 2056 1134 ra-

370 1159 506 1208 tione
560 1158 787 1224 expediri
832 1173 983 1222 posse
1026 1158 1311 1209 videantur:
1361 1175 1515 1208 novae
1569 1161 1790 1211 existunt
1831 1163 2058 1227 utrisque

369 1238 593 1304 partibus
627 1238 761 1287 inter
795 1253 851 1287 se
884 1239 1296 1288 conflictantibus.
1366 1238 1556 1290 Tamen
1590 1240 1640 1289 in
1672 1242 1772 1291 hoc
1803 1242 1915 1306 ipso
1948 1259 2056 1293 me-

370 1318 482 1367 dela
516 1323 691 1383 parata
724 1323 827 1379 est,
874 1323 923 1368 et
967 1319 1186 1369 nascitur
1219 1318 1550 1384 tranquillitas
1585 1335 1647 1369 ex
1679 1320 1787 1385 ipsa
1819 1322 2055 1388 procella.

371 1396 711 1448 Conciliantur
754 1399 1119 1462 inimicissima,
1166 1414 1343 1463 pacem
1387 1403 1438 1447 et
1483 1399 1799 1451 concordiam
1848 1403 2057 1467 iungunt

369 1493 495 1541 quae
529 1493 585 1527 se
619 1479 1055 1528 vehementissime
1106 1478 1390 1544 fugiebant,
1436 1484 1487 1527 et
1537 1482 1784 1530 communi
1808 1481 2055 1537 consilio,

369 1556 690 1607 faustissimis
726 1558 990 1619 ominibuS,
1027 1558 1222 1608 sublato
1257 1573 1453 1618 errore,
1502 1561 1706 1609 remotis
1749 1560 2057 1611 difficultati-

367 1636 492 1699 bus,
537 1637 599 1686 ad
645 1637 959 1687 ulciscendos
1001 1639 1193 1704 patriae
1241 1638 1415 1687 hostes
1459 1639 1625 1688 cuncti
1657 1641 2055 1705 proficiscuntur.

368 1713 455 1765 Sic
488 1733 517 1765 a
549 1718 680 1767 tristi
711 1719 851 1768 initio
885 1718 947 1767 ad
981 1719 1171 1768 laetum
1206 1719 1392 1768 exitum
1427 1735 1509 1768 res
1543 1719 1847 1784 procedunt,
1894 1725 1978 1781 ut,
2012 1721 2058 1771 si

367 1796 558 1846 valeret
591 1797 874 1864 ineptorum
909 1799 1167 1849 hominum
1200 1800 1494 1862 auctoritas,
1527 1800 1622 1848 hac
1655 1800 1827 1863 regula
1859 1805 2058 1866 tragoe-

368 1875 475 1925 dias
510 1893 539 1925 a
573 1878 847 1928 comoediis
883 1879 1281 1944 distinguentium
1303 1919 1319 1942 ,
1367 1880 1417 1928 in
1452 1881 1625 1928 harum
1660 1891 1919 1929 numerum
1953 1876 2055 1929 Te-

366 1955 547 2022 lephus
592 1958 884 2009 referendus
931 1964 1082 2009 esset.
1166 1959 1389 2021 Quorum
1437 1966 1601 2010 tamen
1649 1958 1937 2022 sapientiam
1971 1959 2055 2022 qui

367 2036 694 2095 admirantur,
729 2054 827 2087 non
860 2039 1021 2088 minus
1056 2039 1269 2102 turpiter
1301 2038 1547 2098 labuntur,
1583 2053 1728 2100 quam
1762 2037 1875 2100 qui,
1908 2043 2056 2101 prout

366 2120 453 2165 aut
486 2117 689 2181 nuptiae
720 2118 934 2166 virorum
970 2118 1362 2183 feminarumque
1396 2135 1451 2167 se
1484 2116 1754 2166 amantium
1787 2117 2056 2167 concilien-

371 2200 453 2244 tur
487 2200 572 2244 aut
605 2211 739 2244 mors
772 2197 953 2246 iisdem
987 2198 1236 2263 obtingat,
1289 2199 1358 2247 ita
1403 2203 1487 2247 aut
1530 2212 1624 2263 pro
1669 2197 1940 2246 comoediis
1973 2202 2057 2246 aut

372 2289 465 2340 pro
498 2276 769 2341 tragoediis
806 2275 998 2326 fabulas
1032 2277 1285 2327 habendas
1320 2293 1434 2328 esse
1466 2281 1658 2342 putant.

498 2357 542 2405 A
574 2355 846 2420 pictoribus
881 2373 1077 2422 quoque
1112 2363 1165 2406 et
1209 2357 1304 2417 iis,
1353 2361 1434 2422 qui
1481 2359 1621 2424 signa
1668 2356 2053 2416 fabricabantur,

367 2434 623 2500 Telephus
657 2437 945 2500 frequenter
977 2443 1384 2503 repraesentatus
1419 2444 1496 2488 est
1523 2438 1595 2502 *),
1629 2439 1757 2486 inter
1789 2451 1915 2500 quos
1947 2439 2056 2484 erat

366 2515 702 2565 nobilissimus
737 2516 1049 2566 Parrhasius.
1119 2518 1414 2583 Euripidem
1447 2520 1578 2568 enim
1603 2517 1686 2567 hic
1711 2521 1916 2566 secutus
1942 2530 2058 2565 esse

367 2595 580 2659 videtur,
614 2597 667 2645 id
702 2597 833 2661 quod
868 2598 1030 2661 colligi
1062 2598 1180 2646 inde
1212 2603 1409 2662 potest,
1460 2599 1593 2662 quod
1642 2595 1847 2646 eaedem
1880 2610 2056 2660 perso-

366 2690 477 2736 nae,
513 2677 689 2740 quibus
722 2677 772 2727 in
805 2678 956 2726 huius
991 2678 1245 2743 tragoedia
1279 2694 1360 2726 res
1388 2678 1741 2740 transiguntur,
1777 2674 2054 2740 Telephus,

366 2756 609 2818 Achilles,
642 2758 980 2820 Agamemnon
1015 2763 1165 2820 atque
1198 2757 1391 2817 Uers,
1426 2758 1474 2805 in
1507 2757 1639 2805 illius
1673 2755 1842 2804 tabula
1876 2768 2054 2802 conso·

367 2836 486 2884 ciati
519 2836 952 2901 conspiciebantur
975 2828 1072 2902 ²²³²).
1141 2837 1529 2886 Accuratissime
1573 2840 1737 2884 autem
1787 2848 1851 2882 ex
1903 2832 2054 2881 Euri-
2095 2869 2098 2874 .

365 2915 485 2980 pide
519 2931 815 2981 expressum
849 2922 928 2966 est
960 2933 1087 2982 opus
1122 2917 1419 2975 Etruscum,
1471 2915 1604 2981 quod
1650 2913 1849 2963 Iahnius
1898 2913 2052 2963 inter-

423 3129 475 3182 a<)
507 3129 575 3170 cf.
605 3129 762 3185 Epigr.
793 3128 972 3172 Anthol.
1003 3130 1176 3172 Iacobs.
1207 3131 1260 3173 T.
1290 3130 1346 3172 II.
1379 3144 1423 3185 p.
1454 3127 1554 3172 657.
1825 3183 1830 3186 Ι

415 3199 482 3253 Η)
512 3198 627 3241 Plin.
657 3200 715 3241 H.
748 3198 802 3240 N.
831 3200 1015 3252 XXXV,
1047 3200 1104 3242 10
1131 3201 1254 3256 (36),
1274 3200 1358 3242 71:
1413 3200 1649 3241 laudantur
1690 3202 1735 3242 et
1759 3200 1935 3241 Aeneas
1964 3196 2053 3240 Ga-

507 3272 689 3322 storque
728 3282 783 3310 ac
819 3270 981 3312 Pollux
1030 3269 1086 3312 in
1127 3272 1318 3314 eadem
1358 3269 1587 3322 tabula,
1627 3268 1766 3312 item
1803 3267 2052 3323 Telephus,

510 3337 728 3390 Achilles,
771 3338 1106 3395 Agamemnon,
1146 3341 1315 3384 Ulixes.
1386 3340 1588 3381 Eandem
1630 3339 1688 3381 ab
1726 3339 1815 3381 hoc
1849 3338 2054 3381 tabulam

511 3408 684 3449 duobus
712 3408 813 3450 aliis
842 3408 951 3450 loeis
979 3409 1067 3452 dici
1093 3411 1248 3465 (XXV,
1277 3409 1307 3453 5
1326 3408 1442 3465 (19),
1462 3408 1533 3453 42.
1558 3413 1604 3452 et
1622 3407 1829 3466 XXXIV,
1854 3406 1911 3450 15
1936 3405 2052 3463 (45),

478 3501 482 3503 <
509 3476 630 3533 152.)
660 3477 847 3520 coniecit
875 3478 1058 3522 Iahnius
1087 3493 1130 3534 p.
1159 3477 1201 3521 9.
