2144 3854
1113 231 1236 288 312

329 386 471 452 parte
495 378 784 440 sceleribus,
811 379 872 427 ab
897 376 1057 427 altera
1076 377 1337 428 virtutibus
1358 376 1554 444 positis,
1574 378 1746 429 alteris
1765 394 2011 433 summum

329 464 527 521 odium,
580 459 751 508 alteris
785 473 1032 507 summum
1066 474 1286 508 amorem
1321 459 1584 509 conciliare
1619 461 1803 512 studet.
1868 462 2015 514 Mera

329 543 461 594 enim
481 539 598 588 vitia
619 543 672 587 et
703 552 867 587 meras
889 537 1076 599 laudes,
1106 538 1236 588 sicut
1269 539 1458 602 nigrum
1489 539 1754 606 albumque
1780 541 2016 604 colorem,

328 638 421 688 per
438 636 494 669 se
522 618 749 684 quilibet,
771 618 991 682 quamvis
1015 618 1082 666 sit
1109 617 1373 668 hebetibus
1403 620 1583 668 mentis
1618 621 1791 680 oculis,
1827 621 2015 672 discer-

328 716 449 751 nere
480 704 670 766 potest,
716 713 880 762 neque
915 698 1028 746 talia
1050 698 1284 748 intuendo
1314 704 1399 748 aut
1435 698 1766 749 delectatione
1799 701 1900 755 ulla
1932 705 2018 751 ant

330 779 497 830 studio
515 778 861 842 cognoscendi,
883 793 980 842 quo
1004 778 1296 839 obscuritas,
1314 779 1608 845 ambiguitas
1630 780 1920 846 novitasque
1935 797 2018 832 re-

330 875 438 910 rum
461 875 551 909 nos
568 858 761 918 imbuit,
777 863 1020 908 tenemur.
1056 857 1185 907 Tum
1198 860 1259 908 ad
1274 858 1371 907 odii
1388 859 1667 925 amorisque
1686 860 1918 911 affectum
1939 877 2019 911 sa-

329 940 398 989 tis
437 944 611 989 natura
637 938 746 1002 ipsa
773 953 945 986 omnes
984 938 1217 1003 propensi
1242 954 1441 1001 samue,
1474 944 1530 988 ut
1568 939 1770 990 minime
1803 957 1929 1008 opus
1953 941 2019 991 sit

329 1035 483 1084 opera
497 1023 754 1085 poetarum
781 1018 845 1067 ad
863 1018 976 1066 illos
999 1017 1323 1070 incitantium.
1354 1017 1655 1083 Intelligere,
1678 1008 1797 1071 inte
1819 1035 2021 1086 quoque

330 1099 514 1150 cadere
544 1098 695 1148 animi
729 1097 1169 1162 perturbationem,
1202 1113 1298 1161 qua
1332 1100 1522 1164 abrepti
1558 1100 1914 1166 obcoecatique
1939 1100 2022 1150 alii

332 1179 663 1246 peccaverint,
696 1178 955 1241 ignoscere
988 1177 1138 1236 vitiis,
1173 1193 1301 1241 quae
1334 1194 1397 1227 ne
1429 1194 1456 1227 a
1492 1183 1576 1228 tua
1611 1180 1813 1244 quidem
1847 1186 2021 1231 natura

331 1259 491 1308 aliena
525 1274 639 1308 esse
674 1257 957 1315 arbitreris,
994 1257 1200 1321 diligere
1232 1263 1283 1306 et
1314 1260 1538 1308 miserari
1570 1260 1716 1309 etiam
1754 1275 1858 1319 eos,
1894 1259 2019 1324 quos

332 1338 534 1403 propria
570 1337 712 1402 culpa
745 1337 795 1385 in
830 1337 957 1385 mala
992 1337 1254 1386 devenisse
1288 1344 1546 1402 appareat,
1593 1340 1859 1389 humanum
1909 1345 2020 1401 est;

332 1419 637 1468 humanitate
671 1422 835 1466 autem
871 1417 1059 1466 animos
1093 1416 1333 1474 imbuere,
1369 1417 1561 1466 mollire
1595 1418 1860 1468 duritatem
1894 1419 2020 1468 feri-

334 1503 587 1563 tatemque
621 1497 943 1562 ingeniorum,
976 1500 1238 1562 poetarum
1273 1496 1497 1546 officium
1524 1503 1606 1547 est
1629 1498 1842 1562 primum
1875 1504 2022 1563 atque

332 1578 748 1643 antiquissimum.
1411 1622 1416 1627 ,

465 1658 532 1708 At
565 1674 664 1708 non
697 1657 860 1707 omnia
893 1659 1143 1722 aequitate
1177 1659 1326 1708 animi
1361 1664 1510 1724 atque
1543 1659 1899 1724 tranquillitate
1921 1659 2020 1720 illa,

332 1754 461 1803 quae
491 1739 554 1788 ab
588 1739 661 1787 ira
695 1738 961 1802 studioque
995 1740 1154 1789 aliena
1189 1744 1285 1797 est,
1320 1740 1371 1789 in
1403 1740 1502 1788 vita
1537 1739 1748 1788 humana
1772 1739 2021 1804 perficere

331 1824 385 1868 et
416 1818 479 1868 ad
517 1819 700 1868 exitum
736 1818 985 1869 adducere
1018 1819 1171 1880 licet,
1224 1819 1311 1868 sed
1359 1818 1603 1868 interdum
1648 1818 1796 1868 etiam
1823 1818 2024 1868 ,ardore

332 1903 484 1964 atque
516 1898 901 1948 inflammatione
934 1899 1083 1949 animi
1117 1915 1245 1964 opus
1277 1903 1383 1959 est,
1433 1915 1556 1962 quae
1601 1915 1697 1948 non
1733 1905 1900 1964 potest
1931 1914 2023 1948 un-

333 1993 481 2043 quam
515 1978 772 2042 iniquitate
804 1978 978 2028 iudicii
1011 1994 1202 2028 vacare.
1270 1976 1441 2035 Velut,
1476 1984 1531 2026 ut
1554 1979 1781 2042 exemplo
1806 1994 1912 2027 rem
1932 1992 2020 2027 ex-

331 2058 546 2123 planem,
581 2073 678 2122 quo
709 2063 937 2121 tempore
961 2073 987 2104 a
1011 2058 1309 2106 nostratibus
1340 2058 1604 2106 evertendo
1632 2073 1838 2122 regnum
1872 2073 2021 2123 pere-

331 2137 584 2202 grinorum
618 2137 670 2185 in
703 2135 980 2184 libertatem
1016 2136 1188 2202 populi
1233 2136 1511 2185 vindicandi
1558 2137 1790 2197 fuerunt,
1846 2132 2023 2202 optimi

333 2217 519 2281 quique
551 2215 887 2282 probaverunt
919 2215 1147 2266 ardorem
1183 2216 1455 2264 animorum
1482 2217 1822 2281 impetumque
1848 2222 1901 2266 et
1918 2216 2022 2265 odii

333 2297 610 2358 acritatem,
646 2311 742 2359 qua
775 2295 1002 2345 homines
1036 2311 1131 2346 non
1156 2295 1277 2344 vitia
1303 2301 1511 2354 tantum,
1547 2295 1636 2344 sed
1665 2297 1874 2344 virtutes
1894 2312 2022 2361 quo-

333 2390 432 2440 que
465 2375 687 2425 hostium
736 2375 904 2439 inique
953 2376 1266 2426 damnabant.
1335 2374 1542 2425 Talibus
1594 2375 1900 2441 temporibus
1934 2392 2022 2442 pa-

333 2471 444 2506 rum
490 2456 591 2522 apti
640 2460 755 2505 sunt
803 2471 1079 2520 parumque
1123 2456 1352 2505 utilitatis
1399 2456 1615 2505 afferunt
1659 2460 1835 2520 poetae
1866 2456 2024 2505 instar

333 2536 542 2584 deorum
577 2535 937 2600 Epicureorum
973 2537 1218 2599 tranquilli
1254 2536 1632 2599 sapientesque,
1683 2534 1773 2584 sed
1819 2535 1884 2596 ii,
1939 2535 2023 2598 qui

333 2630 496 2679 neque
530 2617 743 2681 partium
781 2616 946 2664 studia
979 2615 1235 2664 fastidiant
1267 2631 1427 2679 neque
1462 2617 1629 2664 turbas
1659 2613 2021 2679 tumultumque

333 2694 588 2754 horreant,
640 2701 692 2744 et
741 2695 1027 2745 efficaciora
1061 2711 1207 2759 quam
1242 2696 1522 2744 venustiora
1565 2695 1780 2742 carmina
1813 2709 2021 2758 compo-

334 2789 457 2824 nere
491 2775 677 2824 malint.
747 2775 825 2824 Ex
859 2776 955 2824 hoc
989 2791 1173 2839 genere
1206 2774 1302 2824 fuit
1335 2774 1632 2839 Euripides,
1683 2780 1735 2823 et
1766 2773 1856 2824 tali
1887 2778 2021 2822 tem-

334 2869 458 2918 pore
490 2854 659 2903 doeuit
692 2855 1000 2906 Heraclidas·

467 2935 812 2984 Aemulatione
845 2935 1046 3000 impulsi
1079 2934 1326 3001 Spartani,
1362 2948 1513 2998 quum
1546 2932 1681 2981 nulla
1716 2931 1812 2996 ipsi
1843 2930 2021 2982 iniuria

334 3014 396 3064 ab
430 3013 821 3064 Atheniensibus
858 3016 980 3064 laesi
1027 3019 1222 3076 essent,
1270 3013 1454 3072 bellum
1496 3016 1785 3071 moverunt,
1845 3027 2022 3061 caussa

333 3108 432 3143 non
478 3094 698 3155 meliori,
752 3110 896 3158 quam
945 3111 1041 3159 qua
1088 3096 1269 3144 ductus
1316 3091 1585 3142 Herculem
1631 3096 1685 3139 et'
1727 3090 2020 3151 Heraclidas

333 3173 549 3237 perdere
582 3173 776 3222 studuit
810 3173 1144 3238 Eurystheus.
1210 3173 1407 3239 Legatis
1441 3171 1868 3237 praeconibusque
1898 3173 2020 3220 mis-

335 3252 406 3301 sis
440 3253 748 3318 imperarunt
781 3253 1166 3303 Atheniensibus
1202 3270 1288 3314 ea,
1325 3267 1451 3317 quae
1482 3251 1668 3299 liberae
1704 3250 1891 3300 civitati
1922 3250 2017 3299 im-

334 3347 513 3395 perare
545 3331 686 3381 nefas
721 3337 844 3383 erat.
913 3334 1134 3399 Denique
1174 3348 1319 3400 reges
1353 3346 1542 3390 eorum,
1578 3332 1627 3380 in
1660 3330 1786 3380 fines
1821 3330 2019 3380 Atticae

336 3411 488 3461 ducto
522 3412 763 3474 exercitu,
798 3411 995 3462 infestis
1028 3413 1175 3463 armis
1207 3414 1490 3463 invaserunt
1523 3416 1726 3472 terram,
1760 3425 1886 3474 quae
1913 3424 2015 3460 ma-
