2144 3854
921 266 1042 323 273

801 439 868 448 --
930 407 1052 461 θεοὶ
1082 410 1310 476 χθόνιοι,

278 491 509 561 ζοφερὰν
541 490 801 544 ἅδίαυλον
832 489 1035 558 ἔχοντες
1074 489 1238 556 ἕδραν

273 573 372 642 τὴν
404 571 790 639 φθειρομένων,
813 564 1172 637 Ἀχερόντειαν

273 654 467 721 λίμνην
487 653 556 719 *).

144 736 240 786 His
273 736 401 785 adde
435 736 580 787 Varr-
615 734 673 785 L.
708 733 766 783 L.
800 731 885 796 Vl,
919 734 1003 784 94.
1037 732 1119 783 ed.
1152 686 1329 782 Mun.-
1361 730 1563 793 „Quare
1596 749 1692 783 una
1717 734 1816 785 ori-

139 815 256 879 gine
288 815 481 865 inlici
516 820 566 864 et
598 813 855 874 inficis,
888 811 1020 877 quod
1053 812 1105 861 in
1139 811 1340 860 choro
1373 810 1819 876 Proserpinae

142 894 253 943 est'’
280 894 368 955 (cf.
397 894 543 946 Both.
572 911 621 958 p.
653 895 777 952 12.).

272 974 623 1040 impetraverat
655 971 957 1021 Protesilaus
992 973 1052 1020 ab
1086 969 1258 1019 inferis
1295 970 1385 1019 diis
1413 973 1603 1021 reditus
1626 975 1818 1026 veniam

142 1069 201 1102 ea
234 1054 360 1118 lege,
396 1060 450 1102 ut
482 1054 733 1117 coniugem
768 1067 934 1100 secum
970 1050 1267 1110 adduceret,
1302 1051 1728 1117 redderenturque
1756 1055 1819 1103 il-

140 1132 204 1182 lis
238 1135 366 1183 duae
400 1133 588 1182 animae
623 1148 712 1196 pro
745 1147 842 1180 una
868 1127 964 1194 **).
1043 1130 1169 1178 Nam
1213 1146 1374 1195 neque
1414 1133 1523 1196 ipse
1568 1135 1819 1186 carissima

141 1228 296 1262 uxore
331 1228 503 1262 carere
534 1212 759 1272 volebat,
806 1227 966 1275 neque
1015 1210 1342 1272 Laodamiae,
1394 1212 1510 1274 quin
1543 1214 1639 1262 vita
1674 1232 1818 1280 quam

141 1293 359 1356 coniugis
392 1291 642 1341 consortio
677 1293 858 1342 cedere
891 1291 1086 1350 mallet,
1121 1291 1324 1338 dubium
1359 1296 1481 1340 erat.
1549 1292 1819 1359 Relinque-

140 1373 289 1424 batur
322 1372 472 1437 igitur
517 1371 827 1434 „grandaevo
862 1371 1088 1434 parenti''
1139 1370 1341 1419 orbitas.
1410 1371 1570 1432 Quem
1604 1374 1699 1424 hoc
1734 1394 1819 1427 ae·-

140 1452 359 1518 gerrime
401 1452 576 1500 tulisse
623 1457 674 1500 et
718 1458 946 1513 tanquam
992 1451 1164 1499 iniuria
1210 1450 1304 1498 sibi
1351 1450 1480 1500 illata
1515 1453 1565 1500 in
1600 1453 1819 1505 Protesi-

139 1531 272 1580 laum
315 1533 558 1580 invectum
613 1546 726 1579 esse
773 1546 835 1579 ex
880 1530 1160 1593 fragmento
1218 1529 1426 1593 quodam
1479 1532 1818 1600 intelligimus.

140 1610 428 1675 Disceptata
461 1610 610 1675 igitur
643 1616 721 1658 est
753 1611 1009 1674 quaestio,
1057 1615 1221 1659 utrum
1264 1611 1416 1673 patris
1451 1628 1512 1661 an
1544 1616 1708 1664 mariti
1742 1618 1820 1667 ius

141 1690 306 1756 potius
340 1695 491 1739 esset.
558 1690 727 1739 Acasti
777 1690 1012 1739 orationis
1057 1706 1208 1738 unum
1255 1695 1443 1739 tantum
1488 1692 1819 1757 fragmentum

143 1776 341 1820 exstare
373 1769 594 1830 videtur,
646 1785 742 1834 quo
774 1771 837 1818 ad
871 1786 1040 1818 eorum
1077 1769 1370 1834 populorum
1405 1771 1540 1835 leges
1574 1774 1821 1826 instituta-

143 1865 258 1914 que,
291 1849 376 1913 qui
408 1865 506 1899 non
539 1850 703 1914 privas
739 1864 945 1907 uxores,
1000 1849 1090 1898 sed
1138 1850 1499 1913 quodammodo
1535 1869 1821 1908 communes

141 1929 397 1986 haberent,
431 1930 754 1993 provocabat:

271 2006 457 2059 κοινὸν
494 2005 596 2072 γὰρ
632 2002 768 2058 εἶναι
801 2005 891 2059 καὶ
922 2009 1231 2073 γυναικεῖον
1262 2006 1425 2076 λέχος.

141 2087 327 2138 Gontra
361 2088 617 2138 Protesilai
651 2089 774 2137 haec
808 2090 1038 2138 fuerunt:

273 2165 430 2218 δυοῖν
463 2167 750 2233 λεγόντοιν,
784 2166 1018 2234 θατέρου
1050 2168 1425 2235 θυμουμένου,

271 2245 303 2300 ὅ
335 2242 408 2314 μὴ
439 2246 746 2300 ἀντιτείνων
776 2251 888 2309 τοῖς
919 2248 1097 2313 λόγοις
1130 2250 1451 2317 σοφώτερος.

275 2433 341 2443 -
472 2434 537 2445 —·
668 2435 734 2444 —-
864 2406 1009 2469 ἄξιος
1043 2407 1089 2458 δ’
1120 2406 1245 2472 ἐμὸς

278 2485 521 2552 γαμβρὸς
552 2485 817 2552 κέκλησαι,
850 2488 1014 2538 παῖδά
1048 2505 1139 2553 μοι
1173 2487 1487 2550 ξυνοικίσας.

275 2566 503 2617 Vincitur
531 2567 849 2627 ProtesilauS‚
886 2569 1070 2621 femina
1088 2571 1241 2633 patr1s
1268 2570 1676 2620 admonitionibus
1702 2589 1821 2638 pre-

144 2647 386 2711 cibusque
433 2648 813 2697 obsecundante.
882 2649 1043 2710 Quum
1091 2654 1254 2696 autem
1290 2649 1374 2696 ille
1409 2657 1666 2699 consumto
1703 2669 1822 2718 spa-

140 2728 244 2789 tio,
290 2727 424 2790 quod
459 2742 749 2776 concessum
796 2734 916 2788 erat,
962 2728 1307 2787 discessisset,
1354 2729 1503 2775 animi
1550 2730 1820 2795 deliquium

141 2822 289 2872 passa
323 2822 436 2855 esse
472 2806 738 2857 Laodamia
769 2807 981 2866 videtur,
1020 2824 1114 2872 qua
1149 2807 1212 2856 de
1245 2823 1300 2856 re
1335 2807 1666 2859 conferendus
1701 2811 1822 2860 ovi-

142 2885 254 2935 dius
288 2901 332 2935 v.
366 2889 431 2935 23
466 2901 603 2950 seqq.
624 2904 639 2935 ε

273 2963 430 3027 „Im-2·
478 2982 678 3033 quoque
725 2971 896 3016 tecum
948 2967 1112 3026 abiit,·
1160 2967 1384 3017 tenebris
1420 2970 1700 3036 exsanguis
1733 2970 1824 3020 ob-

1023 3049 1148 3096 ortis

404 3123 670 3176 Succiduo
704 3126 848 3176 dicor
874 3127 1208 3193 procubuisse
1240 3143 1393 3192 genu.

212 3243 252 3297 *)
284 3243 468 3300 Fragm.
499 3234 585 3287 in'c.
615 3259 658 3287 n.
688 3243 787 3288 247.
816 3261 860 3301 p.
889 3244 986 3288 427.

186 3314 244 3367 ”)
274 3312 457 3356 Lucian.
487 3315 542 3357 Ι).
575 3315 641 3357 M.
671 3314 752 3358 23:
795 3313 923 3373 οἶμαι
956 3315 1132 3360 πείσειν
1169 3314 1385 3373 κάκείνην
1413 3315 1690 3360 ἀκολουθεῖν
1716 3314 1824 3373 παρ’

281 3380 425 3438 ὑμᾶς,
462 3379 565 3436 οἴσετ’
596 3381 707 3429 ἀνθ’
734 3384 838 3437 ἑνὸς
867 3385 953 3431 δύο
982 3385 1174 3444 νεκροὺς
1200 3384 1326 3443 λήψῃ
1354 3385 1450 3442 μετ’
1482 3384 1648 3441 ὀλίγον.
1708 3387 1820 3430 Phi-

283 3452 406 3495 lostr.
435 3453 546 3498 Her.
574 3469 619 3510 p.
649 3455 749 3499 633.
779 3457 858 3498 D.=
890 3456 967 3500 καὶ
995 3455 1089 3514 μὴν
1117 3452 1378 3502 ἀποθανεῖν
1406 3473 1455 3512 γε
1483 3455 1595 3513 μετὰ
1625 3454 1676 3500 vd
1703 3452 1835 3518 aiva-¹

283 3523 448 3578 βιῶναι
475 3523 652 3580 λέγεται
678 3526 758 3571 καὶ
787 3523 1035 3572 ἀναπεῖσαι
1062 3525 1148 3584 τὴν
1175 3531 1371 3584 γυναῖκα
1399 3526 1676 3573 ἐπισπέσθαι
1703 3526 1764 3571 οὶ.

1447 3602 1514 3648 18
