2144 3854
1161 255 1245 314 58

363 407 476 452 rent
498 402 682 452 exitum
698 437 712 462 ‚
754 415 902 466 quam
937 403 1321 463 contrariarum,
1370 405 1665 454 Aristoteles
1697 406 1808 472 ipse
1839 411 2049 459 testatur

365 480 434 547 (c.
469 485 548 532 13.
592 481 639 547 ς.
676 484 721 532 ’7.
756 481 848 547 8.),
900 481 1134 547 idemque
1166 485 1292 534 dicit
1338 485 1459 534 vitio
1504 486 1672 534 datum
1720 502 1835 536 esse
1875 505 1906 537 a
1939 489 2048 554 qui-

362 564 569 613 busdam
603 561 787 611 criticis
821 562 1071 628 Euripidi,
1108 565 1238 629 quod
1273 566 1324 614 in
1359 582 1439 614 res
1474 566 1709 614 adversas
1743 567 2055 633 miserasque*

362 641 548 691 multae
591 641 698 690 eius
744 644 1112 709 tragoediarum
1147 645 1433 695 desinerent
1467 646 1534 708 (c.
1574 649 1653 694 13.
1690 645 1744 710 ς.
1778 647 1871 712 6.).
1941 648 2051 712 Qua

359 722 410 770 in
442 737 498 770 re
549 722 729 772 mirum
772 730 850 773 est
892 726 1125 774 contrarii
1169 727 1273 775 vitii
1319 728 1532 776 eundem
1577 744 1605 775 a
1639 728 1936 790 quibusdam
1969 744 2050 778 re-

361 801 663 863 centiorum,
705 804 959 854 hominum
990 806 1276 855 socordium
1309 823 1401 856 nec
1435 808 1531 855 nisi
1565 808 1790 871 proxima
1823 824 2051 873 quaeque

357 882 760 947 respicientium,
804 891 1089 935 accusatum
1122 883 1263 948 esse,
1317 893 1367 936 et
1414 903 1589 952 parum
1634 887 1885 950 abfuisse,
1931 889 2051 953 quin

356 963 642 1026 corrupisse
677 971 730 1014 et
776 966 1182 1029 pessumdedisse
1226 968 1352 1028 ista,
1400 983 1545 1032 quam
1578 961 1856 1031 fingebant,
1903 984 2052 1018 nova-

311 1039 317 1041 *
357 1042 495 1092 tione
526 1044 830 1110 tragoediam
864 1052 1171 1110 argueretur.
1241 1046 1455 1096 Omnino
1489 1051 1654 1096 autem
1688 1048 1768 1097 vix
1802 1049 1904 1098 dici
1938 1054 2051 1114 pot-

358 1128 465 1185 est,
516 1130 750 1188 quantam
793 1142 1019 1175 errorum
1066 1127 1434 1177 multitudinem
1479 1127 1685 1176 traxerit
1727 1145 1856 1179 unus
1892 1143 2052 1189 error,

357 1219 459 1268 quo
502 1204 554 1253 in
604 1221 686 1255 res
733 1207 940 1257 miseras
986 1207 1155 1271 utique
1191 1208 1552 1258 deveniendum
1585 1211 1815 1273 personis
1850 1210 2051 1274 tragicis

356 1300 471 1334 esse
512 1287 816 1336 recentiores
850 1287 996 1351 vulgo
1030 1288 1127 1337 sibi
1159 1295 1534 1354 persuaserunt.
1602 1289 1776 1340 Latius
1830 1290 2054 1355 patuisse

356 1366 642 1430 tragoediae
687 1384 868 1417 nomen
912 1369 1235 1418 manifestum
1276 1375 1383 1430 est,
1447 1374 1503 1418 ut
1546 1386 1609 1420 ne
1654 1370 1881 1419 hilaritas
1940 1370 2051 1435 qui-

357 1446 490 1508 dem,
525 1463 619 1510 qua
653 1463 805 1512 saepe
837 1448 888 1498 in
920 1450 1019 1497 vita
1051 1464 1133 1498 res
1169 1450 1389 1514 quamvis
1423 1464 1622 1499 severas
1646 1450 1953 1516 interpellari
1977 1451 2052 1499 vi-

356 1527 563 1586 demus,
608 1529 669 1577 ab
714 1528 847 1576 illius
882 1533 1058 1576 natura
1088 1529 1246 1578 aliena
1280 1546 1394 1579 esse
1429 1531 1731 1579 crederetur.
1800 1531 2052 1593 Quasdam

356 1608 491 1656 enim
538 1607 822 1672 tragoedias
854 1608 905 1655 in
939 1607 1103 1656 locum
1139 1610 1467 1672 satyricorum
1503 1609 1779 1658 dramatum
1815 1612 2051 1660 substitu-

357 1693 432 1737 tas
467 1704 607 1749 esse,
644 1703 770 1752 quae
802 1687 1034 1736 admixtis
1068 1689 1248 1754 lepidis
1283 1689 1433 1737 rebus
1467 1689 1632 1737 tristia
1665 1705 1724 1737 ac
1759 1705 1931 1739 severa
1961 1691 2051 1739 ha-

357 1769 533 1818 berent
562 1775 851 1833 temperata,
878 1770 1000 1819 satis
1026 1770 1120 1818 iam
1151 1769 1300 1818 certis
1327 1770 1638 1818 documentis
1653 1769 1851 1833 probari
1866 1774 2052 1835 potest.

487 1849 664 1914 Neque
696 1850 847 1914 igitur
880 1866 1046 1899 rerum
1080 1865 1244 1913 neque
1279 1849 1631 1898 sententiarum
1681 1849 1762 1897 vel
1808 1851 1942 1900 serie
1973 1851 2052 1900 vel

354 1935 527 1979 mutuo
570 1937 803 1996 respectu
848 1930 1069 1979 dramata
1115 1930 1414 1994 singularum
1473 1928 1856 1979 didascaliarum
1913 1930 2052 1996 iungi

353 2012 484 2060 inter
518 2027 574 2060 se
608 2011 778 2059 solitas
813 2025 957 2071 esse,
1006 2026 1068 2059 ex
1101 2011 1212 2068 his,
1260 2026 1386 2073 quae
1423 2009 1573 2057 modo
1609 2010 1884 2073 disputavi,
1929 2015 2052 2074 puto

355 2090 581 2156 intelligi.
646 2089 822 2155 Neque
865 2095 1030 2139 tamen
1077 2090 1209 2153 quod
1254 2090 1539 2138 necessario
1588 2094 1638 2138 et
1681 2090 1826 2155 vulgo
1860 2089 2049 2139 factum

356 2187 470 2220 esse
503 2186 648 2235 nego,
682 2170 816 2219 idem
850 2186 1062 2234 unquam
1097 2169 1282 2218 factum
1319 2185 1435 2219 esse
1467 2170 1545 2218 vel
1580 2169 1693 2218 fieri
1727 2170 1950 2234 potuisse
1975 2170 2050 2218 in-

355 2252 507 2302 fitior.
576 2250 702 2299 Nam
739 2251 783 2299 si
818 2250 1158 2300 delectationis
1191 2251 1437 2299 rationem
1480 2255 1656 2315 poetas
1691 2249 1934 2314 imprimis
1969 2265 2051 2298 se-

357 2338 499 2382 cutos
534 2347 648 2379 esse
681 2331 808 2392 dico,
843 2348 939 2380 non
971 2331 1200 2380 utilitatis
1232 2331 1472 2379 rationem
1507 2330 1784 2394 neglectam
1818 2329 1896 2378 vel
1932 2345 2049 2378 con-

357 2413 488 2462 sulto
522 2416 739 2476 spretam
775 2427 888 2460 esse
931 2412 1195 2460 contendo.
1274 2411 1442 2473 Quare
1487 2410 1574 2457 ubi
1621 2410 1905 2458 obferretur
1951 2409 2048 2459 illis

355 2493 562 2543 materia
592 2491 852 2549 eiusmodi,
889 2506 1014 2553 quae
1045 2496 1308 2555 utramque
1340 2491 1535 2539 laudem
1571 2490 1799 2555 coniungi
1848 2493 2050 2554 patere-

355 2580 463 2635 tur,
509 2576 565 2621 ut
612 2571 952 2620 consociandis
995 2570 1178 2620 fabulis
1224 2576 1276 2618 et
1308 2570 1522 2619 iucunda
1554 2571 1764 2619 varietas
1799 2573 1851 2618 et
1883 2585 2050 2619 rerum

355 2653 596 2719 quaedam
643 2651 942 2701 continuatio
996 2651 1076 2699 vel
1134 2651 1490 2700 sententiarum
1543 2650 1739 2699 utilium
1782 2648 2051 2698 declaratio

354 2735 659 2793 efficeretur,
696 2747 959 2796 quemnam
994 2736 1191 2796 poetam
1226 2731 1385 2780 fuisse
1413 2735 1512 2780 tam
1543 2730 1773 2779 stolidum
1797 2734 2047 2794 putamus,

353 2822 411 2866 ut
443 2813 860 2880 opportunitatem
897 2811 1114 2860 feliciter
1147 2811 1360 2859 oblatam
1395 2810 1654 2859 omitteret
1685 2825 1847 2872 neque
1897 2808 2050 2857 etiam

353 2895 627 2964 paullulum
663 2892 1004 2942 delectationis
1037 2891 1219 2941 rationi
1257 2890 1490 2939 utilitatis
1524 2889 1870 2938 condonaret?
1948 2888 2050 2938 Aut

354 2974 750 3040 quotiescunque
783 2978 919 3020 esset
950 2970 1160 3021 facultas
1195 2969 1522 3036 componendi
1555 2970 1780 3019 dramata
1814 2985 1901 3030 ea,
1938 2969 2047 3034 qui-

353 3056 450 3106 bus
482 3054 693 3103 finitima
731 3052 962 3101 vitiorum
1011 3053 1346 3115 virtutumque
1393 3049 1618 3114 exempla
1665 3050 2048 3110 illustrarentur,

353 3137 560 3202 ipsaque
594 3133 829 3182 similium
863 3132 1272 3198 dissimiliumque
1306 3131 1649 3180 coniunctione
1670 3129 1933 3179 utilissime
1956 3129 2045 3178 do-

355 3215 534 3276 cendi,
585 3229 846 3278 quemnam
879 3219 1139 3277 poetarum
1173 3228 1271 3261 nou
1304 3210 1486 3260 fecisse
1518 3216 1750 3275 putamus
1783 3210 1862 3282 id,
1916 3208 2049 3273 quod

355 3295 437 3345 vel
468 3294 680 3345 maxime
713 3298 791 3343 est
819 3299 1027 3359 poetae,
1079 3298 1134 3342 ut
1167 3308 1228 3343 ex
1260 3292 1468 3341 adverso
1501 3292 1676 3355 positis
1709 3291 1859 3347 rebus
1892 3288 2047 3338 finiti-

354 3376 453 3426 mis
484 3379 709 3425 naturam
743 3388 917 3423 earum
970 3374 1126 3439 magis
1176 3374 1412 3423 redderet
1462 3370 1815 3436 conspicuam?
1880 3369 2049 3432 Atque

357 3454 603 3506 eiusmodi
635 3453 925 3505 facultatem
961 3454 1252 3519 saepissime
1285 3452 1471 3503 factam
1507 3468 1621 3502 esse
1654 3451 1884 3501 arbitror.
1919 3447 2046 3498 Nam
