2176 3874
920 295 1044 355 547

131 449 230 500 fuit
274 447 545 508 Hecubae,
595 451 651 496 ut
698 446 847 496 facile
896 447 1046 495 etiam
1102 462 1197 494 una
1245 447 1293 495 in
1340 446 1592 495 theatrum
1635 446 1827 496 deferri

127 529 363 594 potuerit.
411 528 898 593 Repraesentabatur
932 527 1062 575 enim
1097 542 1276 591 parens
1313 542 1506 575 summa
1529 526 1828 576 crudelitate

129 609 300 658 liberis
358 609 560 657 orbatus
625 609 870 671 simulque
919 609 1030 672 ipse
1075 609 1215 656 bonis
1264 623 1520 672 regnoque
1582 607 1824 671 privatus,

125 690 269 753 isque
304 690 460 748 mala,
513 690 691 753 quibus
729 689 944 746 laborat,
982 689 1028 735 in
1066 705 1209 747 eum,
1246 704 1272 735 a
1311 702 1407 751 quo
1443 688 1670 736 iniuriam
1705 703 1824 751 pas-

125 785 210 832 sus
247 775 355 828 est,
408 772 570 818 omnia
616 769 836 818 revolvit.
907 767 1071 815 Homo
1108 766 1358 828 nefarius,
1408 768 1490 831 qui
1524 768 1663 832 regni
1698 767 1824 815 divi-

123 851 404 914 tiarumque
452 851 685 915 cupidine
731 848 793 896 ad
839 848 1194 896 immanissima
1241 848 1434 896 scelera
1469 846 1825 896 committenda

123 931 362 995 abreptus
397 936 504 991 est,
558 931 672 978 dum
708 929 890 976 liberos
929 944 1171 991 quaerens
1207 928 1404 975 oracula
1442 929 1684 988 consulit,
1731 929 1821 977 ho-

123 1027 235 1058 rum
287 1012 513 1075 ipsorum
563 1011 712 1058 ductu
756 1008 818 1055 ad
870 1008 1138 1057 orbitatem
1187 1013 1239 1056 et
1285 1008 1553 1072 perniciem
1589 1008 1820 1071 adigitur.

123 1090 410 1140 Verisimile
445 1092 574 1140 enim
611 1094 690 1137 est
739 1090 946 1138 Atreum
992 1089 1123 1137 malo
1169 1089 1334 1153 aliquo
1382 1088 1486 1136 sive
1521 1089 1823 1137 necessitate

123 1173 187 1220 ad
223 1173 557 1237 quaerendum
593 1170 752 1219 filium
788 1169 1227 1232 reducendumque
1245 1168 1524 1233 Thyestem
1551 1168 1821 1233 impulsum

123 1267 239 1301 esse
268 1268 427 1315 eoque
449 1268 615 1300 rerum
639 1250 967 1299 sanandarum
994 1250 1161 1297 studio
1186 1266 1353 1298 ansam
1372 1249 1663 1313 praebuisse
1679 1248 1823 1297 fratri

122 1332 324 1381 ultionis
373 1333 695 1396 repetendae.
767 1330 921 1379 Certe
966 1331 1139 1378 similia
1188 1332 1248 1379 ab
1294 1331 1400 1378 aliis
1437 1330 1597 1394 poetis
1633 1329 1822 1395 scripta
1866 1342 1871 1347 ’

118 1411 280 1461 fuisse
324 1429 386 1461 ex
423 1413 608 1476 Hygini
643 1411 924 1460 narratione
960 1426 1002 1459 c.
1037 1414 1118 1458 88.
1156 1410 1483 1476 intelligitur,
1536 1410 1616 1459 cui
1653 1410 1822 1459 insunt

119 1493 360 1553 haecceQ
395 1492 639 1552 „Interim
700 1492 937 1540 sterilitas
986 1491 1215 1555 Mycenis
1263 1490 1462 1553 frugum
1510 1507 1568 1539 ac
1615 1491 1821 1555 penuria

118 1573 275 1621 oritur
302 1573 550 1642 oertrei
594 1573 776 1621 scelus.
846 1573 919 1621 Ibi
967 1588 1259 1637 responsum
1297 1576 1403 1629 est,
1448 1578 1507 1620 ut
1539 1572 1820 1634 Thyestem

116 1653 168 1701 iu
216 1647 426 1717 regnum
471 1654 784 1703 reduceret.'’
866 1653 1092 1716 Itemque
1141 1653 1292 1700 haec:
1341 1652 1585 1713 „Interim
1635 1652 1819 1699 Atreus

117 1733 272 1781 mittit
315 1734 737 1797 Agamemnonem
786 1738 839 1782 et
884 1733 1168 1782 Menelaum
1214 1733 1344 1780 filios
1381 1734 1442 1781 ad
1480 1733 1818 1796 quaerendum

116 1812 420 1879 Thyestem:
495 1815 581 1877 qui
653 1813 875 1878 Delphos
939 1815 1193 1878 petierunt
1259 1815 1583 1862 sciscitatum.
1687 1811 1819 1860 Casu

116 1893 371 1958 Thyestes
407 1911 467 1943 eo
503 1901 708 1944 venerat
740 1896 804 1943 ad
839 1899 1000 1942 sortes
1034 1893 1280 1942 tollendas
1317 1896 1381 1942 de
1412 1893 1600 1941 ultione
1627 1892 1818 1953 fratris,

115 1975 613 2038 comprehensusque
659 1977 718 2023 ab
769 1976 839 2023 eis
890 1976 953 2023 ad
999 1977 1210 2024 Atreum
1258 1973 1567 2038 perducitur.
1657 1973 1819 2035 Quem

116 2056 300 2103 Atreus
350 2057 399 2104 iu
449 2055 728 2103 custodiam
776 2056 953 2104 coniici
998 2055 1171 2113 iussit,
1223 2053 1622 2117 Aegisthumque
1655 2057 1817 2114 vocat,

115 2136 382 2183 aestimans
428 2151 572 2183 suum
619 2135 778 2182 filium
827 2150 966 2194 esse,
1016 2139 1068 2180 et
1103 2134 1255 2181 mittit
1290 2150 1403 2181 eum
1437 2134 1502 2181 ad
1537 2133 1818 2197 Thyestem

112 2215 515 2275 interficiendum
570 2214 702 2263 etc.'’
805 2214 884 2263 Ad
944 2213 1242 2278 Aegisthum
1292 2213 1342 2260 in
1394 2213 1489 2261 hac
1536 2214 1818 2263 narratione

114 2295 350 2342 translata
385 2299 498 2342 sunt
532 2311 620 2353 ea,
670 2309 798 2357 quae
834 2293 1080 2341 Plistheni
1113 2293 1290 2341 tribuit
1322 2298 1509 2342 noster.
1580 2294 1818 2343 Ceterum

115 2374 306 2423 caussis
341 2389 510 2422 rerum
543 2373 723 2422 iisdem
759 2374 831 2423 uti
864 2373 1054 2439 potuit,
1090 2389 1254 2437 neque
1283 2372 1331 2421 ei
1359 2374 1676 2424 coniecturae
1712 2373 1815 2423 fra-

114 2459 315 2521 gmenta
348 2455 688 2507 adversantur.

544 2792 1368 2847 D.-Theseus.

246 2936 463 2984 Caedem
508 2935 781 2987 Minotauri
827 2944 978 3003 atque
1026 2953 1245 2986 amorem
1289 2935 1539 2986 Ariadnae
1581 2936 1675 2984 hac
1709 2939 1811 2984 tra-

113 3014 294 3081 goedia
351 3024 724 3080 repraesentata
790 3019 949 3067 fuisse
1007 3017 1290 3083 fragmenta
1339 3016 1622 3065 ostendunt.
1705 3016 1812 3065 Eae

112 3111 196 3144 res
233 3110 343 3144 cum
380 3114 409 3144 a
442 3097 664 3161 pluribus
701 3099 1028 3164 scriptoribus
1062 3099 1251 3148 relatae
1285 3098 1410 3158 sint,
1455 3112 1600 3145 nemo
1638 3113 1811 3146 eorum

114 3174 370 3241 Euripidis
404 3179 630 3244 vestigiis
666 3179 944 3229 accuratius
978 3179 1252 3242 institisse,
1301 3179 1394 3227 sed
1425 3178 1714 3243 respexisse
1747 3176 1809 3226 ad

117 3269 231 3304 eum
262 3257 490 3322 plerique
522 3260 756 3310 videntur
774 3258 845 3323 ²⁸).

174 3422 226 3478 5⁵)
258 3422 329 3464 Cf.
357 3423 528 3468 Welck.
559 3441 603 3482 p.
632 3427 720 3470 733
759 3441 880 3483 seq„
918 3428 993 3483 qui
1033 3429 1183 3472 omisit
1222 3428 1425 3471 Malalae
1465 3427 1717 3481 chronogr.
1756 3424 1809 3467 Ia.

254 3493 327 3535 IV.
358 3508 402 3549 p.
431 3494 529 3539 1⁰7.
558 3497 652 3553 (87.
685 3498 839 3554 Nieb.)
870 3502 914 3544 et
943 3499 1121 3544 Tzetzis
1151 3499 1269 3543 Chil.
1298 3499 1378 3543 xl.
1409 3511 1453 3539 v.
1484 3495 1572 3539 549
1600 3509 1723 3552 seqq.

1377 3571 1442 3619 35
1457 3570 1482 3598 ³²²
