2144 3854
939 302 978 356 3

121 448 202 497 34.
226 438 533 506 Ἱππόλυτος
596 443 924 509 στεφανηφό-
980 447 1060 494 37.
1080 439 1220 497 Ἴων.

287 543 398 592 ρος.
703 538 705 540 ·
897 555 899 558 <
982 527 1065 583 38.
1097 524 1333 591 Κάδμος.

123 610 202 657 35.
237 603 507 673 Ἰφιγένεια
529 603 567 671 ἦ
588 603 646 656 ἐν
678 603 923 669 Ταύροις.
983 607 1062 654 39.
1100 606 1381 671 Κερκύων.

124 690 203 737 36.
238 685 511 753 Ἰφιγένεια
550 683 587 751 ἦ
628 681 687 736 ἐν
719 684 928 736 Αὐλίδι.

251 767 490 831 Deinceps
518 781 686 816 rursus
710 767 1008 817 monumenti
1031 767 1372 818 auctoritatem
1399 770 1664 838 sequimur,
1696 789 1784 827 no-

121 848 248 897 mina
279 850 518 913 ponentes
550 847 762 897 haecce:

120 929 202 976 40.
237 924 597 991 Κρεσφόντης.
980 928 1059 975 47.
1092 924 1420 993 Μελέαγρος.

122 1010 201 1057 41.
237 1007 494 1073 Κρῆσσαι.
980 1009 1058 1056 48.
1094 1006 1325 1074 Μήδεια.

119 1089 200 1138 42.
234 1087 454 1153 Κρῆτες.
978 1091 1058 1138 49.
1097 1087 1368 1150 Οἰδίπους.

118 1170 198 1218 43.
235 1166 490 1228 Κύκλωψ.
978 1173 1057 1220 50.
1099 1168 1300 1229 Οἰνεύς.

117 1249 199 1297 44.
232 1247 536 1314 Λικύμνιος.
978 1252 1060 1299 51.
1096 1248 1375 1315 Οἰνόμαος.

117 1329 196 1378 45.
227 1326 550 1393 Μελανίππη
584 1326 846 1393 δεσμῶτις.
979 1331 1056 1381 52.
1090 1329 1357 1396 Ὀρέστης.

115 1409 198 1459 46.
231 1407 553 1474 Μελανίππη
586 1407 622 1476 ἦ
655 1408 815 1476 σοφή.

249 1490 487 1540 Oenomai
519 1506 698 1540 nomen
731 1507 792 1540 eo
827 1490 993 1540 statim
1027 1490 1152 1554 loco,
1188 1508 1285 1557 quo
1317 1492 1461 1542 iussit
1492 1494 1615 1545 ordo
1646 1496 1784 1549 litte-

116 1585 309 1632 rarum,
342 1570 548 1619 inserui:
580 1570 631 1618 in
663 1576 982 1620 monumento
1016 1571 1147 1619 enim
1181 1571 1278 1621 hoc
1308 1587 1486 1622 nomen
1520 1590 1631 1626 cum
1665 1578 1783 1628 reli-

118 1650 228 1714 quis
286 1649 555 1699 abscissum
608 1655 698 1699 est.
785 1650 991 1714 Reliqua
1039 1649 1212 1699 lacuna
1257 1651 1328 1700 sic
1381 1653 1622 1718 explenda
1671 1673 1785 1708 esse

116 1727 340 1778 videtur:

117 1810 197 1857 53.
233 1805 572 1872 Παλαμήδης.
977 1810 1055 1857 64.
1092 1807 1338 1872 Σκύριαι.

116 1889 195 1935 54.
230 1884 497 1947 Πελιάδες.
975 1889 1055 1937 65.
1091 1887 1313 1948 Συλεύς.

115 1969 194 2016 55.
228 1965 457 2032 Πηλεύς.
975 1970 1054 2017 66.
1094 1967 1349 2034 Τήλεφος.

114 2049 194 2097 56.
229 2043 569 2113 Πλεισθένης.
975 2050 1054 2099 67.
1095 2047 1395 2114 Τημενίδαι.

113 2131 194 2178 57.
227 2126 508 2188 Πολύϊδος.
974 2130 1054 2179 68.
1099 2128 1360 2197 Τρῳάδες.

113 2209 192 2257 58.
228 2204 609 2273 Πρωτεσίλαος.
975 2211 1054 2259 69.
1081 2201 1367 2277 Ὑψιπύλη.

114 2289 194 2339 59.
220 2280 422 2356 Ῥῆσος.
975 2292 1054 2340 70.
1094 2287 1342 2342 Φαέθων.

112 2371 196 2419 60.
229 2367 541 2436 Σθενέβοια.
974 2373 1052 2421 71.
1089 2370 1424 2438 Φιλοκτήτης.

113 2450 196 2504 61.
213 2448 458 2517 Σίσυφος
470 2450 598 2515 (sive
611 2449 920 2512 Αὐτόλυκος
975 2454 1054 2502 72.
1091 2450 1292 2514 Φοῖνιξ.

278 2529 560 2599 δεύτερος).
974 2534 1053 2581 73.
1093 2531 1386 2584 Φοίνισσαι.

118 2611 198 2658 62.
232 2609 463 2676 Σκίρων.
975 2614 1054 2662 74.
1094 2611 1302 2677 Φρίξος.

115 2691 197 2738 63.
231 2689 463 2742 Σκύλλα.
975 2692 1054 2740 75.
1092 2691 1418 2756 Χρύσιππος.

241 2770 389 2821 Hunc
420 2771 694 2821 fabularum
727 2786 984 2820 numerum
1017 2770 1175 2821 fuisse
1206 2772 1365 2824 Varro
1396 2773 1527 2838 apud
1571 2772 1782 2827 Gellium

38 2903 42 2906 ,
114 2846 269 2912 XVII,
296 2852 345 2899 4.
376 2856 587 2901 testatur
619 2851 696 2900 his
730 2851 921 2900 verbis:
955 2850 1281 2918 „Euripidem
1303 2867 1498 2917 quoque
1526 2851 1598 2903 M.
1622 2853 1783 2906 Varro

116 2930 214 2994 ait,
257 2946 405 2996 quum
451 2932 733 2996 quinque
767 2937 832 2981 et
881 2932 1310 2998 septuaginta
1355 2932 1630 2996 tragoedias
1681 2933 1782 2999 (fa-

114 3009 319 3075 bulas‘3)
366 3011 651 3077 scripserit,
700 3012 749 3060 in
795 3012 1009 3077 quinque
1054 3011 1174 3061 solis
1218 3012 1426 3075 vicisse,
1472 3028 1622 3077 quum
1668 3031 1782 3065 eum

116 3104 264 3156 saepe
295 3092 545 3142 vincerent
576 3091 723 3155 aliqui
755 3095 932 3156 poetae
962 3090 1310 3155 ignavissimi.'’
1375 3092 1499 3142 Cum
1535 3109 1631 3157 quo
1665 3110 1783 3144 eon-

116 3170 271 3219 sentit
301 3169 656 3237 Moschopulus
687 3172 739 3220 iu
772 3172 871 3220 vita
903 3170 1177 3236 Euripidis:
1225 3170 1486 3239 Δράματα
1520 3170 1579 3222 δὲ
1612 3171 1784 3224 αύτοῦ

115 3247 246 3299 κατὰ
277 3246 376 3315 μέν
396 3266 542 3310 τινας
574 3246 1054 3317 ἑβδομήκοντα
1085 3249 1312 3317 πέντε,
1346 3250 1480 3304 κατὰ
1507 3249 1566 3303 δὲ
1588 3253 1784 3315 ἄλλους

117 3323 432 3396 ἐνενήκοντα
465 3330 583 3383 δύο.
651 3330 803 3392 νίκας
836 3329 893 3382 δὲ
928 3330 1086 3383 εἵλετο
1119 3330 1300 3396 πέντε,
1346 3331 1439 3394 τὰς
1469 3330 1568 3398 μὲν
1600 3331 1781 3385 τέσσα-

118 3424 215 3473 ρας
261 3411 485 3477 περιών,
533 3409 630 3479 τὴν
674 3409 732 3464 δὲ
775 3411 901 3479 μίαν
944 3411 1071 3477 μετὰ
1113 3411 1211 3480 τὴν
1255 3412 1513 3481 τελευτήν.
1591 3414 1782 3482 Eadem

119 3490 266 3541 verba
294 3492 344 3541 in
371 3493 550 3543 Suidae
577 3494 733 3544 lexico
758 3495 998 3545 habentur
1021 3499 1073 3544 et
1102 3499 1304 3560 praeter
1325 3511 1384 3546 ea
1408 3497 1534 3546 haec
1556 3510 1779 3560 quoque:

396 3573 402 3577 .
1208 3578 1234 3621 1
1262 3574 1290 3604 *
