2144 3854
1164 236 1245 292 78

377 388 455 451 agi
485 386 692 445 solitam,
726 398 822 433 non
854 399 883 432 a
915 380 1180 433 Theodoro
1213 398 1424 448 unquam
1457 388 1541 433 aut
1572 385 1883 438 Aristodemo
1902 426 1917 452 ,
1953 405 2034 440 re-

374 482 463 532 ges
496 471 824 530 tyrannosque
855 463 999 512 tertio
1029 463 1140 512 loco
1163 463 1433 527 agentibnS‚
1466 469 1880 529 repraesentatam
1906 483 2033 522 esse.

375 544 584 593 Miratur
616 542 983 601 ValckenariuS,
1017 543 1174 606 quod,
1223 559 1331 594 cum
1366 544 1510 592 toties
1559 544 1767 609 pudicus
1812 533 2036 601 laudetur

373 622 690 686 Hippolytus,
724 628 823 672 tam
856 638 964 672 rara
995 622 1254 687 Euripidei
1291 623 1420 672 facta
1452 623 1715 673 Phoenicis
1748 627 1928 675 mentio
1957 628 2035 690 sit,

373 706 518 764 atque
550 703 656 750 eius
690 704 760 751 rei
794 719 1011 751 caussam
1046 703 1093 751 in
1126 702 1343 751 Homero
1379 705 1597 766 quaerit,
1643 704 1783 754 cuius
1823 707 2035 756 auctori-

371 785 521 830 tatem
555 782 688 831 videt
721 783 940 833 omnibus
973 783 1206 832 debuisse
1250 783 1452 831 aliorum
1496 784 1847 834 narrationibus
1894 802 2035 854 prae-

368 860 550 909 valere.

498 940 812 1007 Scripseruut
843 945 893 990 et
926 940 1199 1005 Sophocles
1233 947 1286 991 et
1317 941 1403 990 Ion
1435 941 1740 1002 Phoenices,
1790 943 1879 993 sed
1914 961 2034 995 neu-

369 1024 446 1068 ter
471 1020 603 1069 idem
647 1025 794 1085 atque
838 1020 1104 1085 Euripides
1155 1024 1493 1086 argumentum
1544 1026 1784 1072 tractasse
1815 1024 2035 1083 videtur3

367 1098 432 1149 cf.
465 1100 657 1152 welck.
692 1118 741 1166 p.
778 1102 887 1150 140.
924 1106 974 1150 et
1004 1103 1117 1149 955.

1033 1265 1359 1272 ——--—.—-.—.---

741 1430 803 1487 C.
903 1429 1642 1487 Stheneboea.

492 1566 842 1630 Argumentum
891 1565 1036 1614 huius
1083 1563 1275 1613 fabulae
1309 1579 1466 1627 nuper
1499 1581 1527 1612 a
1559 1562 1750 1612 Walzio
1783 1563 2031 1613 inventum

362 1650 456 1707 est,
488 1645 690 1709 margini
723 1645 1022 1709 adscriptum
1067 1643 1177 1695 cod.
1212 1642 1446 1703 Medicei‚
1482 1643 1563 1705 qui
1598 1641 1826 1707 Gregorii
1861 1642 2033 1692 Corin-

361 1727 453 1775 thii
487 1725 671 1774 scholia
703 1725 765 1773 ad
799 1724 1162 1788 Hermogenem
1196 1720 1312 1786 περὶ
1336 1721 1574 1786 μεθόδου
1598 1720 1893 1784 δεινότητος
1917 1737 2032 1770 οοη-

359 1807 485 1855 tinet
519 1802 694 1870 (XXX,
729 1802 862 1866 13.),
908 1803 1200 1865 initiumque
1247 1804 1352 1852 eius
1387 1819 1496 1851 cum
1530 1803 1673 1868 vulgo
1709 1802 2031 1851 communica-

357 1891 461 1935 tum
491 1885 541 1932 in
567 1882 714 1932 Rhet.
747 1883 924 1931 Graec.
952 1881 1014 1931 T.
1049 1879 1158 1932 VII.
1187 1898 1234 1947 p.
1258 1884 1398 1932 1321.
1466 1882 1735 1931 Plurimum
1769 1886 1935 1930 autem
1969 1879 2029 1929 ad

357 1962 743 2030 cognoscendam
768 1962 998 2010 dramatis
1027 1966 1318 2008 structuram
1350 1962 1555 2010 contulit
1568 1962 1889 2011 Welckerus:
1914 1975 2030 2009 nam

356 2061 507 2109 quum
540 2042 648 2091 folii
681 2046 883 2106 ruptura
915 2040 1133 2089 lacunosi
1165 2039 1349 2088 litteras
1385 2055 1553 2089 omnes
1607 2040 1886 2104 diligentius
1919 2041 2029 2088 imi-

352 2123 525 2172 tandas
560 2121 934 2184 reddendasque
967 2124 1202 2180 curasset,
1239 2121 1532 2169 coniecturis
1562 2120 1760 2168 lacunas
1788 2118 2029 2184 explendo

352 2204 515 2252 locum
559 2206 714 2250 totum
761 2200 1022 2265 expedivit.
1112 2199 1186 2248 De
1243 2200 1416 2264 quibus
1461 2205 1625 2249 tamen
1675 2200 2029 2264 supplementis

350 2298 447 2332 non
479 2281 661 2344 ubique
695 2280 818 2329 mihi
850 2296 960 2329 cum
993 2280 1096 2328 viro
1130 2281 1554 2345 praestantissimo
1589 2281 1838 2340 convenit,
1884 2295 2029 2343 quam

349 2362 726 2426 discrepantiam
750 2361 799 2408 in
822 2360 949 2410 notis
978 2359 1219 2411 indicabo.
1287 2358 1450 2409 Verba
1478 2360 1627 2423 igitur
1651 2358 1878 2422 Gregorii
1905 2357 2029 2406 haec

350 2446 490 2491 sunt:
543 2441 724 2490 Ταῦτα
755 2437 888 2505 λέγει
922 2431 1219 2504 Εὐριπίδης
1252 2436 1309 2489 ἐν
1341 2436 1641 2506 Σθενεβοίᾳ
1674 2437 1747 2506 τῷ
1782 2435 2026 2502 δράματι,

349 2518 570 2585 εἰςάγων
603 2519 696 2571 τὸν
730 2519 1161 2585 Βελλεροφόντην
1192 2520 1656 2586 γνωμολογοῦντα.
1708 2511 1856 2569 ’Ἐστι
1904 2514 1963 2567 δὲ
1993 2515 2029 2583 ἦ

347 2600 603 2661 ὑπόθεσις
637 2597 785 2667 αὕτη.
854 2602 1087 2666 Προῖτος
1119 2594 1188 2667 ἦν
1227 2596 1551 2665 ’Λκάμαντος
1583 2597 1728 2660 υἱός,
1756 2594 2025 2664 Ἀκρισίου

347 2681 406 2734 δὲ
443 2680 738 2746 [άδελφός],
787 2674 1029 2747 βασιλεὺς
1073 2679 1130 2732 δὲ
1183 2680 1476 2745 Τίρυνθος·
1527 2680 1697 2747 γήμας
1743 2677 1801 2730 δὲ
1830 2676 2025 2748 Σθενέ-

346 2763 535 2829 βοιαν,
585 2760 637 2824 ἐξ
687 2756 849 2829 αὐτῆς
869 2819 873 2824 ,
896 2759 1139 2828 ἐγέννησε
1183 2761 1392 2822 παῖδας.
1486 2757 1916 2824 Βελλεροφόντου
1968 2755 2025 2808 δὲ

342 2842 640 2910 φεύγοντος
672 2839 729 2895 ἐκ
777 2842 1058 2907 Κορίνθου
1109 2841 1196 2894 διὰ
1240 2841 1446 2907 φόνον,
1498 2836 1663 2891 αὐτὸν
1706 2836 1821 2905 μὲν
1843 2836 2024 2906 ἥγνισε
2062 2866 2065 2868 -

342 2927 442 2974 τοῦ
473 2923 695 2988 μύσους,
749 2922 785 2990 ἡ
816 2921 955 2989 γυνὴ
990 2921 1047 2975 δὲ
1081 2919 1270 2982 αύτ[οὔ
1303 2920 1398 2973 τὸν
1432 2919 1583 2984 ξένον
1615 2917 1730 2986 μὲν]
1767 2918 2021 2987 ἠγάπησε,

340 3006 519 3070 τυχεῖν
554 3002 611 3054 δὲ
658 2997 726 3055 οὐ
776 3001 1045 3070 δυναμένη
1094 3008 1192 3056 τοῦ
1239 3001 1683 3068 ἐπιθυμηθέντος,
1737 3000 2021 3067 διέβαλλεν,

344 3082 415 3144 ὡς
459 3081 759 3135 ἐπιτεθέντα
811 3077 947 3150 αὐτῇ
965 3121 978 3143 ,
1041 3083 1135 3135 τὸν
1199 3083 1513 3149 Κορίνθιον.
1592 3079 1839 3142 Πεισθεὶς
1885 3080 1942 3133 δὲ
1990 3081 2021 3133 ὁ

346 3166 596 3229 Προῖτος,
632 3163 912 3231 ἐξέπεμψεν
947 3158 1112 3216 αὐτὸν
1145 3164 1217 3226 εἰς
1248 3162 1487 3227 Καρίαν,
1523 3162 1612 3216 ἵνα
1645 3162 1900 3230 ἀπόληται
1933 3161 2020 3214 διὰ

349 3243 416 3297 τὰ
460 3245 778 3311 ,[γράμματα,
830 3246 881 3306 ἃ]
928 3243 1160 3297 ἐκέλευσε
1192 3245 1325 3312 πρὸς
1349 3239 1589 3311 Ἰοβάτην
1622 3239 1952 3308 διακομίζειν.
1989 3241 2021 3294 ὁ

347 3323 406 3377 δὲ
463 3329 575 3387 τοῖς
628 3327 900 3393 γράμμασι
942 3325 1178 3388 άκούσας
1230 3325 1441 3391 πράττει
1485 3327 1665 3391 (scribe
1711 3323 2020 3384 ὑπακούσας

345 3405 565 3472 πράττει
595 3407 740 3477 τάδε)
757 3422 769 3437 ·
803 3406 1112 3474 προςέταξεν
1145 3400 1288 3478 αὐτῷ
1314 3406 1744 3460 διακινδυνεῦσαι
1767 3403 1903 3471 πρὸς
1921 3401 2019 3470 τὴν
