2144 3854
941 307 1066 368 259

157 458 388 512 trimonia
418 458 584 509 ductis
615 473 779 523 neque
811 458 918 508 rem
950 455 1244 506 familiarem
1290 455 1445 506 dividi
1477 472 1639 523 neque
1672 459 1837 511 studia

158 556 349 599 eorum,
384 540 470 604 qui
503 539 599 588 sint
632 538 854 588 eiusdem
887 536 1122 596 familiae,
1158 537 1386 596 distrahi,
1421 538 1509 588 sed
1535 538 1837 590 firmissimis

158 620 380 671 caritatis
426 618 825 685 cognationisque
871 616 1079 665 vinculis
1127 615 1391 666 adstrictos
1447 634 1620 668 omnes
1684 620 1839 670 instar

158 701 304 751 unius
338 706 388 749 et
421 699 483 748 ad
516 697 740 748 inimicos
785 696 1096 746 ulciscendos
1132 700 1183 745 et
1224 696 1286 745 ad
1321 699 1594 763 augendam
1627 700 1839 766 opulen-

159 781 276 830 tiam
310 781 440 828 inter
472 794 528 828 se
562 778 928 843 conspiraturos
963 791 1092 825 esse.

291 858 415 907 Eam
441 858 732 907 familiarum
750 856 890 920 quasi
911 855 1377 918 conglutinationem
1394 862 1541 922 atque
1566 861 1839 914 alienorum

158 939 491 988 exclusionem
504 942 673 985 contra
699 942 923 986 naturam
951 951 1064 984 esse
1092 941 1232 999 pater
1251 938 1487 998 ostendit,
1510 947 1562 987 ut
1589 956 1714 1003 quae
1743 959 1838 994 non

157 1018 315 1067 solum
341 1017 606 1083 sanguinis,
640 1017 728 1064 sed
755 1015 905 1065 etiam
937 1016 1119 1080 legum,
1154 1016 1510 1079 institutorum,
1544 1019 1705 1070 iurum
1731 1039 1840 1072 ser-

157 1098 410 1163 monisque
463 1096 806 1145 communione
842 1103 909 1145 ·et
942 1097 1077 1145 vario
1111 1096 1244 1146 vitae
1277 1100 1580 1149 commercio
1613 1101 1841 1153 homiues

154 1177 284 1228 inter
317 1192 374 1225 se
404 1176 539 1240 iungi
573 1175 811 1237 voluerit,
858 1177 1132 1241 eademque
1183 1177 1310 1226 duce
1353 1195 1599 1244 pauperes
1634 1183 1842 1247 opulen-

154 1262 334 1321 tosque
396 1256 678 1322 promiscue
733 1256 785 1305 in
831 1257 1036 1307 urbibus
1082 1257 1327 1307 habitare.
1364 1274 1526 1324 neque
1576 1264 1841 1329 separatim

154 1337 370 1388 condere
402 1337 622 1386 civitates
635 1354 651 1386 ε

286 1415 479 1488 δοκεῖτ’
515 1414 586 1467 ἂν
618 1414 785 1467 οἰκεῖν
817 1419 996 1482 γαῖαν,
1032 1415 1077 1468 εἰ
1109 1414 1271 1483 πένης
1305 1415 1445 1480 ἅπας

287 1495 418 1558 λαὸς
451 1497 782 1549 πολιτεύοιτο
817 1496 1092 1550 πλουσίων
1125 1499 1280 1563 ἄτερς

289 1577 392 1630 οὐκ
425 1576 495 1629 ἂν
526 1574 736 1644 γένοιτο
771 1576 930 1646 χωρὶς
963 1575 1127 1630 ἐσθλὰ
1158 1578 1250 1631 καὶ
1281 1578 1437 1643 κακά,

287 1658 400 1710 ἀλλ’
438 1655 546 1709 ἔστι
575 1676 654 1720 τις
690 1660 994 1727 σύγκρασις,
1032 1657 1150 1720 ὥςτ’
1185 1657 1320 1727 ἔχειν
1352 1660 1542 1722 καλῶς.

289 1739 325 1790 ἃ
358 1737 431 1806 μὴ
465 1738 568 1805 γὰρ
605 1738 711 1791 ἔστι
744 1742 817 1811 τῷ
852 1740 1053 1808 πένητι,
1088 1740 1345 1802 πλούσιος

291 1819 493 1882 δίδωσ’,
529 1821 563 1870 ἃ
597 1820 646 1871 δ’
683 1820 738 1872 οἱ
767 1824 1127 1882 πλουτοῦντες
1162 1821 1229 1873 οὐ
1263 1819 1578 1889 κεκτήμεθα,

288 1903 458 1954 τοῖσιν
490 1900 677 1967 πένησι
711 1902 973 1969 χρώμενοι
1006 1902 1316 1969 θηρώμεθα.

157 1984 296 2033 Haec
331 1999 504 2032 rursus
539 1975 802 2033 Macareus
836 1987 1118 2050 impugnat3
1165 1989 1269 2033 tum
1304 1988 1453 2048 turpe
1489 1998 1630 2046 esse,
1681 1985 1724 2035 si
1759 2001 1842 2036 so-

154 2079 294 2112 rores
329 2062 563 2112 fratribus
598 2065 798 2125 nubant,
835 2071 1013 2128 negat:
1051 2065 1173 2113 nihil
1207 2065 1338 2112 enim
1371 2079 1463 2128 per
1496 2079 1552 2113 se
1587 2066 1663 2114 vel
1695 2072 1844 2133 turpe

154 2144 233 2192 vel
267 2144 531 2192 honestum
567 2160 698 2204 esse,
735 2146 825 2193 sed
859 2146 1077 2194 moribus
1113 2145 1232 2193 solis
1267 2150 1320 2194 et
1354 2146 1712 2196 consuetudine
1737 2153 1843 2197 tur-

154 2225 232 2288 pia
266 2228 319 2273 et
351 2223 558 2273 honesta
592 2225 834 2273 discerni:

287 2304 408 2365 ὄψει
441 2302 686 2367 διαθρῶν
721 2302 882 2355 οὐδὲν
916 2302 985 2355 ἂν
1016 2302 1190 2372 πάντῃ
1222 2303 1392 2355 καλὸν

287 2382 408 2435 οὐδ’
443 2383 689 2450 αἰσχρόν·
727 2384 860 2436 ἀλλὰ
893 2387 1038 2436 τοῦτ’
1074 2381 1318 2449 ἐποίησεν
1361 2382 1544 2450 λαβὼν

288 2462 320 2515 ὁ
353 2464 537 2530 καιρὸς
572 2464 761 2531 αἰσχρὰ
793 2465 883 2516 καὶ
918 2465 1196 2528 διαλλάξας
1229 2464 1448 2529 καλοίῗῑῑ).

156 2542 565 2595 contentionibus
593 2547 848 2596 altercatio
867 2548 1172 2608 annectitur,
1207 2547 1257 2596 in
1285 2563 1379 2610 qua
1410 2545 1499 2594 filii
1526 2546 1844 2597 concubitum

155 2623 399 2674 incestum
437 2626 752 2676 defendentis
787 2627 912 2676 haec
947 2627 1108 2676 fuisse
1141 2628 1401 2675 videntur:
1823 2624 1825 2627 ⁴

285 2702 324 2771 ἦ
355 2703 517 2770 φύσις
550 2705 815 2771 ἐβούλεθ’,
849 2698 885 2772 ’ᾗ
919 2705 1105 2771 νόμων
1141 2704 1302 2756 οὐδὲν
1335 2702 1477 2770 μέλει
1504 2702 1600 2768 Μ.)

287 2864 339 2916 τί
373 2865 421 2918 δ’
460 2866 695 2933 αἰσχρόν,
729 2865 799 2934 ἢν
832 2865 903 2934 μὴ
936 2869 1075 2918 τοῖσι
1109 2864 1399 2933 χρωμένοις
1434 2863 1602 2931 δοκῇς

156 2944 426 3012 Postquam
463 2956 607 3013 pater
641 2951 691 2999 in
726 2966 813 2998 sua
849 2949 1095 2998 sententia
1129 2963 1454 3014 perseverans
1489 2945 1748 3010 discessit,
1784 2945 1848 2995 de

156 3026 274 3092 fuga
310 3029 493 3093 cogitat
527 3029 820 3080 Macareus:

290 3133 356 3145 —-
488 3135 555 3146 -
689 3139 750 3147 —-
886 3107 999 3160 ἀλλ’
1034 3107 1180 3173 ὅμως

291 3187 502 3253 οἰκτράς
533 3205 613 3250 τις
647 3188 780 3241 αἰὼν
814 3189 1073 3255 πατρίδος
1106 3187 1334 3242 ἐκλιπεῖν
1368 3185 1566 3254 ὅρους.·

215 3301 264 3358 ³⁸)
292 3304 417 3346 Sext.
445 3305 578 3360 Emp.
609 3303 769 3360 disput.
801 3303 1042 3360 Antiscept.
1073 3318 1147 3361 ap.
1178 3304 1360 3348 Fabric.
1402 3301 1524 3345 Bibl.
1557 3300 1634 3343 Gr.
1663 3299 1714 3352 V,
1733 3296 1775 3338 7.
1801 3311 1846 3352 p.

296 3371 395 3416 623.
453 3375 664 3418 Meineke
704 3375 763 3419 ad
801 3376 921 3419 Men.
963 3390 1007 3431 p.
1039 3373 1144 3418 201:
1203 3376 1344 3431 „Sunt
1380 3374 1574 3418 fortasse
1622 3365 1849 3425 Euripidis

298 3445 498 3489 versus.”

189 3513 270 3567 *ἢ
297 3513 485 3571 Frugm.
514 3515 600 3560 inc.
632 3515 730 3560 171.
761 3531 806 3572 p.
836 3514 934 3559 409.
966 3514 1128 3560 Matth.
1413 3568 1516 3620 17*
