2144 3854
1075 260 1198 315 168

289 411 616 473 maritumque
650 406 758 456 eius
792 399 1081 469 eiragitavit,
1129 421 1226 469 qua
1270 403 1429 469 ipsius
1474 419 1655 455 nomen
1697 405 1983 470 turpissime

292 483 670 556 depravavit*)‚
704 485 946 551 flagitium
981 484 1232 547 mulieris,
1265 485 1309 534 si
1343 485 1496 533 ullum
1529 485 1736 545 fuisset,
1770 485 1983 544 omissu-

291 587 399 619 rum
435 569 592 617 fuisse
627 566 895 632 putamus?
964 565 1168 615 Scilicet
1201 564 1546 631 opportunitas
1581 563 1742 629 stupri
1767 579 1983 614 comme-

292 647 517 697 morandi
547 646 680 695 nulla
725 646 931 695 dabatur
976 662 1036 696 eo
1079 646 1219 707 loco,
1275 661 1371 710 quo
1425 643 1717 693 foedissima
1760 659 1986 707 quaeque

290 728 554 776 mulierum
597 725 817 775 facinora
861 731 1196 775 recensentur.
1285 725 1370 774 Sin
1414 725 1656 790 fingamus
1706 724 1989 776 Choerillae

290 823 471 857 nomen
523 822 634 855 cum
683 805 962 855 Melittonis
1006 810 1342 871 permutatum
1390 820 1504 853 esse
1552 820 1580 852 a
1637 805 1987 870 grammaticis,

292 902 501 951 quorum
536 886 687 935 verba
723 901 872 951 supra
905 886 1193 950 posuimus3
1229 887 1270 935 si
1299 901 1546 933 sumamus
1582 880 1858 934 Melittonis
1894 885 1988 934 im-

292 967 583 1032 pudicitiam
616 981 841 1014 caussam
876 965 1035 1014 fuisse
1067 965 1331 1032 Hippolyti
1366 964 1561 1014 fabulae
1597 964 1905 1024 scribendae,
1939 968 1992 1014 et

291 1047 558 1111 posteriori
618 1045 821 1094 demum
879 1051 1132 1110 tempore,
1192 1045 1724 1110 Thesmophoriazusis
1781 1045 1880 1094 iam
1937 1044 1990 1094 in

292 1126 489 1174 theatro
537 1125 799 1186 exhibitis,
856 1124 1159 1173 Choerillam
1206 1141 1233 1173 a
1279 1125 1684 1190 Cephisophonte
1718 1129 1990 1190 stupratam

292 1221 423 1267 esse,
457 1206 604 1254 huius
639 1210 804 1254 autem
839 1205 1060 1253 mulieris
1092 1205 1298 1251 libidine
1335 1205 1520 1252 factum
1557 1221 1704 1263 esse,
1742 1210 1796 1252 ut
1830 1221 1859 1253 e
1892 1221 1991 1269 pa-

291 1285 385 1334 tria
418 1285 684 1349 Euripides
721 1285 1015 1333 decederet:
1061 1288 1276 1347 aetatem
1322 1282 1479 1347 ipsam
1531 1285 1752 1333 mulieris
1799 1284 1991 1333 libidini

293 1365 548 1413 obstitisse
580 1364 874 1412 videbimus.
942 1362 1071 1411 Tres
1107 1363 1239 1412 enim
1275 1377 1336 1411 ex
1383 1362 1630 1411 Choerilla
1664 1364 1812 1425 finos,
1843 1368 1991 1428 patre

293 1459 391 1493 non
424 1444 679 1506 indignos,
734 1443 963 1507 Euripidi
997 1443 1214 1492 sublatos
1250 1458 1364 1491 esse
1411 1443 1740 1492 consentienti
1775 1444 1991 1508 scripto-

294 1539 401 1571 rum
450 1523 736 1571 testimonio
780 1522 1015 1570 traditum
1063 1528 1143 1570 est
1166 1519 1278 1584 **):
1342 1537 1554 1584 quorum
1602 1522 1830 1570 minimus
1872 1527 1992 1571 natu

295 1604 514 1651 dramata
549 1602 707 1667 patris
741 1602 924 1650 docere
959 1602 1123 1666 coepit
1160 1600 1239 1649 01.
1274 1603 1355 1663 93,
1371 1602 1421 1647 4.
1457 1616 1581 1649 anno
1615 1602 1847 1668 404³²‘³'⁵*).
1914 1603 1992 1651 Eo

293 1674 437 1746 igitur
471 1687 698 1747 tempore
732 1681 872 1730 illum
908 1681 1107 1745 triginta
1152 1697 1387 1730 annorum
1438 1680 1597 1729 fuisse
1645 1695 1852 1750 nec-esse
1898 1685 1994 1743 est,

294 1769 563 1825 natumque
609 1762 822 1811 eundem
872 1760 1028 1810 fuisse
1076 1778 1201 1810 anno
1247 1762 1360 1810 434.
1428 1761 1578 1810 Unde
1628 1767 1837 1811 matrem
1885 1761 1996 1812 eius

295 1841 525 1906 Euripidi
570 1843 801 1908 nupsisse
852 1850 967 1891 ante
1015 1857 1194 1890 annum
1228 1844 1344 1893 440.
1379 1841 1458 1890 vel
1505 1840 1584 1890 Ol.
1610 1843 1751 1900 84,4.
1786 1858 1995 1892 necesse

297 1927 388 1970 est.
457 1922 597 1972 Anno
632 1927 794 1970 autem
825 1924 938 1971 40⁷.
974 1922 1052 1970 vel
1085 1924 1201 1970 408.
1241 1921 1533 1987 Euripidem
1566 1921 1618 1970 in
1649 1922 1995 1972 Macedoniam

298 2003 607 2051 concessisse
642 2007 849 2051 constat.
917 2002 1053 2067 Ergo
1090 2001 1355 2062 Choerilla,
1396 2016 1492 2067 quo
1517 2008 1743 2066 tempore
1767 2007 1995 2067 stuprum

298 2097 446 2147 passa
478 2098 592 2130 esse
625 2081 855 2146 fingitur,
909 2081 1019 2145 plus
1056 2082 1404 2145 quinquaginta
1438 2097 1588 2130 annos
1636 2087 1748 2131 nata
1792 2088 1901 2132 erat
1946 2088 1998 2133 et

297 2162 409 2226 plus
442 2161 646 2224 triginta
687 2177 840 2210 annos
884 2161 1036 2210 fidem
1072 2162 1364 2209 matrimonii
1396 2163 1733 2225 incorruptam
1767 2178 1995 2213 servave-

297 2247 389 2290 rat.
457 2240 683 2290 Hoccine
700 2241 939 2290 credibile
963 2242 1081 2290 est?
1129 2241 1394 2304 Purgatam
1416 2241 1568 2306 igitur
1594 2243 1796 2291 crimine
1823 2242 1996 2293 Choe-

299 2320 461 2369 rillam
495 2337 609 2370 esse
641 2322 890 2387 intelligis.
957 2320 1271 2384 Relinquitur
1304 2321 1503 2369 Melitto
1539 2320 1729 2370 crimini
1763 2323 1996 2376 obnoxia.

299 2399 474 2449 Potest
506 2402 635 2450 enim
671 2401 923 2450 Choerilla
957 2401 1119 2466 paullo
1155 2406 1283 2465 post,
1320 2417 1464 2465 quam
1498 2400 1663 2450 fabula
1698 2401 1995 2467 Aristopha-

299 2482 377 2530 nis
413 2480 561 2530 docta
595 2489 718 2542 erat,
755 2498 785 2530 e
816 2483 916 2531 vita
950 2481 1273 2542 discessisse3
1308 2486 1478 2546 potest
1512 2480 1654 2529 dolor
1677 2482 1862 2545 probae
1885 2498 1997 2532 mu-

298 2561 435 2622 lieri,
483 2578 634 2625 quum
678 2566 730 2610 et
776 2578 832 2610 se
877 2568 929 2611 et
962 2566 1155 2626 patrem
1191 2566 1244 2610 et
1277 2562 1506 2610 maritum
1542 2577 1570 2608 a
1604 2567 1751 2625 poeta
1784 2561 1998 2627 impudi-

300 2641 500 2690 cissimo
526 2641 725 2706 indigne
748 2646 990 2691 tractatos
1021 2657 1134 2690 esse
1156 2641 1438 2700 audivisset,
1474 2647 1684 2690 mortem
1713 2646 1998 2706 praematu-

300 2738 407 2770 ram
441 2721 697 2780 attulisse‚
745 2738 902 2786 eaque
944 2721 1178 2771 defuncta
1223 2720 1423 2769 Melitto
1468 2737 1494 2768 a
1530 2727 1704 2785 poeta,
1747 2721 1997 2786 grandiori

301 2806 437 2858 natu,
476 2802 623 2850 ducta
655 2802 705 2851 in
740 2801 1105 2851 matrimonium
1138 2816 1268 2849 esse.
1335 2800 1511 2864 Neque
1545 2801 1723 2861 mirer,
1759 2802 1803 2849 si
1837 2801 1996 2850 minus

302 2881 551 2930 delectata
597 2881 662 2930 sit
709 2882 848 2947 virgo
892 2882 1067 2930 marito
1120 2885 1172 2929 et
1206 2895 1325 2929 sene
1359 2883 1410 2928 et
1441 2880 1518 2928 rei
1550 2880 1806 2930 familiaris
1841 2881 1997 2947 negli-

384 3024 422 3076 ')
453 3022 582 3064 Facit
611 3022 730 3063 enim
766 3021 1094 3064 Mnesilochum
1136 3023 1311 3076 patrem
1350 3019 1605 3062 Choerillae
1647 3024 1903 3076 precantem
1932 3020 1998 3063 sic

441 3093 507 3147 (v.
536 3090 680 3146 289.):

553 3162 634 3205 καὶ
660 3157 745 3216 τήν
773 3159 1011 3218 θυγατέρα
1039 3164 1263 3218 Χοῖρον
1291 3156 1462 3215 ἀνδρός
1491 3176 1571 3216 μοι
1601 3162 1754 3216 τυχεῖν
1807 3201 1810 3204 ,

552 3232 881 3284 πλουτοῦντος,
910 3229 1055 3281 ἄλλως
1080 3227 1121 3275 τ’
1150 3230 1339 3286 ἠλιθίου
1368 3226 1655 3287 κάβελτέρου.

349 3303 415 3358 **)
445 3301 626 3355 Suidae,
643 3302 1180 3358 Moschopuli,·Thomae
1203 3301 1284 3354 Μ.,
1305 3300 1430 3343 Vitae
1453 3303 1550 3344 cod.
1575 3303 1724 3345 Havn.
1744 3303 1789 3343 et
1808 3299 1994 3343 Mediol.

319 3373 412 3428 ***)
441 3372 615 3416 Fratris
643 3371 787 3415 filium
813 3371 952 3414 fuisse
980 3386 1095 3414 unus
1121 3375 1294 3415 tantum
1330 3371 1599 3427 scriptorum
1626 3372 1788 3419 suidas
1826 3370 1995 3423 refert3

447 3443 503 3487 cf.
531 3443 734 3487 Boeckh.
766 3444 821 3486 de
850 3457 921 3499 gr.
950 3446 1067 3501 trag.
1097 3441 1237 3500 princ,
1267 3456 1310 3497 p.
1338 3439 1438 3486 225.
