2144 3854
983 270 1098 327 1⁰1

186 419 343 468 rendo
392 418 456 466 ad
507 418 753 467 tollendos
802 431 1028 476 errores,
1085 417 1262 480 quibus
1307 416 1410 464 vita
1458 400 1714 466 homiuum
1768 404 1917 477 con-¹

186 497 513 560 fundebatur,
561 498 774 547 omnium
810 494 1103 545 utilissimus
1138 496 1264 554 fuit,
1316 511 1479 560 neque
1512 497 1564 544 in
1597 495 1766 545 otiosis
1800 512 1884 545 co-

186 578 505 644 gitationibus
539 577 733 626 defixus
768 575 979 624 salutem
1015 590 1324 625 communem
1368 576 1676 640 negligebat,
1723 592 1887 642 neque

188 658 476 709 omittendis
511 656 832 719 celandisque
865 655 1035 713 malis,
1092 656 1266 720 quibus
1314 656 1412 704 vita
1445 661 1498 704 et
1531 656 1804 706 domestica
1837 661 1889 705 et

187 738 386 804 publica
418 737 686 795 laborabat,
723 736 883 783 sanari
915 735 1031 784 vitia
1066 751 1235 800 posse,
1272 735 1362 783 sed
1400 736 1719 785 ostendendis
1754 742 1886 786 etex

187 819 298 883 ipso
343 819 514 868 morbo
559 815 853 864 medicinam
900 816 1119 881 petendo
1155 815 1302 864 saluti
1337 816 1741 879 prospiciendum
1773 833 1888 866 esse

187 901 435 949 censebat.
502 896 569 945 Et
594 895 1007 960 quemadmodum
1033 895 1275 956 Pericles,
1310 896 1536 943 eiusdem
1570 895 1889 959 Anaxagorae

186 978 408 1039 auditor,
450 993 548 1026 non
590 976 816 1040 spoliavit
860 976 1067 1025 deorum
1101 976 1290 1041 templa
1323 991 1487 1040 neque
1522 976 1659 1039 signa
1692 978 1886 1038 evertit,

185 1058 277 1108 sed
332 1056 696 1122 splendidiora,
747 1055 1171 1122 magnificentiora
1226 1057 1548 1120 dignioraque
1610 1056 1885 1105 exstruxit:

184 1138 259 1188 ita
289 1137 556 1202 Euripides
590 1152 689 1186 non
722 1137 772 1186 in
807 1141 1113 1186 contemtum
1147 1137 1354 1186 adduxit
1386 1138 1590 1186 deorum
1626 1153 1656 1185 a
1687 1138 1885 1186 maiori-

184 1217 279 1268 bus
313 1217 606 1267 traditorum
641 1217 854 1279 cultum,
904 1217 994 1266 sed
1038 1217 1379 1278 confirmavit,
1428 1217 1674 1278 restituit,
1723 1218 1886 1268 denuo

184 1297 361 1348 animis
396 1298 651 1348 bominum
687 1298 971 1350 inculcavit.

315 1378 393 1430 Ad
427 1378 765 1445 Menalippam
800 1379 1152 1445 philosopham
1185 1397 1267 1430 me
1302 1383 1554 1441 converto,
1589 1395 1732 1444 quae,
1767 1395 1883 1429 con-

182 1466 264 1511 tra
298 1461 700 1524 superstitionem
735 1460 995 1526 disputans
1030 1465 1082 1510 et
1115 1462 1346 1526 portendi
1382 1461 1645 1525 quicquam
1679 1461 1885 1510 ostentis

181 1540 262 1590 vel
294 1539 534 1604 prodigiis
568 1556 770 1603 negans,
803 1556 866 1589 ex
898 1541 1216 1604 Anaxagorae
1247 1541 1567 1606 philosophia
1598 1544 1888 1606 argumenta

185 1620 348 1668 omnia
379 1618 643 1682 depromit.
709 1621 778 1670 Et
825 1619 1072 1668 simillima
1112 1621 1241 1669 ratio
1278 1626 1370 1674 ast
1415 1637 1614 1683 eorum,
1661 1636 1788 1683 quae
1833 1620 1886 1668 in

185 1699 271 1748 illa
302 1697 468 1747 fabula
502 1705 615 1749 acta
648 1705 790 1761 sunt,
825 1706 975 1763 atque
1009 1716 1210 1761 eorum,
1246 1716 1374 1764 quae
1406 1702 1454 1748 in
1490 1701 1640 1749 domo
1675 1699 1886 1749 Periclis

185 1781 247 1830 ab
281 1779 568 1842 Anaxagora
600 1779 902 1844 philosopho
937 1785 987 1828 et
1010 1780 1265 1845 Lampone
1299 1786 1410 1829 vate
1435 1781 1682 1844 quondam
1710 1779 1883 1845 dispu-

184 1865 289 1910 tata
320 1874 435 1908 esse
469 1859 620 1908 tradit
653 1858 951 1908 Plutarchus
985 1860 1035 1908 in
1068 1861 1152 1909 vit.
1190 1860 1368 1909 Pericl.
1402 1877 1444 1908 c.
1469 1863 1516 1908 6.
1586 1858 1713 1908 Nam
1733 1875 1885 1923 quum

183 1939 445 2000 Periclem,
477 1955 645 1987 rerum
681 1939 972 1988 coelestium
1007 1941 1215 1988 scientia
1249 1940 1509 2001 imbutum,
1544 1939 1744 1988 excelso
1779 1939 1885 1988 ani-

183 2036 268 2070 mo
311 2019 469 2068 fuisse
517 2025 568 2067 et
611 2019 808 2068 sublimi
854 2036 1000 2069 usum
1049 2036 1162 2069 esse
1196 2020 1392 2069 dicendi
1425 2036 1610 2085 genere
1657 2020 1883 2083 dixisset,

183 2100 434 2150 subiunxit
467 2100 679 2148 haecce:
727 2099 942 2164 „Neque
974 2101 1108 2149 hunc
1142 2100 1302 2149 solum
1335 2101 1553 2150 fructum
1587 2099 1774 2150 Pericli
1808 2104 1884 2150 at-

184 2180 299 2231 tulit
333 2182 651 2244 Anaxagorae
685 2181 1017 2242 consuetudo,
1052 2198 1221 2230 verum
1257 2181 1406 2230 etiam
1443 2182 1577 2229 omni
1610 2198 1724 2231 eum
1758 2181 1883 2231 libe-

182 2263 306 2312 ravit
339 2261 707 2327 superstitione,
743 2277 869 2324 quae
902 2262 1158 2311 hominum
1195 2278 1395 2312 caussas
1422 2263 1747 2326 ignorantium
1777 2261 1882 2310 ani-

184 2343 281 2392 mis
315 2358 378 2392 ex
412 2357 612 2402 eorum,
646 2357 772 2405 quae
806 2343 855 2390 in
891 2359 1007 2391 aere
1042 2343 1195 2404 fiunt,
1230 2344 1552 2391 admiratione
1586 2359 1645 2397 ac
1677 2347 1885 2407 stupore

182 2424 474 2484 innascitur,
511 2428 583 2481 ut,
605 2423 817 2471 sinistris
846 2423 909 2471 de
934 2424 1140 2472 deorum
1167 2428 1343 2473 natura
1373 2423 1614 2488 implicati
1635 2423 1883 2488 opinioni-

182 2506 293 2566 bus,
329 2509 465 2551 metu
498 2508 710 2569 paveant
741 2504 1220 2567 perturbenturque,
1270 2520 1439 2553 rerum
1486 2508 1691 2552 naturae
1722 2504 1882 2568 impe-

185 2585 301 2634 riti:
337 2600 484 2648 quem
520 2599 743 2632 errorem
779 2583 1041 2631 eximendo
1076 2584 1313 2633 naturalis
1348 2583 1664 2649 philosophia
1698 2599 1792 2648 pro
1818 2582 1882 2631 ti-

183 2665 318 2714 mida
353 2664 596 2726 anxiaque
629 2663 984 2728 superstitione
1017 2679 1243 2712 securam
1276 2664 1450 2712 inserit
1484 2678 1596 2710 cum
1630 2663 1759 2710 bona
1791 2677 1883 2726 spe

181 2746 438 2812 pietatem.
506 2743 698 2792 Ferunt
720 2743 982 2806 aliquando
1015 2743 1183 2792 arietis
1219 2749 1371 2808 caput
1404 2759 1516 2791 cum
1551 2743 1694 2791 unico
1728 2756 1883 2790 cornu

182 2826 287 2875 nati
319 2825 383 2875 ad
417 2824 660 2874 Periclem
706 2823 868 2873 fuisse
916 2839 978 2873 ex
1021 2839 1138 2887 agro
1187 2823 1432 2890 delatum,
1477 2838 1535 2871 ac
1576 2821 1883 2887 Lamponem

183 2911 365 2967 vatem,
400 2911 458 2955 ut
491 2905 810 2969 conspexerit
844 2919 995 2953 cornu
1029 2905 1247 2954 validum
1282 2907 1333 2953 et
1364 2904 1564 2952 firmum
1608 2903 1674 2951 de
1716 2900 1882 2950 media

183 2991 382 3038 enatum
417 2985 610 3045 fronte,
658 2985 860 3042 dixisse,
904 2985 1014 3032 fore
1047 2988 1105 3033 ut
1135 2984 1358 3049 potentia
1410 2984 1651 3040 duorum,
1700 2982 1784 3046 qui
1819 2997 1881 3031 eo

182 3071 410 3133 tempore
443 3066 774 3131 principatum
807 3066 856 3113 in
893 3064 1088 3114 civitate
1122 3065 1427 3123 obtinerent,
1479 3063 1688 3113 Periclis
1733 3062 1880 3112 nimi-

182 3163 295 3198 rum
330 3163 387 3195 ac
421 3145 767 3210 Thucydidis,
829 3145 890 3193 ad
938 3161 1086 3193 unum
1132 3145 1325 3194 rediret
1367 3161 1507 3205 eum,
1564 3143 1697 3210 apud
1731 3158 1881 3207 quem

182 3227 307 3277 illud
341 3226 624 3292 prodigium
659 3227 920 3275 evenisset.
976 3225 1106 3274 Tum
1129 3240 1247 3274 vero
1273 3226 1631 3288 Anaxagoram,
1665 3223 1880 3280 dissecta

184 3307 412 3370 calvaria,
447 3311 751 3356 monstrasse
785 3322 883 3355 non
917 3309 1068 3354 totam
1106 3321 1214 3354 eam
1241 3307 1449 3355 cerebro
1473 3304 1719 3370 repletam
1747 3318 1878 3365 esse,

185 3388 279 3436 sed
311 3388 589 3448 cerebrum,
625 3403 775 3451 quum
808 3390 944 3436 esset
976 3400 1115 3434 more
1147 3386 1227 3434 ovi
1258 3391 1488 3447 acutum,
1523 3401 1586 3434 ex
1618 3388 1725 3433 tota
1757 3381 1879 3432 sede

187 3466 475 3518 devolutum
508 3484 624 3518 esse
655 3469 704 3518 iu
739 3484 853 3519 eum
888 3466 1078 3528 locum,
1118 3481 1182 3517 ex
1231 3482 1328 3532 quo
1373 3466 1570 3517 radices
1604 3479 1756 3515 cornu
1789 3463 1878 3513 du-
