2144 3854
862 292 982 349 331

85 456 216 491 rum
264 439 798 491 interfectricem
849 440 1188 491 tuebitur}
1268 441 1501 493 Ceterum
1545 441 1656 493 vide
1689 458 1752 493 ue

84 521 397 572 scribendum
432 521 527 570 sit:

199 600 329 660 πῶς
362 593 463 651 οὖν
496 599 651 665 ἱερῶν
683 598 937 665 ποταμῶν

212 680 485 746 πόμπιμός
517 693 573 732 σε
605 679 748 746 χώρα

211 761 248 830 ἢ
280 761 432 822 πόλις
464 760 498 811 οἳ
531 761 704 828 φίλων

211 841 312 894 τὰν
342 842 738 908 παιδολέτειραν
772 838 866 903 ἕξει
880 858 901 899 ,·

84 924 233 974 Certe
267 926 398 974 enim
433 926 595 992 aptius
629 930 822 981 terrae,
868 936 1013 985 quam
1048 920 1257 981 civitati,
1291 921 1426 969 fluvii
1458 922 1753 974 tribuuntur.

82 1003 256 1054 Movet
287 1023 368 1055 me
395 1012 578 1064 autem,
595 1009 670 1054 *ut
700 1003 772 1051 sic
796 1002 1035 1067 scriptum
1069 1001 1228 1050 fuisse
1246 1003 1516 1064 coniiciam,
1544 1005 1755 1052 maxime

82 1085 547 1151 antistrophicorum
580 1085 723 1150 plane
757 1082 1012 1148 deplorata
1045 1082 1273 1144 conditio,
1309 1098 1434 1146 quae
1468 1099 1588 1132 crux
1617 1084 1755 1132 criti-

81 1180 254 1214 corum
300 1164 673 1231 trannsponendi
719 1164 941 1213 versibus
989 1162 1222 1212 facillime
1267 1163 1376 1221 tolli
1422 1177 1571 1227 posse
1619 1162 1754 1212 vide-

82 1251 163 1294 tur
194 1246 296 1295 sic:

209 1324 382 1376 πόθεν
414 1324 619 1389 θράσος
649 1322 683 1392 ἢ
719 1321 914 1390 φρενὸς
945 1320 980 1390 ἢ

183 1404 406 1473 καρδία
437 1406 682 1474 ’πιλήψεα
718 1405 852 1470 (cod.
887 1405 928 1454 F
932 1405 1024 1456 lor.
1060 1404 1144 1466 A.)

211 1485 341 1553 χειρὶ
373 1484 578 1547 τέκνοις
611 1486 768 1537 σέθεν

213 1566 395 1624 δεινὰν
427 1567 765 1633 προςοέγουσα
796 1564 1022 1628 τόλμανς

216 1647 318 1698 Sed
352 1655 461 1699 utut
493 1651 617 1698 haec
651 1654 794 1708 sunt,
842 1647 1186 1694 amicorum
1221 1645 1560 1696 civitatem
1594 1647 1755 1697 Athe-

81 1728 278 1778 nienses
312 1746 341 1776 a
373 1729 570 1778 feminis
607 1727 976 1777 Corinthiorum
1010 1726 1246 1791 appellari
1290 1726 1603 1776 manifestum
1636 1727 1758 1776 mihi

82 1824 195 1858 esse
227 1809 450 1858 videtur:
495 1810 693 1873 ineptus
728 1807 857 1856 enim
903 1805 1036 1854 redit
1070 1822 1265 1867 sensus,
1313 1808 1356 1855 si
1393 1805 1661 1872 πόμπιμος
1693 1808 1757 1857 ad

82 1886 254 1953 φίλων
299 1889 545 1939 referatur
577 1890 665 1949 sic,
699 1893 753 1936 ut
785 1892 918 1935 terra
951 1886 1254 1951 significetur
1286 1889 1550 1936 amicorum
1586 1905 1758 1952 prose-

81 1971 255 2021 cutrix.
322 1968 469 2017 Dolet
501 1969 651 2031 igitur
682 1972 859 2032 poeta,
906 1967 1036 2031 quod
1083 1966 1460 2017 Atheniensium
1507 1968 1757 2018 Corinthi-

80 2059 321 2114 orumque
347 2048 564 2097 amicitia
586 2048 810 2112 disrupta
842 2047 921 2106 sit,
957 2050 1110 2109 utque
1134 2047 1296 2096 denuo
1322 2048 1549 2111 iungatur
1568 2054 1754 2099 monet.

80 2129 246 2186 Idem,
290 2129 513 2192 egregias
548 2128 848 2176 Athenarum
885 2126 1055 2175 laudes
1091 2144 1118 2175 a
1154 2127 1423 2177 Corinthiis
1456 2129 1579 2194 ipsis
1613 2146 1757 2194 prae-

79 2208 234 2258 dicari
265 2208 471 2271 faciens,
505 2223 666 2257 nonne
700 2207 1081 2256 hos‘dehortari
1114 2208 1324 2271 videtur,
1360 2225 1422 2258 ne
1446 2210 1578 2259 bello
1599 2209 1757 2259 laces-

80 2295 188 2338 sant
230 2289 466 2354 populum
514 2288 769 2337 Musarum
821 2289 1007 2337 artibus
1043 2288 1401 2350 excellentem,
1455 2306 1581 2340 neve
1625 2291 1756 2341 infe-

81 2370 169 2418 sti·
204 2370 354 2418 armis
404 2370 633 2418 invadant
678 2373 860 2416 terram
909 2369 1042 2416 nulla
1087 2385 1296 2432 unquam
1348 2371 1569 2420 hostium
1617 2372 1757 2421 inva-

80 2449 222 2498 sione
252 2455 490 2498 vastatam
525 2446 691 2512 (ἱερᾶς
725 2447 897 2512 χώρας
930 2445 1246 2514 ἀπορθήτου
1281 2449 1399 2514 τεγέ
1466 2451 1660 2500 Artium
1694 2452 1755 2500 li-

79 2529 338 2590 beralium,
372 2529 658 2578 eruditionis
694 2529 1064 2593 sapientiaeque
1090 2529 1305 2578 studium
1338 2530 1548 2580 Athenis
1571 2531 1756 2580 florens

80 2610 220 2674 quasi
252 2609 422 2658 dedita
455 2624 606 2674 opera
640 2608 839 2657 laudare
872 2608 1135 2672 Euripides
1168 2610 1360 2658 videtur
1404 2627 1465 2659 eo
1513 2614 1755 2675 tempore,

80 2705 179 2754 quo
212 2689 483 2738 timendum
517 2693 649 2747 erat,
693 2705 756 2737 ne
798 2688 920 2737 illud
955 2690 1172 2739 studium
1222 2690 1620 2755 interpellaretur
1663 2692 1758 2739 im-

78 2770 480 2833 minuereturque
527 2774 815 2833 erumpente
861 2769 1020 2830 bello,
1073 2771 1203 2834 quod
1248 2771 1609 2820 atrocissimum
1644 2771 1756 2820 din-

79 2849 519 2914 turnissimumque
552 2849 661 2898 fore
696 2866 868 2899 omnes
892 2850 1257 2915 praevidebant.
1293 2850 1404 2899 Hoc
1427 2866 1576 2916 agens
1602 2851 1751 2901 etiam

78 2929 396 2991 Pandionem,
430 2930 584 2995 Aegei
608 2935 815 2995 patrem,
852 2927 1027 2995 σοφὸν
1051 2931 1314 2996 appellavit
1343 2930 1585 2996 (v.660.),
1621 2932 1752 2997 quod

79 3009 309 3075 profecto
337 3010 609 3059 mirandum
644 3018 780 3060 esset
807 3013 875 3072 ²³²),
909 3012 1003 3060 nisi
1038 3012 1101 3060 ad
1133 3012 1342 3062 maiores
1367 3011 1628 3062 transferri
1654 3014 1752 3063 vir-

79 3076 573 3154 tutes‘posteriorum
608 3091 769 3141 solere
802 3098 972 3140 notum
1005 3096 1155 3141 esset.

209 3168 386 3219 Multis
421 3171 567 3220 etlam
599 3171 707 3221 aliis
741 3172 791 3221 in
825 3171 946 3221 locis
980 3171 1044 3221 ad
1068 3187 1232 3222 rerum
1252 3173 1556 3239 publicarum
1579 3172 1682 3223 iras
1699 3177 1752 3225 et

136 3334 188 3390 ³⁶)
215 3335 396 3379 Schol.:
423 3336 541 3381 κατὰ
570 3338 616 3382 τί
644 3337 730 3396 γὰρ
760 3336 904 3394 σοφὸς
932 3334 958 3383 ὁ
989 3340 1208 3385 Πανδίων
1235 3338 1438 3396 λέγεταις
1479 3337 1537 3384 οὔ
1571 3338 1658 3399 γὰρ
1687 3338 1745 3397 δὴ

220 3401 484 3461 ω’νόμασται
510 3411 726 3454 τοιοῦτον
754 3408 902 3454 αὐτοῦ
932 3409 983 3454 τὰ
1014 3408 1168 3469 ἔργον,
1205 3408 1299 3456 ἀλλ’
1328 3406 1439 3456 οὐδὲ
1467 3411 1750 3470 πανουργίας

219 3472 447 3534 ἐχόμενον,
478 3473 590 3532 ὥστε
619 3479 700 3525 διὰ
728 3481 868 3526 τοῦτο
898 3480 1111 3537 λέγεσθαι
1139 3479 1284 3528 αὐτὸν
1314 3481 1476 3539 σοφόν.
