2144 3854
945 300 1064 370 271

299 449 563 501 Excutior
596 464 789 510 somno,
822 448 1202 513 simulacraque
1236 450 1401 499 noctis
1436 449 1620 510 (πίονος

439 530 607 580 Nulla
642 535 787 580 caret
807 530 962 593 fumo
1000 526 1255 577 Thessalis
1290 545 1387 579 ara
1420 547 1551 583 meo.

305 610 445 662 Tura
467 609 649 660 damus
679 609 1048 673 lacrimamque
1071 622 1260 672 super.-
1295 625 1398 675 qaa
1421 626 1606 677 sparsa
1624 611 1840 671 relucet,

438 689 506 739 Ut
538 690 670 739 solet
705 687 889 752 adfuso
921 703 1137 753 surgere
1156 690 1380 749 flamma
1412 708 1568 743 merc.

301 758 520 834 Quando
554 785 650 834 ego
682 774 738 817 te
770 767 1011 817 reducem
1047 768 1250 833 cupidis
1286 771 1528 836 amplexa
1562 773 1773 822 lacertis

427 847 710 915 Languida
745 848 955 898 laetitia
985 848 1157 897 solvar
1192 849 1256 898 ab
1291 850 1406 916 ipsa
1439 868 1555 900 mea
1567 853 1625 901 ?'’

166 930 437 980 Praeterea
482 930 732 979 discessus
776 930 971 978 tristem
1018 934 1071 978 et
1115 931 1393 994 nuptiarum
1439 931 1702 982 iucundam
1736 947 1842 983 me*

166 1011 371 1060 moriam
425 1011 686 1076 repetitam
722 1026 749 1058 a
783 1008 1048 1058 Laodamia
1092 1025 1206 1059 esse
1250 1011 1544 1075 omninoque
1576 1014 1844 1079 aegritudi-

167 1107 281 1140 nem
315 1090 537 1141 mulieris
572 1089 717 1139 simili
750 1090 967 1150 ratione,
1018 1095 1165 1155 atque
1210 1090 1267 1139 fit
1311 1092 1442 1156 apud
1479 1092 1705 1141 Ovidium
1742 1094 1843 1143 Ca·-

166 1171 536 1236 taliumquess),
580 1170 881 1236 descriptam
923 1186 1037 1219 esse
1071 1175 1450 1221 consentaneum
1503 1179 1595 1222 est.
1661 1174 1845 1236 Quam-

167 1253 339 1301 obrem
389 1266 486 1300 non
535 1251 750 1300 alienum
797 1266 910 1299 esse
959 1250 1087 1300 duco
1137 1253 1375 1315 quaedam
1409 1254 1666 1318 utriusque
1699 1254 1846 1304 verba

166 1331 542 1382 tumaci-ibere.
611 1330 793 1380 Catulli
827 1337 944 1381 sunt
975 1333 1198 1381 haecce·

301 1411 450 1476 „Quo
482 1410 580 1460 tibi
611 1418 722 1460 tam
757 1427 897 1472 casu,
930 1412 1281 1478 pulcherrima
1312 1411 1622 1477 Laodamia,

430 1492 693 1558 Ereptum
729 1501 806 1540 est
840 1493 952 1541 vita
990 1491 1193 1542 dulcius
1230 1498 1387 1559 atque
1421 1495 1599 1543 anima

303 1570 641 1638 Coniugium.-
685 1577 836 1622 tanto
867 1579 923 1622 te
957 1573 1230 1623 absorbens*
1261 1575 1456 1623 vortice
1491 1575 1680 1624 amoris

431 1653 625 1703 Aestas
658 1653 715 1701 in
749 1652 1025 1720 abruptam
1059 1653 1326 1704 detulerat
1358 1653 1675 1719 barathrum,

306 1731 474 1795 Quale
493 1735 714 1797 serant”
749 1739 845 1785 etc.

294 1811 444 1875 „Sed
476 1820 536 1863 tu
568 1814 748 1863 horum
781 1830 994 1878 magnos
1029 1816 1202 1864 vicisti
1230 1815 1342 1864 sola
1361 1816 1590 1880 furores,

444 1892 513 1943 Ut
543 1895 704 1943 semel
739 1912 792 1943 es
811 1897 962 1958 flavo
997 1896 1277 1945 conciliata
1309 1895 1469 1945 viro.''

172 1973 336 2024 ovidii
370 1974 495 2024 haec
527 1991 686 2039 pono:

298 2053 455 2115 „Nec
488 2055 618 2103 mihi
640 2054 926 2120 pectendos
960 2071 1087 2104 cura
1123 2061 1198 2104 est
1224 2055 1482 2121 praebere
1525 2058 1755 2123 capillos,

434 2133 552 2185 Nec
587 2135 712 2184 libet
748 2142 940 2184 aurata
977 2151 1191 2201 corpora
1223 2142 1366 2184 veste
1399 2137 1563 2202 tegi.”

303 2214 514 2265 Exstant
547 2217 697 2265 etiam
730 2215 902 2264 Laevii
929 2215 1167 2280 quaedam
1191 2216 1485 2280 fragmenta,
1519 2218 1696 2281 quibus
1721 2218 1850 2267 Lao-

170 2294 331 2344 damia
362 2296 766 2345 iucundissimam
807 2295 1091 2361 nuptiarum
1131 2297 1387 2361 noctisque
1418 2298 1625 2363 genialis
1661 2315 1849 2348 memo-

171 2374 295 2424 riam
330 2378 539 2440 repetit:

307 2454 628 2514 „Ineunt‚
664 2457 977 2518 inruunt,
1013 2455 1404 2516 cachinnos,
1440 2457 1621 2519 ioca,
1657 2457 1849 2508 dicta

1006 2537 1464 2585 missitantes''
1491 2533 1592 2604 **).

303 2693 704 2760 „Complexa
734 2682 1275 2761 somnovcorpora
1311 2695 1740 2760 operiantur,
1777 2711 1852 2746 ac

1007 2791 1077 2824 aa
1095 2777 1205 2825 avi
1235 2776 1427 2842 quiea·

300 2854 701 2905 Dicuntur.”

306 2935 430 2985 Cum
465 2936 682 2996 nutrice,
728 2939 878 2999 puto,
925 2935 1211 3000 colloquens
1256 2936 1382 2985 haec
1416 2937 1663 3002 exposuit.
1731 2938 1851 2987 Am-

171 3017 344 3066 barum
408 3016 591 3066 deinde
652 3016 875 3066 societati
922 3015 1106 3064 chorus
1161 3031 1216 3065 se
1273 3017 1515 3081 applicat,
1585 3033 1732 3082 quem
1791 3032 1854 3067 ex

175 3096 460 3146 mulieribus
517 3097 761 3162 Phylaciis
808 3096 1093 3145 constitisse
1141 3095 1277 3160 (nam
1325 3097 1569 3161 Phylaces
1617 3114 1706 3147 rex
1757 3097 1855 3147 fuit

172 3175 405 3242 IphicluS‚
439 3181 583 3241 pater
615 3177 893 3238 Protesilai,
926 3176 1094 3241 ibique
1126 3177 1252 3225 haec
1286 3177 1521 3243 aguntur)
1555 3184 1694 3229 recte
1734 3194 1853 3228 con-

171 3255 387 3306 iectasse
421 3256 611 3307 videtur
640 3258 929 3307 Welckerus
964 3272 1026 3306 ex
1060 3257 1224 3307 Ovidii
1256 3258 1417 3306 verbis
1451 3258 1618 3308 hisce:

226 3411 279 3465 ³⁶)
309 3411 469 3455 Catull.
497 3411 568 3467 68,
596 3410 682 3455 105
705 3426 829 3469 seqq.
887 3412 1018 3455 ovid.
1046 3412 1153 3454 Her.
1176 3411 1298 3466 XIII,
1327 3411 1504 3456 1—30.

200 3480 282 3535 W)
311 3482 484 3539 Vulgo:
514 3484 748 3528 risitantes.
806 3483 960 3527 Bothii
988 3481 1344 3528 emendationem
1373 3483 1549 3528 admisi.
