2176 3874
976 319 1100 380 457

336 471 429 523 His
462 473 720 522 transactis
751 474 979 521 venatum
1011 485 1101 519 rex
1134 484 1245 519 cum
1282 466 1541 519 comitibus
1573 460 1702 529 abin
1735 464 1872 517 The-

201 553 350 603 misto
382 558 544 602 autem
577 552 740 600 statim
773 539 875 600 fide
897 554 948 598 et
973 550 1176 599 consilio
1201 549 1426 614 captivae
1449 549 1518 598 uti
1536 548 1596 598 ad
1615 548 1874 615 perficien-

202 635 316 683 dam
350 649 457 682 rem
491 648 686 696 gravem
722 635 1039 695 atrocemque
1074 630 1346 681 constituit.
1409 630 1477 679 Et
1511 628 1724 695 primum
1758 629 1874 693 qui·

201 713 315 763 dem
349 713 414 762 de
446 713 622 761 iniuria
655 713 746 761 viri
778 709 1125 773 conqueritur,
1161 709 1343 773 quippe
1377 725 1524 773 quem
1558 724 1670 758 cum
1703 708 1874 770 Inone,

202 808 361 857 nuper
383 793 598 853 inventa,
633 793 757 841 clam
779 788 1180 839 consuetudinem
1204 788 1390 838 habere
1411 789 1638 838 audierit.
1689 789 1873 852 Quam-

202 872 374 921 obrem
408 877 466 922 ut
500 878 553 922 et
585 888 723 937 spem
769 869 958 918 reditus
1003 867 1224 916 aemulae
1269 873 1323 916 et
1363 884 1589 919 caussam
1630 868 1877 919 fovendae

201 952 308 1001 eius
343 953 518 1001 marito
554 952 746 1018 eripiat,
780 949 962 998 liberos
997 949 1102 998 eius
1126 947 1191 996 de
1223 947 1386 996 medio
1411 949 1588 1000 tollere
1609 950 1876 1000 constituit.

199 1029 277 1080 De
323 1047 418 1095 qua
460 1031 690 1081 dramatis
744 1034 885 1095 parte
936 1029 1061 1078 haec
1109 1026 1268 1076 refert
1313 1026 1568 1093 Hyginus:
1649 1029 1879 1090 „Resciit

202 1108 463 1161 Themisto
507 1127 616 1161 eam
667 1111 913 1160 inventam
959 1125 1103 1170 esse,
1154 1107 1244 1156 sed
1275 1123 1402 1172 quae
1436 1113 1574 1158 esset
1606 1110 1880 1159 nesciebat.

203 1189 382 1256 Coepit
414 1191 540 1240 veile
572 1192 701 1240 filios
734 1191 842 1241 eius
865 1205 1057 1239 necare.
1126 1187 1220 1237 Rei
1255 1188 1516 1244 consciam,
1551 1205 1696 1253 quam
1719 1190 1877 1255 capti-

200 1285 312 1319 vam
346 1287 457 1322 esse
490 1272 752 1332 credebat,
802 1272 957 1336 ipsam
994 1269 1192 1318 lnonem
1225 1268 1401 1317 sumsit
1443 1274 1497 1318 et
1528 1269 1656 1319 dixit
1688 1270 1768 1331 ei,
1820 1275 1878 1319 ut

200 1350 331 1400 filios
365 1367 481 1401 suos
515 1351 737 1401 candidis
768 1350 1072 1400 vestimentis
1116 1348 1368 1412 operiret,
1415 1348 1582 1399 Inonis
1628 1350 1758 1400 filios
1801 1350 1877 1400 ni-

199 1430 355 1495 griS.”
421 1431 659 1496 Idemque
693 1432 850 1480 altero
884 1431 1025 1478 loco:
1072 1428 1398 1491 „Themisto,
1443 1429 1606 1492 quod
1655 1446 1723 1480 se
1766 1430 1876 1480 Ino

201 1511 517 1576 coniugio
549 1512 905 1576 privasset,
939 1509 1068 1558 filios
1099 1509 1206 1558 eius
1240 1507 1524 1558 interficere
1556 1510 1720 1561 voluit.
1780 1511 1879 1562 lta-

202 1592 392 1655 quein
424 1592 604 1657 regia
637 1591 838 1640 latuit
873 1589 1062 1650 clam,
1112 1594 1165 1638 et
1208 1589 1523 1640 occasionem
1548 1595 1720 1652 nacta,
1766 1608 1879 1642 cum

201 1675 402 1734 putaret
433 1687 489 1720 se
520 1671 747 1720 inimicae
779 1675 921 1720 natos
953 1668 1282 1731 interfecisse,
1316 1685 1432 1720 suos
1464 1671 1753 1736 imprudens
1787 1687 1881 1722 oc-

203 1749 338 1810 cidit,
372 1766 400 1798 a
423 1752 674 1801 nutrice
697 1752 923 1816 decepta,
950 1749 1110 1814 quod
1135 1750 1230 1798 eis
1253 1756 1497 1800 vestem
1526 1767 1878 1817 perperam

201 1829 588 1883 iniecerat.'’
657 1831 818 1881 Locus
866 1832 1074 1881 dabatur
1122 1830 1366 1894 colloquio
1401 1831 1508 1880 eius
1551 1831 1779 1898 generiS,
1825 1832 1878 1882 in

202 1925 300 1974 quo
334 1911 546 1960 maxime
570 1912 824 1977 Euripidis
855 1912 1100 1976 ingenium
1133 1911 1342 1978 vigebat,
1377 1928 1489 1961 cum
1523 1914 1755 1963 atrocitas
1786 1914 1879 1977 rei,

202 2005 328 2054 quae
360 1993 625 2055 parabatur
644 2030 657 2054 ‚
693 1993 954 2041 horrorem
988 1991 1245 2053 iniiceret,
1278 1992 1571 2056 ambiguitas
1602 1999 1771 2043 autem
1803 1995 1879 2044 di-

202 2076 396 2121 ctorum
425 2077 573 2135 atque
604 2073 844 2136 ignoratio
862 2072 1133 2132 hominum,
1167 2089 1375 2137 quorum
1401 2090 1483 2123 res
1507 2079 1751 2138 ageretur,
1785 2074 1879 2125 mi-

202 2151 521 2201 sericordiam
566 2157 814 2214 moveret,
863 2151 1078 2216 denique
1128 2154 1437 2218 exspectatio
1457 2191 1471 2215 ‚
1516 2170 1751 2218 quorsum
1795 2170 1879 2205 res

201 2231 458 2293 evaderet,
494 2232 682 2281 animos
718 2236 1053 2297 spectatorum
1087 2247 1359 2297 suspensos
1391 2238 1598 2285 teneret.
1664 2233 1739 2284 De
1771 2235 1878 2284 vio-

202 2312 302 2361 lato
337 2312 567 2376 coniugio
597 2313 760 2375 deque
804 2328 892 2362 sua
926 2312 1197 2361 ulciscendi
1231 2314 1458 2379 cupidine
1500 2315 1708 2380 loquens
1752 2315 1879 2366 haec

203 2391 331 2442 dixit
362 2391 652 2441 Themisto:

333 2468 622 2536 φειδώμεθ’
657 2467 871 2534 ἀνδρῶν
904 2470 1162 2536 εὐγενῶν,
1197 2471 1518 2539 φειδώμεθα,

336 2545 537 2611 κακοὺς
571 2549 617 2602 δ’
653 2549 1024 2616 ἄποπτύωμεν,
1060 2548 1227 2616 ὥςπερ
1261 2551 1412 2615 ἄξιοι.

205 2631 422 2683 Nutricis
457 2649 638 2682 munus
662 2633 981 2697 officiumque
1018 2634 1297 2684 mandatum
1322 2635 1460 2685 Inoni
1493 2634 1554 2683 ab
1580 2635 1879 2688 Athamante

204 2719 313 2764 erat
345 2729 407 2764 eo
439 2714 670 2775 consilio,
723 2719 778 2762 ut
810 2719 860 2763 et
893 2714 1094 2764 liberius
1130 2719 1183 2764 et
1214 2715 1405 2765 minore
1453 2731 1566 2764 cum
1601 2717 1880 2782 suspicione

205 2811 322 2845 suos
354 2794 538 2843 liberos
573 2810 748 2843 curare
782 2798 832 2842 et
865 2811 1084 2844 amorem
1117 2797 1164 2844 ei
1196 2796 1477 2859 significare
1507 2795 1708 2857 liceret,
1753 2813 1880 2861 quae

204 2891 286 2925 res
319 2875 483 2925 fraudi
516 2881 789 2940 opportuna
822 2874 931 2926 fuit.
999 2876 1293 2925 Necessario
1338 2876 1467 2924 enim
1512 2876 1712 2926 consilia
1744 2876 1880 2928 The-

202 2956 354 3006 misto
401 2971 511 3005 cum
557 2956 751 3006 nutrice
785 2956 1177 3005 communicabat
1219 2955 1555 3021 auxiliumque
1588 2972 1760 3007 servae
1794 2975 1879 3007 ex-

204 3038 420 3102 petebat.
488 3035 695 3085 Stultam
730 3052 786 3085 se
817 3035 929 3086 fore
962 3037 1112 3098 dixit,
1158 3037 1201 3086 si
1246 3037 1394 3087 vellet
1440 3036 1664 3087 aemulae
1695 3038 1879 3091 liberos

208 3118 445 3167 educare:

338 3197 531 3261 ἄφρων
561 3193 629 3247 ἂν
663 3195 791 3262 εἴην,
826 3195 871 3247 εἰ
903 3195 1122 3261 τρέφοιν
1155 3194 1219 3247 τὰ
1251 3195 1359 3248 τῶν
1391 3195 1550 3258 πέλας
1581 3196 1653 3261 *).

266 3379 316 3433 ἥ)
345 3380 528 3437 Fragm.
557 3382 641 3424 inc.
671 3380 769 3423 214.
807 3353 867 3423 ex⁵
898 3381 1047 3437 Etym.
1075 3380 1138 3422 M.
1170 3381 1380 3436 petitum,
1420 3382 1497 3424 ubi
1537 3384 1744 3424 annotata
1782 3385 1882 3424 sunt

349 3451 538 3493 haecce:
580 3450 856 3509 τρέφοιν,
887 3449 949 3502 (ἇς
984 3448 1241 3508 Εὐριπίδης
1268 3477 1321 3485 -
1360 3452 1536 3509 γίνεται
1565 3447 1735 3502 οὕτως·
1788 3449 1882 3495 ἔστι

347 3519 576 3577 τρέφοιμι,
606 3522 789 3580 τρέφοι,
827 3521 1093 3579 πλεονασμῷ
1121 3522 1204 3568 τοῦ
1231 3526 1264 3579 ἦ
1291 3522 1486 3574 ἀττικῶς
1513 3522 1752 3581 τρεφοίης,
1781 3536 1881 3579 τρε-
