2144 3854
1105 298 1224 354 134

332 450 485 495 strata
523 450 574 494 et
620 442 824 508 insignia
881 441 1228 493 moderationis
1289 440 1512 505 exempla
1565 433 1817 506 proposita
1867 455 1998 499 esse,

332 525 505 590 quibus
538 522 827 572 doceremur
857 526 1066 572 mortem
1098 520 1418 586 turpitudini,
1460 519 1505 568 si
1549 519 1684 569 nullo
1734 518 1886 569 modo
1912 533 2001 569 on-

332 603 447 667 pido
481 600 724 664 exstingui
757 604 946 665 posset,
978 600 1354 667 praeferendam
1388 614 1516 649 esse.
1581 599 1713 649 Uno
1728 596 2002 658 Phaedrae,

332 695 456 744 quae
489 683 567 729 est
598 680 648 730 in
677 680 951 746 Hippolyto
995 681 1239 742 secundo,
1283 680 1510 746 exemplo
1554 677 1823 743 defungar,
1863 677 2004 728 curius

333 758 488 807 oratio
535 758 756 809 continet
798 775 1117 825 quaecunque
1159 760 1431 812 honestatis
1476 758 1832 824 probitatisque
1873 755 2004 807 ratio

331 838 638 902 praescribit.
1569 851 1577 859 “

463 916 716 982 Exemplis
749 933 867 969 vero
899 934 1087 982 eorum,
1122 920 1205 984 qui
1236 934 1396 983 neque
1416 917 1685 983 cupiditate
1709 915 1826 966 victi
1845 922 2006 980 neque

274 1022 279 1035 ι
333 1000 472 1046 metu
490 995 638 1046 fracti
658 1012 819 1063 neque
840 998 1069 1063 pigritiae
1086 987 1404 1066 ignaviaeque
1424 998 1734 1063 indulgentes
1757 995 1862 1046 sola
1872 1009 2005 1059 vera,

333 1079 469 1126 recta
478 1076 781 1142 honestaque
804 1083 1085 1143 sequantur,
1108 1094 1252 1143 quam
1274 1079 1502 1144 copiosae
1525 1082 1637 1127 sunt
1658 1077 1912 1144 Euripidis
1931 1076 2006 1126 fa·-

333 1155 504 1207 bulae!
540 1157 669 1220 Quid
695 1173 977 1208 recenseam
998 1174 1103 1217 eoS,
1126 1159 1208 1224 qui
1226 1158 1410 1208 omisso
1430 1158 1630 1223 proprio
1643 1156 1904 1207 commodo
1914 1169 2007 1224 pro

335 1235 534 1299 amicis,
585 1252 674 1301 pro
707 1238 954 1301 cognatis,
1002 1253 1094 1302 pro
1128 1239 1340 1295 civibuS,
1385 1252 1475 1302 pro
1507 1235 1664 1301 patria
1694 1235 1890 1286 labores
1922 1251 2007 1287 ae·

335 1330 628 1381 rumnasque
653 1316 949 1382 suscipiunt,
989 1331 1168 1366 uxores
1200 1331 1290 1381 pro
1324 1316 1530 1375 maritis,
1565 1329 1764 1364 sorores
1785 1331 1880 1380 pro
1905 1314 2006 1365 fra-

336 1394 515 1457 tribus,
565 1395 906 1447 adolescentes
939 1397 1250 1463 virginesque
1282 1409 1372 1461 pro
1405 1394 1563 1454 salute
1596 1394 1842 1444 communi
1873 1409 2008 1444 mor-

335 1476 438 1522 tem
485 1474 724 1525 obeuntes
739 1513 754 1537 ‚
796 1480 1027 1541 parentes
1071 1476 1223 1525 vitam
1265 1476 1530 1526 liberorum
1579 1488 1671 1537 pro
1703 1473 1860 1538 patria
1889 1487 2008 1539 pro-

337 1551 638 1604 fundentes&
670 1555 785 1618 quid
820 1570 1198 1604 commemorem
1221 1554 1372 1612 viros,
1409 1555 1507 1617 qui,
1541 1553 1662 1602 nihil
1686 1553 2010 1603 extimescen-

337 1636 413 1681 tes
445 1647 606 1697 neque
639 1633 934 1698 quidquam,
968 1634 1099 1698 quod
1132 1633 1318 1683 homini
1350 1631 1576 1683 accidere
1608 1631 1792 1696 possit,
1833 1631 2010 1681 intole-

335 1709 543 1760 randum
572 1727 685 1762 esse
716 1717 965 1779 putanteS,
997 1713 1217 1780 pericula
1250 1718 1398 1779 atque
1419 1712 1682 1762 certamina
1704 1709 2014 1760 atrocissima

337 1787 467 1841 ultro
499 1791 739 1854 subeunt,
783 1794 962 1860 partim
995 1795 1183 1860 gloriae
1215 1795 1444 1858 cupidine
1477 1790 1612 1842 ducti
1642 1790 1819 1856 partim
1852 1788 2016 1840 studio

338 1871 687 1921 servandorum
719 1888 906 1935 eorum,
941 1890 1065 1939 quos
1099 1874 1344 1938 diligunt?
1377 1872 1444 1922 Et
1466 1871 1665 1936 quidem
1689 1869 1823 1920 haud
1849 1868 2013 1936 pauci,

337 1951 567 2018 generosi
599 1952 746 2002 animi
778 1953 953 2002 ardore
984 1953 1296 2016 inflammati,
1352 1952 1521 2002 dicunt
1562 1950 1846 2016 faciuntque
1876 1948 2013 2011 talia,

340 2030 503 2097 qualia
534 2032 614 2081 vix
646 2032 696 2081 in
728 2039 952 2082 naturam
987 2049 1156 2083 eorum
1189 2034 1367 2084 cadere
1397 2033 1678 2090 videantur,
1712 2028 1848 2078 velut
1879 2027 2013 2094 lphi-

339 2110 511 2177 genia,
545 2111 631 2161 ubi
663 2112 713 2162 in
743 2128 800 2163 se
833 2113 1045 2178 positam
1080 2128 1193 2163 esse
1225 2113 1473 2164 exercitus
1506 2115 1757 2164 victoriam
1791 2119 1845 2164 et
1876 2127 2013 2182 sumf

341 2206 530 2240 morum
563 2190 743 2241 ducum
789 2192 995 2257 gloriam
1029 2192 1297 2252 intellexit,
1348 2198 1554 2258 repente
1587 2198 1800 2256 mutata,
1834 2197 2016 2259 quanta

341 2283 453 2320 cum
486 2270 738 2336 voluptate
771 2277 913 2322 antea
943 2273 1169 2339 profecta
1202 2278 1309 2322 erat
1340 2274 1403 2322 ad
1447 2273 1667 2338 nuptias,
1713 2276 1845 2322 tanta
1872 2273 2015 2322 laeti-

342 2350 411 2398 tia
454 2355 507 2400 et
552 2352 881 2416 gratulatione
928 2353 1168 2403 cervicem
1219 2352 1384 2403 obfert
1431 2352 1772 2402 immolaturis.
1855 2352 2013 2415 Quam

341 2431 521 2480 mentis
565 2432 998 2482 commutationem
1050 2431 1218 2482 nescio
1262 2447 1323 2481 an
1352 2436 1490 2482 recte
1522 2430 1874 2497 vituperaverit
1903 2430 2015 2481 Ari-

342 2510 547 2559 stoteles
594 2510 732 2561 Poet.
767 2514 859 2569 15,
894 2513 954 2559 5:
1002 2505 1108 2562 ἔστι
1143 2509 1201 2562 δὲ
1232 2509 1565 2577 παράδειγμα
1597 2513 1696 2562 τοῦ
1729 2507 2016 2575 ἀνωμάλου

342 2588 379 2656 ἦ
411 2585 471 2639 ἐν
502 2588 692 2641 Αὐλίδι
744 2582 1044 2655 Ἰφιγένεια·
1102 2587 1263 2643 οὐδὲν
1305 2590 1408 2658 γὰρ
1442 2589 1611 2643 ἔοικεν
1641 2590 1679 2658 ἦ
1711 2589 2017 2642 ἱκετεύουσα

341 2673 408 2736 τῇ
440 2668 644 2738 ὑστέρᾳ.
715 2670 945 2722 Ceterum
978 2674 1222 2724 excedere
1252 2679 1422 2723 natura
1454 2689 1543 2723 sua
1574 2673 1810 2738 quasdam
1841 2687 2016 2737 perso-

344 2767 430 2802 nas
448 2787 463 2810 ,
511 2753 691 2817 partim
726 2766 853 2816 quae
884 2752 1132 2802 animosae
1162 2752 1422 2818 fortesque
1454 2754 1630 2819 partim
1680 2767 1805 2817 quae
1848 2743 2015 2800 rerum

344 2831 618 2883 abditarum
643 2831 850 2881 scientia
881 2831 1133 2896 praeditae
1147 2848 1260 2882 esse
1293 2834 1424 2882 ultra
1457 2831 1639 2897 ingenii
1673 2831 1750 2880 sui
1782 2831 1910 2880 vires
1942 2828 2017 2878 vi-

343 2914 570 2973 deantur,
601 2911 733 2960 haud
763 2911 967 2961 infitior.
1035 2911 1217 2962 Contra
1249 2912 1603 2976 Aristophanes
1635 2911 1762 2959 hanc
1795 2923 2016 2959 caussam

344 2991 654 3055 vituperandi
686 2991 1004 3041 iustissimam
1049 2992 1240 3041 omisit:
1287 2991 1473 3040 scilicet
1506 2991 1682 3056 partim
1715 2990 1826 3055 plus
1859 2987 2018 3038 laudis

346 3086 492 3135 quam
536 3070 641 3118 vitii
685 3070 763 3119 his
796 3061 980 3130 inesse,
1013 3072 1194 3137 partim
1225 3070 1429 3121 refutari
1461 3070 1537 3132 iis,
1584 3084 1708 3136 quae
1739 3069 1848 3134 ipse
1881 3066 2016 3118 calu-

346 3150 536 3200 mniose
569 3149 929 3212 criminaretur,
959 3151 1277 3216 intelligebat.

478 3229 557 3281 Ad
602 3230 811 3280 eandem
853 3231 1168 3280 didascaliam
1213 3227 1498 3281 referendas
1532 3244 1644 3278 esse
1677 3226 1795 3277 duxi
1828 3223 2018 3275 fabulas

348 3310 657 3374 Meleagrum
691 3309 1037 3376 Oeneumque,
1088 3326 1291 3375 quarum
1341 3313 1627 3375 argumenta
1671 3309 1722 3357 in
1753 3304 1895 3356 unius
1928 3303 2018 3354 do-

349 3403 458 3440 mus
503 3390 740 3453 uniusque
785 3391 992 3441 hominis
1039 3392 1233 3441 casibus
1279 3388 1580 3440 celebrandis
1613 3389 1885 3438 versantur.
1951 3381 2020 3433 Et

350 3472 503 3521 altera
536 3469 734 3532 quidem
767 3471 944 3520 amoris
976 3471 1349 3535 iracundiaeque
1382 3469 1453 3518 vis
1501 3467 1812 3535 exprimitur,
1864 3463 2021 3514 altera
