2144 3854
907 279 1027 339 145

253 428 437 491 παῖδες
471 427 528 480 δὲ
560 427 790 496 χρηστοί,
823 425 927 479 κᾶν
960 426 1184 490 θάνωσι,
1221 428 1427 496 δώμασι

253 509 420 562 καλὸν
451 509 511 561 τὸ
545 509 886 577 θησαύρισμα
918 510 1030 569 τοῖς
1062 508 1274 560 τεκοῦσί
1304 527 1359 560 τε

254 590 510 657 α’νοίθημα
543 591 745 657 βιότου,
779 591 996 641 κοῦποτ’
1033 587 1250 641 ἐκλείπει
1285 588 1500 654 δόμους.

122 673 304 723 Contra
339 674 564 731 Althaea,
599 673 908 722 honestatem
942 675 1091 735 atque
1125 673 1517 736 temperantiam,
1553 687 1634 721 res
1661 689 1808 738 prae-

120 754 446 803 stantissimas
481 758 534 802 et
562 754 612 801 in
646 752 817 815 quibus
853 751 970 799 solis
1016 755 1244 800 cernatur
1288 750 1472 810 virtus,
1522 767 1618 802 non
1658 756 1809 805 robu-

118 833 208 882 stis
243 833 530 898 corporibus
563 832 718 898 magis
756 847 912 896 quam·
941 831 1292 881 infirmioribus
1336 833 1598 896 minusque
1638 834 1809 884 validis

116 911 283 963 inesse
316 914 491 969 docet:

247 990 417 1058 μόνον
451 989 498 1042 δ’
535 989 604 1042 ἂν
637 988 773 1042 αὐτὰ
805 989 1088 1058 χρημάτων
1123 988 1224 1042 οὐκ
1258 988 1327 1042 ἂν
1358 989 1558 1056 λάβοις,

245 1071 590 1139 γενναιότητα
621 1070 869 1139 κᾶρετήν·
904 1070 1064 1131 καλὸς
1097 1069 1154 1124 δέ
1186 1088 1264 1132 τις

245 1151 348 1204 κᾶν
380 1148 436 1204 ἐκ
469 1154 726 1219 πονηρῶν
758 1152 1019 1219 σωμάτων
1050 1143 1260 1219 γένοιτο
1294 1153 1434 1214 παῖς.

112 1232 226 1284 Non
257 1235 478 1299 probavit
512 1234 764 1300 Meleager
797 1236 940 1284 matri
966 1235 1259 1285 sententiam
1282 1251 1438 1299 suam,
1475 1235 1659 1301 quippe
1679 1250 1808 1301 quae

112 1319 165 1363 et
209 1315 579 1364 Atheniensium
624 1331 787 1365 mores
833 1316 1157 1380 institutaque
1203 1315 1391 1365 coleret
1425 1321 1476 1365 et
1509 1317 1743 1381 postponi
1775 1334 1805 1366 a

113 1393 219 1443 filio
252 1410 462 1444 uxorem
499 1396 736 1460 optimam
771 1395 972 1445 odiosae
1004 1397 1206 1462 viragini
1240 1412 1389 1459 aegre
1420 1396 1607 1446 ferret:
1645 1413 1806 1462 eoque

113 1473 286 1524 dolore
317 1477 666 1539 postmodum,
702 1492 851 1540 quum
885 1493 1011 1528 nova
1043 1476 1338 1525 accessisset
1371 1477 1572 1534 iniuria,
1606 1477 1657 1527 in
1691 1483 1806 1527 tan-

110 1558 213 1603 tam
245 1559 404 1604 mater
435 1555 734 1608 iracundiam
769 1556 984 1617 exarsit,
1024 1560 1080 1606 ut
1125 1556 1280 1605 filium
1324 1556 1610 1608 devovendo
1644 1557 1804 1607 inter·

110 1633 263 1683 ficere
306 1650 403 1683 non
449 1636 700 1684 dubitaret
727 1633 792 1701 ²¹².)
874 1635 1111 1685 Ceterum
1158 1636 1294 1684 finita
1338 1636 1422 1684 illa
1467 1639 1803 1700 contentione,

111 1713 267 1764 altera
296 1730 408 1765 cum
442 1715 665 1776 ducibuS‚
701 1716 989 1764 societatem
1022 1716 1250 1779 viraginis
1285 1717 1335 1765 in
1366 1717 1627 1767 venatione
1658 1734 1802 1785 recu-

111 1793 348 1856 santibuS,
381 1795 591 1847 ineunda
622 1795 735 1856 fuit,
770 1795 910 1844 cuius
944 1795 1211 1861 vestigium
1244 1797 1376 1860 apud
1410 1796 1622 1847 eundem
1647 1796 1803 1861 Apol-

109 1872 335 1922 lodorum
382 1880 628 1935 servatur,
691 1891 838 1939 quum
899 1875 1080 1924 haecce
1135 1875 1349 1924 referat:
1420 1872 1655 1940 Κηφέως
1711 1875 1803 1930 καὶ

116 1946 585 2018 Ἀκταίου·(εοῐί1)ο
624 1944 894 2019 Ἀγκαίου)
928 1952 1017 2005 καί
1049 1970 1212 2005 τινων
1234 1955 1412 2005 ἄλλων
1432 1954 1803 2019 ἀπαξιούντων

108 2032 236 2099 μετὰ
264 2033 518 2099 γυναικὸς
539 2029 622 2084 ἐπὶ
642 2032 741 2102 τὴν
763 2034 941 2102 θήραν
964 2031 1171 2098 ἐξιέναι,
1200 2033 1801 2102 Μελέαγρος--συν.

105 2114 405 2182 ηνάγκασεν
451 2107 647 2176 αὐτοὺς
689 2112 772 2167 ἐπὶ
815 2112 913 2182 τὴν
959 2115 1136 2183 θήραν
1181 2115 1310 2182 μετὰ
1355 2117 1550 2185 ταύτης
1594 2115 1799 2183 ἐξιέναι.

105 2197 318 2262 Lycurgi
349 2197 482 2262 regis
515 2197 607 2246 filii
642 2203 780 2248 erant
814 2198 1047 2263 Cepheus
1081 2198 1419 2265 Ancaeusque‚
1454 2202 1679 2267 Arcadii,
1716 2204 1801 2270 qui

106 2294 225 2328 suae
258 2278 419 2347 gentis
455 2277 606 2328 decus
641 2278 930 2328 defendisse
964 2278 1227 2341 videntur,
1261 2280 1499 2347 feminam
1533 2299 1702 2334 secum
1736 2285 1800 2334 ad

105 2359 372 2408 certamina
432 2358 768 2422 profecturam
821 2360 1157 2424 repudiantes.
1240 2361 1406 2410 Unum
1450 2379 1544 2427 pro
1587 2368 1800 2431 utroque

105 2439 253 2488 verba
285 2438 454 2505 facere
487 2439 566 2488 lex
598 2441 885 2503 tragoediae
916 2441 1131 2500 iubebat,
1167 2441 1246 2489 cui
1280 2441 1404 2491 haec
1436 2444 1630 2495 tribuo:

238 2514 398 2568 ἔνδον
431 2515 704 2582 μένουσαν
737 2517 836 2585 τὴν
869 2520 1078 2584 γυναῖκ’
1114 2513 1253 2571 εἶναι
1286 2520 1455 2586 χρεὼν

235 2593 448 2665 ἐσθλήν,
482 2597 683 2662 θύρασι
717 2598 764 2650 δ’
799 2597 952 2661 ἀξίαν
984 2603 1084 2668 τοῦ
1117 2598 1360 2665 μηδενός.
1493 2668 1496 2670 ‚

105 2680 342 2730 Onussam
377 2680 606 2730 Atalante
638 2682 746 2745 ipsa
779 2681 924 2730 dicit:
972 2687 1026 2730 et
1070 2681 1268 2744 quidem
1317 2680 1656 2733 fortitudinem
1700 2700 1798 2736 non

102 2762 262 2811 minus
296 2761 491 2810 feminis
526 2778 671 2825 quam
707 2762 824 2810 viris
861 2762 1031 2810 decori
1065 2776 1178 2810 esse
1221 2762 1470 2823 ostendit,
1505 2779 1668 2828 neque
1700 2780 1798 2828 pu-

102 2840 350 2901 dicitiam,
392 2842 442 2908 siv
486 2841 701 2890 feminae
746 2843 795 2890 in
842 2842 1039 2907 publico
1084 2847 1234 2905 atque
1266 2841 1399 2890 inter
1431 2843 1560 2891 viros
1593 2858 1797 2895 versen-

101 2926 201 2979 tur,
235 2921 433 2984 violari,
482 2921 725 2985 siquidem
762 2922 846 2972 lux
879 2922 1152 2982 honestati,
1200 2922 1434 2971 tenebrae
1467 2927 1633 2973 autem
1666 2924 1797 2974 vitiis

101 3001 314 3054 maxime
347 3001 571 3073 faveant:

233 3079 269 3148 ἦ
300 3078 403 3147 γὰρ
442 3079 654 3147 Κύπρις
686 3079 889 3148 πέφυκε
921 3081 994 3152 τῷ
1030 3080 1199 3150 σκότῳ
1222 3079 1378 3148 φίλη,

231 3160 293 3214 τὸ
327 3163 443 3228 φῶς
476 3160 523 3213 δ’
560 3161 799 3231 ανάγκην
832 3162 1148 3232 προςτίθησι
1181 3164 1496 3230 σωφρονεῖν.

168 3386 219 3445 *)
250 3390 319 3434 Cf.
349 3389 520 3434 Welck.
555 3406 598 3448 p.
628 3389 727 3435 754.

1403 3478 1463 3524 10
