2144 3854
909 275 1031 333 211

119 429 254 479 inest
285 425 495 476 imitatio
531 423 640 474 eius
674 420 876 472 fabulae
907 419 1086 486 partis,
1122 434 1219 483 qua
1237 418 1516 486 Telephus,
1549 424 1811 489 postquam

122 514 204 558 est
230 507 518 557 denudatus
553 503 930 566 convictusque,
964 499 1165 549 infantis
1199 501 1419 564 periculo
1454 516 1599 551 suum
1633 504 1811 568 capitis

122 586 394 654 periculum
430 582 702 650 propulsat.
769 579 1163 631 Acharnensium
1214 596 1333 630 vero
1368 596 1484 646 pars
1517 583 1727 634 maxima
1759 585 1812 636 in

121 667 364 718 imitando
398 663 629 729 Telepho
661 666 884 710 versatur
902 695 917 719 ,
962 659 1046 724 qui
1079 666 1484 725 repraesentatur
1516 663 1675 727 primo
1707 664 1813 715 adi·

122 754 226 798 tum
262 759 522 812 quaeram,
554 747 662 792 tum
695 741 867 790 infanti
900 744 1114 789 mortem
1149 740 1413 802 intentans,
1449 741 1632 793 deinde
1670 759 1812 795 caus-

125 842 230 876 sam
267 827 439 875 dicens
474 822 689 886 bellique
723 821 963 884 originem
999 825 1148 884 atque
1182 821 1491 884 iniquitatem
1525 826 1812 889 ostendenS‚

124 906 339 970 denique
366 903 574 954 Achillis
599 901 830 966 mitigans
860 900 1112 950 ferociam.
1183 900 1342 963 Quam
1372 900 1695 953 imitationem
1713 923 1812 957 non

121 992 223 1035 tam
259 1003 317 1035 ea
351 986 540 1034 ratione
573 999 601 1031 a
635 981 826 1030 comico
860 986 1010 1046 poeta
1044 980 1231 1029 factam
1266 996 1397 1042 esse,
1433 987 1487 1030 ut
1521 983 1654 1032 laudi
1684 986 1811 1048 eius,

120 1081 270 1130 quem
302 1065 613 1124 imitabatur,
649 1063 978 1123 obtrectaret,
1031 1076 1177 1125 quam
1204 1066 1260 1110 ut
1292 1077 1459 1111 rerum
1495 1062 1666 1113 levitas
1700 1081 1814 1117 cum

119 1145 364 1211 gravitate
407 1143 691 1210 tragoediae
743 1147 1029 1205 comparata
1080 1143 1233 1190 risum
1269 1143 1609 1194 vehementius
1642 1161 1812 1196 move-

120 1230 216 1286 ret,
268 1231 322 1274 et
351 1229 548 1274 veteres
582 1225 886 1288 interpretes
922 1222 1154 1272 dixerunt
1168 1221 1218 1288 ²²²)
1254 1228 1307 1272 et
1340 1225 1672 1275 recentiorum
1704 1228 1813 1291 qui-
1898 1228 1903 1238 ²

121 1305 235 1355 dam
270 1305 486 1354 sensisse
519 1305 766 1354 videntur.
833 1301 904 1351 Et
938 1302 1116 1352 vellem
1149 1303 1277 1352 haec
1310 1304 1503 1354 macula
1535 1322 1565 1354 a
1590 1307 1811 1358 moribus

122 1385 471 1450 Aristophanis
507 1385 735 1443 abesset,
770 1398 894 1431 neve
929 1383 1230 1432 contumelia
1256 1382 1514 1434 affecisset
1547 1401 1689 1449 eum,
1725 1404 1813 1437 cu-

117 1467 198 1516 ius
247 1466 390 1517 bonis
437 1464 752 1530 pascebatur.
820 1462 1009 1513 Verum
1059 1463 1269 1512 invidiae
1303 1465 1618 1530 malitiaeque
1650 1467 1813 1517 indul-

120 1561 274 1613 gens,
319 1551 470 1610 atque
519 1545 680 1594 animo
724 1543 806 1594 his
840 1543 970 1592 vitiis
1007 1543 1305 1605 obcaecato,
1353 1545 1606 1595 cavillatus
1641 1552 1720 1596 est
1753 1563 1813 1598 ea

121 1628 261 1692 ipsa,
306 1641 432 1690 quae
478 1624 739 1673 maximam
776 1623 1149 1673 admirationem
1182 1623 1461 1673 habuerunt
1492 1641 1591 1675 non
1621 1631 1812 1679 tantum

121 1705 270 1771 vulgi,
305 1705 395 1755 sed
419 1704 728 1754 eruditorum
760 1719 955 1769 quoque
976 1708 1029 1752 et
1057 1718 1360 1752 summorum
1383 1705 1812 1771 philosophorum.

125 1785 249 1835 Nam
284 1784 575 1836 Aristoteles
611 1799 672 1832 eo
693 1784 816 1849 ipso
850 1784 993 1842 loco,
1041 1799 1138 1846 quo
1188 1782 1465 1848 Thyestem
1501 1783 1811 1852 Telephum-

125 1882 223 1931 que
255 1865 455 1926 laudat,
503 1863 637 1913 haud
674 1865 884 1912 obscure
917 1864 981 1912 ad
1014 1863 1360 1928 Aristophanis
1394 1865 1812 1930 vituperationem

122 1945 412 2011 respiciens,
446 1945 671 1994 iniuriam
707 1943 940 2008 Euripidi
974 1943 1084 1992 fieri
1118 1944 1188 1992 ait
1221 1944 1281 1993 ab
1316 1943 1394 2005 iis,
1428 1945 1511 2008 qui
1547 1945 1667 1996 vitio
1699 1963 1810 1997 ver-

121 2031 244 2086 tant,
281 2025 412 2090 quod
445 2031 545 2073 tam
581 2025 736 2074 multa
770 2022 1038 2090 tragoediis
1075 2023 1182 2072 eius
1217 2024 1415 2073 miseria
1449 2024 1569 2074 insit
1604 2029 1658 2074 et
1699 2027 1809 2093 plu-

119 2107 274 2156 rimae
317 2105 594 2155 fabularum
629 2105 680 2153 in
714 2121 796 2154 res
833 2103 1134 2169 asperrimas
1169 2104 1397 2154 desinant
1426 2101 1522 2168 ²¹²²³²).
1596 2104 1809 2157 Rectum

121 2187 251 2236 enim
283 2185 381 2235 hoc
414 2201 529 2235 esse
563 2186 714 2244 dicit,
749 2191 802 2235 et
835 2184 1128 2249 Euripidem
1162 2185 1376 2235 maxime
1407 2185 1648 2250 tragicum
1680 2187 1814 2237 inter

121 2271 314 2333 poetas.
1268 2259 1286 2265 ”

252 2346 511 2396 Proditum
567 2352 646 2396 est
707 2346 977 2396 memoriae
1030 2345 1280 2394 Cratetem
1339 2351 1441 2395 tam
1487 2346 1813 2397 vehementer

121 2433 422 2477 commotum
457 2442 570 2476 esse
604 2427 819 2492 Telephi
851 2426 1090 2491 dignitate
1122 2431 1270 2490 atque
1302 2426 1536 2487 miseria,
1583 2431 1666 2487 ut,
1712 2426 1813 2476 hoc

121 2509 347 2558 dramate
381 2511 633 2572 spectato,
681 2508 744 2555 ad
780 2509 1005 2570 cynicam
1041 2522 1096 2554 se
1129 2506 1495 2572 philosophiam
1530 2506 1811 2571 applicave-

119 2590 184 2638 rit
208 2585 335 2651 ***).
402 2587 568 2636 Etiam
602 2587 857 2651 Aristippo
886 2591 936 2634 et
965 2585 1172 2648 Diogeni
1198 2591 1248 2634 et
1276 2587 1504 2635 omnibus
1531 2587 1639 2635 eius
1661 2602 1812 2650 gene-

122 2670 190 2718 ris
224 2667 533 2734 philosophis
568 2674 819 2717 auctorem
855 2672 1004 2729 atque
1039 2666 1292 2729 exemplar
1325 2665 1606 2730 Telephum
1651 2665 1813 2715 fuisse

124 2750 229 2798 sine
264 2748 362 2797 ulla
407 2747 718 2797 dubitatione
765 2746 977 2795 affirmo,
1062 2745 1169 2807 Qua
1204 2746 1253 2794 in
1287 2745 1612 2810 despicientia
1643 2760 1811 2795 rerum

82 2822 87 2835 ’
122 2829 445 2880 humanarum
479 2832 615 2877 tanta
648 2828 782 2877 inest
815 2826 964 2876 animi
990 2824 1155 2884 elatio,
1191 2830 1246 2874 ut
1270 2842 1380 2876 eam
1406 2824 1688 2876 Alexander
1712 2839 1812 2875 non

190 3051 237 3107 ²⁸¹)
264 3051 420 3095 Schol.
451 3051 509 3093 ad
537 3050 732 3093 Achai-n.
763 3047 875 3092 332:
918 3048 978 3092 τὰ
1018 3045 1239 3105 μεγάλα
1277 3045 1443 3104 πάθη
1482 3044 1814 3102 ὖποπαίζει

265 3123 351 3177 τῆς
376 3122 649 3179 τραγῳδίας.

181 3191 241 3247 ”)
275 3192 455 3236 Aristot.
483 3193 610 3236 Poet.
643 3206 681 3234 c.
695 3190 767 3242 13,
787 3189 839 3232 6:
871 3186 1042 3233 διὸκαὶ
1070 3188 1126 3232 οὶ
1149 3185 1458 3247 Εὐριπίδῃ
1489 3186 1662 3245 ἐγκαλ
1677 3189 1813 3232 οῦν-

263 3278 355 3314 τες
382 3261 447 3306 τό
489 3260 634 3306 αὐτὸ
676 3257 1096 3319 ἁμαρτάνουσι
1137 3262 1231 3303 κτλ.

126 3331 237 3387 ***)
265 3333 454 3390 Diogen.
493 3333 644 3375 Laert.
668 3333 726 3374 Vl
737 3365 749 3385 ,
771 3330 853 3374 87:
896 3327 1067 3375 τοῦτόν
1115 3343 1257 3386 φησιν
1294 3325 1577 3384 Ἀντισθένης
1618 3325 1667 3371 ἐν
1705 3326 1812 3372 δια-

267 3404 426 3458 δοχαῖς
474 3402 768 3458 θεασάμενον
811 3400 860 3446 ἔν
901 3417 995 3446 τινι
1035 3401 1268 3460 τραγῳδίᾳ
1316 3400 1528 3458 Τήλεφον
1569 3397 1814 3454 σπυρίδιον

265 3471 440 3528 ἔχοντα,
461 3473 541 3519 καὶ
557 3467 701 3519 τᾶλλα
719 3470 910 3530 λυπρὸν,
936 3468 1063 3525 ἀίξαι
1080 3470 1155 3517 ἐπὶ
1174 3468 1262 3530 τὴν
1283 3471 1493 3527 Κυνικὴν
1515 3467 1809 3526 φιλοσοφίαν.

1373 3540 1483 3591 14*
