2176 3874
1222 300 1347 359 546

442 455 518 507 Ad
570 452 810 517 Thyestis
859 450 1132 498 orationem
1149 487 1163 510 ‚
1210 450 1474 499 veritatem
1521 449 1788 515 aperientis
1801 488 1817 513 ,
1860 452 1958 503 hoc
1990 457 2134 506 traho

442 536 775 599 fragmentum
794 567 808 590 ,
845 546 943 594 quo
978 530 1186 578 fratrem
1221 546 1278 578 re
1313 536 1516 593 peracta
1549 532 1724 579 laetari
1757 537 1890 581 vetat
1903 551 1918 582 ε

575 612 760 675 „Nec
794 610 921 660 tibi
955 627 1049 658 me
1083 611 1152 659 in
1187 610 1303 658 hoc
1337 611 1623 675 gratari
1655 609 1901 663 decet.''

444 695 659 759 Cognito
708 707 880 741 errore
929 706 1053 739 uxor
1112 690 1253 739 Atrei
1312 690 1488 754 laqueo
1534 692 1684 740 vitam
1733 692 2012 758 abrumpit,
2062 694 2134 744 sic

444 782 589 826 antea
624 777 920 836 conquesta:

577 853 901 916 „Quinam
935 849 1467 899 Tantalidarum
1506 853 1982 902 internecioni
2014 871 2133 903 mo-

1354 930 1467 978 dus

581 1013 896 1070 Paretur,
935 1016 1048 1059 aut
1084 1026 1407 1075 quaenam
1442 1027 1726 1076 unquam
1763 1012 1835 1062 ob
1864 1019 2134 1062 mortem

1368 1088 1472 1155 My
1485 1092 1638 1140 rtili

578 1171 824 1221 Poenis
874 1168 1154 1218 luendis
1203 1167 1479 1218 dabitur
1525 1172 1750 1220 satias
1796 1173 2133 1239 supplic?

578 1329 746 1393 „Ubi
797 1346 915 1378 nec
968 1327 1438 1394 Pelopidarum
1485 1346 1712 1380 nomen
1769 1348 1803 1380 n
1824 1349 1893 1380 ec
1929 1335 2133 1398 facta

1367 1415 1482 1457 aut
1515 1412 1765 1474 famam
1811 1412 2131 1462 audiam.'’

442 1496 622 1545 Atreus
659 1495 823 1539 autem
861 1492 1064 1539 orbatus
1101 1489 1270 1537 liberis
1287 1524 1301 1548 ‚
1351 1490 1574 1553 privatus
1610 1491 1843 1553 coniuge,
1890 1494 2131 1556 grandae-

442 1591 533 1623 vus
548 1609 561 1631 ‚
608 1571 795 1635 duplici
829 1571 963 1618 luctu
999 1571 1268 1618 afflictatus
1287 1606 1301 1630 ,
1348 1570 1658 1619 miserrimus
1695 1575 1916 1635 apparet.
1972 1573 2132 1621 Huius

441 1655 590 1704 verba
624 1653 748 1700 haec
782 1651 1013 1699 fuerunt:

578 1723 620 1782 ὦ
654 1724 851 1781 πλοῦθ’
864 1768 878 1788 ,
915 1726 1023 1795 ὅσῳ
1058 1727 1155 1793 μὲν
1189 1726 1390 1796 ῥᾷστον
1425 1722 1477 1780 εἴ
1506 1729 1675 1794 βάρος
1710 1726 1918 1795 φέρειν,

574 1811 735 1863 πόνοι
770 1808 827 1861 δὲ
861 1809 963 1861 κᾶν
996 1808 1081 1860 σοὶ
1114 1809 1204 1860 καὶ
1239 1808 1448 1875 φθοραὶ
1481 1809 1670 1861 πολλαὶ
1705 1810 1830 1876 βίου

585 1886 738 1943 έ’νεισ’
752 1930 762 1942 .
799 1890 829 1942 ὁ
862 1889 966 1956 γὰρ
1001 1896 1106 1951 πᾶς
1139 1889 1371 1958 ἀσθενὴς
1406 1889 1540 1943 αἰὼν
1574 1891 1805 1957 βροτοῖς.

575 2053 810 2116 „Cesso
843 2053 1002 2101 hinc
1035 2053 1134 2101 ire
1171 2059 1234 2102 et
1269 2069 1521 2119 rapere
1570 2054 1752 2102 lucti
1781 2059 2029 2102 vestem
2067 2051 2134 2100 in

1342 2134 1486 2180 leto
1521 2133 1904 2195 coniugis-,9⁹³

574 2211 692 2261 Sive
725 2216 935 2259 mortem
971 2211 1066 2259 sibi
1101 2211 1342 2259 conscivit
1377 2212 1557 2259 Atreus
1593 2210 1696 2258 sive
1732 2215 1986 2273 superstes
2020 2210 2133 2271 fuit,

443 2293 616 2357 utique
650 2307 856 2354 regnum
890 2292 953 2339 ad
987 2290 1263 2354 Thyestem
1289 2291 1583 2339 translatum
1608 2283 1724 2338 esSe
1751 2289 2019 2338 verisimile
2035 2295 2133 2341 est.

444 2372 697 2422 Praeierat
731 2370 1008 2419 Homerus:

571 2442 786 2512 Ἀτρεὺς
821 2447 878 2499 δὲ
912 2448 1171 2515 θνήσκων
1205 2446 1380 2498 ἔλιπεν
1411 2449 1679 2513 πολύαρνι
1715 2445 1935 2513 Θυέστῃ.

443 2533 511 2581 Et
560 2531 724 2595 potuit
766 2531 865 2578 huc
913 2531 1163 2594 respicere
1208 2531 1475 2579 scholiasta
1521 2531 1687 2579 Orest.
1737 2545 1784 2581 v.
1833 2531 1948 2577 800.
1991 2527 2133 2578 hisce

444 2612 633 2659 verbis:
684 2607 928 2673 „nime-w
964 2606 1020 2658 δέ
1053 2626 1180 2659 ποτε
1213 2612 1461 2660 τελευτᾶν
1487 2602 1697 2674 Ἀτρεὺς
1728 2606 1827 2675 τὴν
1860 2606 2134 2671 βασιλείαν

450 2688 655 2757 Θυέστῃ
720 2689 1123 2754 καταλιμπάνει,
1188 2688 1332 2751 ὅπως
1394 2689 1729 2755 ἀνδρωθέντι
1780 2683 2133 2755 Ἀγαμέμνονι

447 2767 687 2821 ἐπιδώσει
723 2769 867 2840 αὐτῷ
903 2768 1002 2836 τὴν
1035 2771 1360 2836 βασιλείαν.”
1598 2830 1600 2832 v

579 2852 1004 2900 Praestantiorum
1054 2869 1263 2902 numero
1309 2852 1674 2917 tragoediarum
1707 2852 1803 2900 hoc
1837 2850 2006 2898 drama
2037 2848 2132 2897 ha-

444 2934 604 2983 bitum
639 2948 754 2980 esse
798 2932 921 2980 Attii
958 2932 1168 2980 imitatio
1203 2934 1443 2990 ostendit,
1491 2932 1630 2980 cuius
1676 2931 1954 2995 fragmenta
1991 2928 2131 2997 „apud

445 3012 767 3072 Ciceronem,
812 3011 1060 3072 Gellium,
1096 3011 1308 3060 Nonium
1345 3014 1567 3075 aliosque
1601 3011 1928 3059 inveniuntur.
1997 3008 2130 3057 Ean-

444 3093 558 3141 dem
622 3091 951 3153 Quintilianus
1013 3091 1153 3152 locu,
1224 3108 1372 3155 quem
1426 3106 1572 3155 supra
1619 3086 2129 3147 commemoravimus,

446 3171 654 3220 Ovidius
705 3170 848 3219 Rem.
893 3171 952 3219 A.
999 3174 1109 3219 777.
1164 3176 1216 3219 et
1263 3171 1404 3220 Serv.
1455 3172 1577 3220 Aen.
1626 3168 1662 3228 1,
1697 3170 1811 3216 458.
1845 3168 2129 3230 respexisse

442 3252 688 3299 videntur.
773 3248 955 3297 Graeci
991 3250 1288 3315 exemplaris
1323 3251 1600 3315 fragmenta
1632 3248 1764 3314 apud
1797 3244 2126 3305 Athenaeum,

445 3329 715 3381 Stobaeum
750 3334 801 3378 et
833 3329 1181 3394 grammaticos
1220 3332 1550 3395 reperiuntur.

575 3410 689 3459 Hoc
734 3409 904 3458 drama
951 3415 1199 3458 structura
1244 3411 1444 3474 quidem
1490 3407 1592 3457 loni
1627 3406 1933 3456 simillimum
1966 3403 2128 3454 fuisse

443 3489 662 3551 videtur,
716 3490 869 3539 rebus
917 3494 1083 3539 autem
1125 3494 1274 3553 atque
1318 3494 1491 3539 natura
1538 3486 1817 3553 argumenti
1863 3483 2126 3534 finitimum
