2144 3854
1137 291 1260 349 284

378 442 606 493 Ceterum
651 453 857 503 puerum
901 436 1037 487 initio
1078 437 1140 487 ad
1189 436 1413 501 corporis
1444 437 1578 488 vires
1606 438 1941 491 exercitandas
1960 457 2031 492 »se

375 526 531 570 totum
565 518 828 567 contulisse
871 517 1097 580 tradunt,
1142 534 1291 582 quum
1326 533 1385 566 ex
1420 517 1614 567 oraculo
1647 519 1856 583 quodam
1889 525 2031 585 pater

374 603 596 664 speraret
644 597 771 656 fore,
819 604 872 648 ut
916 597 1101 646 athleta
1131 598 1346 647 victoriis
1380 597 1652 662 Olympici·
1683 599 1884 662 gloriam
1917 599 2032 648 adi-

371 679 661 744 pisceretur.
726 677 832 740 Qua
878 676 941 726 de
990 693 1046 726 re
1091 677 1187 726 hoc
1221 683 1379 727 exstat
1411 677 1560 727 Gellii
1593 679 1694 726 sive
1723 676 2033 743 Theopompi

374 758 731 807 testimonium:
775 757 942 818 „Patri
975 762 1135 805 autem
1169 757 1303 819 eius,
1337 763 1451 807 nato
1484 757 1595 819 illo,
1629 772 1918 822 responsum
1953 761 2032 806 est

371 853 404 886 a
435 835 694 886 Chaldaeis
740 852 852 884 eum
897 852 1135 900 puerum,
1183 852 1293 885 cum
1341 836 1659 899 adolevisset,
1699 837 1936 886 victorem
1982 836 2032 885 in

375 915 721 966 certaminibus
754 915 891 965 fore:
938 916 988 964 id
1037 916 1082 964 ei
1127 931 1278 981 puero
1311 916 1466 965 fatum
1506 932 1630 965 esse.
1697 915 1844 966 Pater
1874 916 2030 966 inter-

373 1001 594 1062 pretatus
627 995 861 1045 athletam
895 995 1078 1044 debere
1112 1011 1240 1054 esse,
1275 996 1503 1044 roborato
1537 997 1900 1060 exercitatoque
1939 994 2032 1044 filii

374 1075 453 1126 sui
484 1090 716 1140 corpore,
766 1074 1040 1139 Olympiam
1089 1080 1385 1125 certaturum
1417 1075 1544 1125 inter
1576 1076 1788 1125 athletas
1823 1090 2029 1140 puerum

374 1155 595 1205 deduxit.
659 1155 732 1203 Ac
763 1155 920 1219 primo
955 1154 1149 1216 quidem
1182 1156 1232 1204 in
1265 1160 1514 1204 certamen
1537 1171 1629 1221 per
1652 1155 1925 1219 ambiguam
1948 1169 2030 1204 ae-

372 1239 525 1284 tatem
557 1238 787 1298 receptus
821 1229 916 1282 non
947 1238 1040 1284 est.
1107 1231 1228 1283 Post
1261 1235 1513 1284 Eleusinio
1547 1239 1596 1284 et
1627 1233 1825 1284 Theseo
1874 1237 2032 1284 certa-

374 1315 505 1363 mine
547 1313 780 1378 pugnavit
823 1318 875 1361 et
917 1316 1180 1362 coronatus
1223 1314 1351 1363 est.''
1417 1314 1558 1363 Adde
1603 1315 1727 1364 vitas
1776 1330 1806 1363 a
1837 1310 2031 1362 Thoma

373 1391 450 1442 Μ.
494 1397 546 1441 et
586 1393 636 1439 in
684 1391 794 1440 cod.
843 1390 1044 1443 Mediol.
1080 1392 1188 1442 coll.
1222 1394 1446 1442 Ambros.
1482 1394 1689 1458 scriptas
1724 1409 1837 1443 cum
1869 1393 2029 1442 Euse-

375 1472 458 1521 bio
502 1471 554 1519 in
594 1486 759 1536 praep.
800 1470 982 1535 Evang.
1029 1470 1090 1521 V.
1125 1489 1166 1522 c.
1202 1475 1278 1521 12.
1346 1472 1420 1522 De
1464 1474 1660 1522 oraculo
1711 1487 1946 1522 verumne
1969 1486 2030 1520 an

374 1550 544 1600 fictum
578 1551 813 1612 tradatur,
847 1550 952 1599 aliis
987 1551 1349 1601 diiudicandum
1383 1552 1635 1615 relinqu03
1681 1557 1898 1601 ceterum
1948 1565 2032 1615 pa-

375 1637 502 1682 trem
536 1629 807 1694 EuripidiS,
855 1646 1002 1694 quum
1053 1636 1105 1680 et
1137 1633 1313 1696 opibus
1347 1637 1397 1680 et
1427 1631 1683 1680 nobilitate
1714 1631 1909 1696 generis
1941 1629 2030 1678 flo-

374 1716 510 1760 reret
542 1715 593 1759 et
626 1710 688 1758 de
722 1709 825 1758 filio
859 1710 1045 1775 optime
1089 1717 1339 1776 speraret,
1380 1711 1449 1760 nil
1493 1711 1750 1770 omisisse,
1795 1710 1926 1774 quod
1970 1707 2034 1758 ad

373 1790 521 1840 animi
555 1790 874 1854 corporisque
907 1790 1048 1839 dotes
1075 1790 1221 1839 huius
1244 1791 1533 1840 excolendas
1555 1790 1897 1855 augendaeque
1917 1803 2032 1854 per-

373 1870 571 1930 tineret,
606 1869 757 1919 multa
790 1873 1046 1918 testantur.
1113 1871 1235 1919 Nam
1268 1871 1415 1919 etiam
1446 1871 1677 1936 pingendi
1701 1871 1794 1918 arti
1814 1875 2033 1918 nostrum

376 1965 577 2016 operam
612 1948 809 1997 dedisse
841 1950 1055 2008 tradunt,
1092 1954 1142 1997 et
1171 1949 1384 1999 tabulam
1419 1951 1655 2012 quandam
1689 1951 1749 1998 ab
1772 1964 1832 1997 eo
1855 1948 2032 2013 pictam

374 2030 593 2094 Megaris
639 2034 876 2076 servatam
924 2044 1036 2076 esse
1061 2024 1131 2088 *).
1210 2029 1349 2077 Haec
1401 2029 1650 2076 doctrinae
1693 2028 1902 2076 varietas
1951 2041 2032 2075 re-

375 2109 502 2174 spici
534 2109 726 2157 videtur
758 2108 1119 2170 epigrammate,
1154 2109 1283 2172 quod
1317 2108 1478 2157 fertur
1509 2113 1591 2156 aut
1623 2104 1930 2170 Thucydidis
1953 2106 2032 2176 hi-

377 2189 542 2238 storici
575 2191 659 2236 aut
691 2185 939 2234 Timothei
972 2187 1149 2236 musici
1182 2203 1326 2235 esse:

504 2268 711 2330 Μνᾶμα
743 2262 838 2329 μὲν
863 2258 1043 2325 Ἑλλὰς
1075 2264 1231 2316 bina&
1267 2263 1592 2329 Εὐριπίδου·
1637 2262 1789 2315 ὀστέα
1821 2263 1872 2315 δ’
1903 2262 2034 2330 ἴσχει

636 2349 703 2413 γῆ
739 2345 1036 2396 Μακεδών
1069 2338 1104 2411 ᾗ
1135 2345 1237 2411 γὰρ
1273 2345 1453 2408 δέξατο
1486 2345 1648 2411 τέρμα
1683 2344 1804 2411 βίου
1825 2357 1839 2369 “

504 2423 690 2491 πατρὶς
738 2425 786 2477 δ’
825 2419 1073 2488 Ἑλλάδος
1106 2418 1306 2488 Ἑλλάς,
1344 2420 1591 2493 Ἀθῆναι·
1636 2427 1920 2477 πλεῖστα
1963 2421 2035 2474 δὲ

1197 2505 1482 2568 Μούσας

635 2585 914 2652 τέρψας,
970 2586 1041 2639 ἐκ
1089 2589 1357 2639 πολλῶν
1406 2586 1523 2640 καὶ
1580 2581 1694 2638 τὸν
1748 2582 2036 2637 ἔπαινον

1201 2686 1346 2735 exem

375 2749 732 2798 Documentum
755 2749 1019 2798 nobilitatis
1036 2751 1226 2813 generis
1253 2751 1396 2798 affert
1412 2749 1692 2798 Athenaeus
1703 2745 1763 2795 X.
1784 2764 1832 2811 p.
1846 2747 1958 2795 424.
1971 2744 2031 2794 E.

375 2829 561 2879 haecce
615 2830 886 2878 narrando:
961 2829 1455 2890 „Pocillatores
1525 2826 1678 2890 apud
1735 2818 2033 2887 antiquos

375 2909 638 2957 fuerunt
699 2908 1107 2957 nobilissimi
1159 2909 1462 2970 iuvenes,
1508 2911 1563 2955 ut
1610 2905 1822 2954 Menelai
1869 2904 2031 2952 filius:

376 2985 593 3052 ᾠνοχόει
626 2985 674 3037 δ’
717 2986 835 3047 υἱὸς
867 2987 1162 3039 Μενελάου·
1180 2986 1507 3052 κυδαλίμοιο.
1575 2986 1791 3048 Itaque
1838 2984 2035 3031 etiam

375 3067 734 3133 Euripides
769 3075 955 3134 poeta
987 3071 1158 3118 inter
1191 3084 1430 3134 pueros
1463 3067 1676 3115 vinum
1711 3063 2034 3132 ministra-

376 3149 482 3198 vit.
551 3147 674 3197 Nam
708 3147 1082 3212 Theophrastus
1114 3150 1163 3198 in
1194 3150 1335 3211 libro,
1370 3164 1514 3212 quem
1549 3146 1611 3193 de
1632 3143 1874 3209 ebrietate
1900 3157 2034 3189 com-

376 3227 561 3292 posuit,
609 3226 879 3291 Equidem,
928 3230 1112 3293 inquit‚
1163 3231 1306 3279 audio
1338 3228 1485 3278 etiam
1518 3223 1806 3289 Euripidem
1840 3225 2034 3284 poetam

449 3394 491 3449 *)
519 3394 629 3436 Vide
657 3393 772 3436 vitas
799 3407 828 3436 a.
855 3395 1032 3439 Thomu
1060 3395 1141 3448 Μ.,
1171 3392 1478 3449 Moschopulo,
1507 3391 1643 3436 Suida
1672 3393 1716 3434 et
1742 3389 1786 3432 in
1815 3387 1910 3432 cod.
1935 3386 2036 3430 Me—

519 3463 622 3507 diol.
653 3463 851 3519 scriptas.
