2144 3854
926 296 1047 356 321

142 459 308 495 rerum
342 442 765 509 imaginandamm
798 443 878 493 vel
909 444 1208 509 cogitan'one
1231 443 1585 512 fingendarum,
1617 452 1722 500 tum
1740 448 1817 501 fa-

144 525 302 574 cultas
350 523 560 573 affectus
607 523 755 573 animi
803 522 1198 572 vehementiores
1232 526 1295 574 ad
1328 532 1528 578 naturae
1560 530 1818 582 veritatem

142 603 381 655 imitandi.
467 602 519 652 ln
554 607 760 667 utroque
793 617 976 666 genere
1022 602 1309 667 Euripidem
1354 609 1662 671 praestitisse
1706 627 1818 662 cum

143 683 227 733 alii
259 690 362 733 tum
395 682 648 746 Longinus
684 698 727 730 c.
765 684 843 730 15.
880 686 1149 730 testantur:

275 753 319 812 ὦ
351 762 530 827 μῆτερ,
566 759 775 811 ἱκετεύω
811 775 883 822 σε,
918 758 989 827 μὴ
1025 758 1205 812 ’πίσειέ
1238 779 1331 825 μοι

271 840 365 902 τὰς
399 834 738 907 αἱματωποὺς
770 839 860 892 καὶ
893 839 1281 905 δρακοντώδεις
1312 842 1497 909 κόρας·

273 912 429 974 αὗται
460 922 581 989 γάρ,
615 912 772 973 αὗται
804 921 1028 989 πλησίον
1059 923 1370 989 θρώσκουσί
1402 942 1526 989 μου.

142 1020 233 1055 και

290 1081 350 1134 οἴ
378 1100 487 1149 μοι,
520 1086 702 1136 κτανεῖ
730 1097 819 1149 με’
854 1086 953 1137 ποῖ
981 1083 1170 1151 φύγω;

140 1164 247 1226 „Ibi
280 1171 425 1230 poeta
458 1165 568 1231 ipse
600 1166 723 1215 vidit
756 1166 934 1215 Furias
956 1173 1007 1216 et
1029 1167 1420 1232 repraesentavit
1440 1167 1531 1228 sic,
1567 1171 1624 1218 ut
1647 1184 1820 1234 parum

142 1245 299 1305 absit,
348 1245 466 1309 quin
514 1245 664 1295 etiam
714 1246 962 1296 auditores
1010 1247 1179 1296 videre
1227 1248 1460 1313 coegerit.
1537 1247 1822 1299 Elaboravit

143 1324 342 1388 quidem
375 1325 640 1390 Euripides
674 1326 723 1375 in
756 1327 836 1375 his
872 1327 1065 1376 duobus
1100 1327 1312 1376 maxime
1338 1327 1613 1388 affectibus,
1648 1329 1822 1378 furore

141 1411 289 1470 atque
322 1421 506 1466 amore,
540 1407 590 1455 in
625 1407 801 1470 quibus
835 1409 1001 1457 nescio
1036 1423 1097 1457 an
1129 1409 1344 1457 omnium
1370 1408 1821 1471 praestantissimus

145 1485 252 1546 sit3-
275 1501 448 1534 verum
480 1485 695 1550 reliquas
730 1502 926 1550 quoque
959 1488 1106 1536 animi
1141 1489 1461 1552 cogitationes
1496 1492 1712 1536 tractare
1727 1503 1822 1536 co-

144 1569 291 1614 natus
324 1571 420 1614 est.
489 1564 586 1627 Qui
619 1581 767 1629 quum
802 1567 1002 1616 minime
1025 1568 1222 1634 ingenio
1245 1567 1444 1633 grandis
1470 1572 1621 1626 esset,
1655 1572 1823 1618 tamen

146 1660 287 1694 suam
333 1645 443 1710 ipse
489 1652 711 1694 naturam
757 1646 1051 1710 plerumque
1094 1647 1156 1695 ad
1201 1647 1436 1711 tragicam
1473 1646 1822 1697 sublimitatem

145 1731 198 1775 et
230 1725 602 1789 quibuscunque
634 1724 766 1774 inest
799 1727 1048 1790 granditas
1083 1727 1266 1792 adegit,
1303 1732 1358 1775 ut
1391 1727 1458 1773 ait
1491 1731 1664 1790 poeta:

278 1803 416 1870 οὐρῇ
451 1801 508 1855 δὲ
541 1803 772 1868 πλευράς
805 1821 859 1855 τε
894 1803 983 1856 καὶ
1016 1804 1184 1872 ἰσχίον
1218 1802 1602 1871 ἀμφοτέρωθεν

276 1883 560 1948 μαστίεται,
596 1880 646 1935 ἑὲ
679 1883 726 1935 δ’
763 1885 928 1936 αὐτὸν
961 1882 1235 1950 ἐποτρύνει
1267 1884 1647 1952 μαχέσασθαι.”

145 1966 368 2016 Alterum
403 1962 582 2014 deinde
615 1967 892 2030 exemplum
928 1967 1178 2031 Longinus
1216 1968 1483 2016 orationem
1518 1966 1659 2030 ponit
1693 1965 1823 2015 Solis

145 2045 286 2095 frena
313 2045 615 2095 Phaethonti
641 2047 910 2107 tradentiS,
945 2048 1024 2095 cui
1052 2047 1176 2095 haec
1202 2047 1479 2110 subiungit:
1513 2045 1722 2105 „Nonne
1747 2045 1823 2094 di-

147 2141 232 2176 cas
284 2126 492 2174 animam
553 2125 812 2174 scribentis
863 2141 958 2175 una
1005 2127 1057 2175 in
1092 2142 1287 2174 currum
1324 2126 1595 2174 ascendere
1629 2131 1680 2174 et
1728 2140 1826 2174 una

146 2222 259 2257 cum
292 2206 432 2269 equis
464 2205 516 2253 in
548 2205 821 2268 periculum
854 2206 1085 2255 avolare?
1125 2205 1385 2271 Nunquam
1420 2206 1568 2265 enim,
1601 2204 1696 2253 nisi
1732 2220 1826 2270 per

147 2285 381 2336 coelestia
413 2285 498 2333 illa
532 2285 670 2349 signa
703 2301 799 2333 una
821 2286 1148 2350 abriperetur,
1177 2285 1297 2334 talia
1326 2285 1617 2348 imaginatus
1640 2281 1826 2334 esset.'’

279 2364 624 2413 Monodiarum
689 2364 867 2413 deinde
921 2366 1219 2414 mentionem
1275 2365 1398 2413 facit
1449 2364 1827 2429 Aristophanes,

149 2460 273 2510 quas
306 2444 403 2492 hoc
438 2443 547 2492 loco
582 2443 775 2500 omitto,
812 2445 1073 2509 separatim
1111 2444 1175 2493 de
1207 2445 1268 2493 iis
1303 2444 1632 2507 expositurus.
1697 2442 1826 2494 Ver·

150 2524 262 2587 bis,
312 2537 437 2588 quae
471 2521 652 2573 deinde
685 2531 985 2587 sequuntur,
1036 2524 1444 2588 perspicuitatem
1476 2528 1529 2571 et
1562 2522 1827 2572 dilucidam

149 2619 316 2654 rerum
351 2602 710 2666 expositionem
746 2602 972 2653 denotat.v
1030 2602 1084 2651 ln
1119 2603 1306 2651 medias
1341 2618 1420 2651 res
1454 2601 1585 2665 rapit
1617 2601 1691 2650 sic
1722 2601 1827 2650 Eu-

150 2683 360 2750 ripides,
392 2689 449 2730 ut
480 2681 767 2747 planissime
801 2682 945 2730 simul
978 2683 1041 2731 de
1073 2681 1306 2730 universo
1338 2697 1503 2730 rerum
1538 2696 1665 2729 nexu
1700 2681 1829 2729 edo-

151 2770 275 2815 ceat.
342 2761 489 2811 Multi
523 2766 637 2810 sunt
668 2762 968 2810 recentiores
1003 2762 1053 2810 in
1077 2761 1411 2825 vituperandis
1441 2760 1688 2824 Euripidis
1711 2775 1828 2823 pro-

150 2844 296 2907 logis,
331 2857 537 2907 quorum
573 2841 919 2890 alucinationes
954 2856 1155 2901 omnes,
1202 2842 1330 2890 sicut
1364 2840 1601 2904 Aeschyli
1634 2840 1828 2889 Aristo-

151 2923 335 2989 phanei
368 2921 823 2986 reprehensionem,
859 2925 954 2968 uno
988 2921 1139 2969 verbo
1173 2920 1258 2969 ille
1292 2920 1582 2986 propulsat:

285 3003 474 3068 ληρεῖς,
510 2998 612 3066 ἐγὼ
647 2999 703 3052 δὲ
737 2994 864 3060 τοὺς
896 2999 1195 3065 προλόγους
1227 3001 1399 3060 καλῶς
1433 2998 1586 3050 ποιῶ.

154 3085 282 3135 Nam
317 3099 458 3148 qnae,
492 3083 589 3131 hoc
624 3086 754 3130 statu
789 3081 1036 3146 depulsus,
1070 3082 1347 3146 Aeschylus
1382 3081 1681 3147 exprobrat,
1718 3094 1830 3127 cum

154 3165 493 3229 proiectas
543 3177 694 3211 esse
747 3162 807 3210 ab
854 3162 1105 3223 omnibus,
1164 3177 1482 3227 quaecunque
1532 3161 1581 3208 in
1632 3174 1830 3207 scenam

155 3244 446 3307 prodirent,
518 3241 745 3306 personis
807 3242 1124 3306 ampullas
1181 3247 1245 3291 et
1320 3238 1830 3306 sesquipedalia

157 3324 350 3373 verba
383 3320 670 3387 (ληκύθιον
703 3319 988 3384 ἀπώλεσεν)
1023 3322 1279 3380 ostendat,
1329 3322 1391 3372 ad
1437 3320 1719 3370 universum
1753 3316 1830 3365 di-

162 3402 306 3451 cendi
352 3418 538 3468 genus,
587 3402 718 3469 quod
762 3403 907 3454 nimis
941 3401 1148 3465 subtile,
1194 3407 1342 3455 tenue
1386 3400 1672 3465 humileque
1719 3411 1831 3447 esse

1434 3484 1499 3532 21
