2176 3874
945 342 1026 400 47
1031 343 1069 399 3

159 507 400 544 successu
435 491 701 542 certiorem
726 490 965 543 facturus.
1035 490 1227 540 Deinde
1259 490 1686 541 duastthoniae
1710 506 1853 542 soro-

157 590 257 636 res,
293 573 490 637 cognita
522 573 655 622 illius
690 572 1050 632 immolatione,
1092 572 1442 621 necessitatem
1463 572 1721 622 moriendi
1757 573 1852 623 sibi

155 654 441 719 impositam
463 654 745 703 ostendisse
767 652 1009 717 suspicor.
1079 651 1190 699 Hoc
1226 657 1388 701 utrum
1416 654 1587 717 ignara
1608 656 1766 703 matre
1788 669 1850 704 au

156 735 336 783 edocta
369 734 696 798 ultimumque
731 734 940 783 salutata
964 732 1023 779 ab
1055 731 1155 779 illis
1183 731 1369 781 factum
1398 749 1511 782 esse
1535 734 1853 784 statuendum

156 815 240 876 sit,
276 815 464 863 dubito.
534 814 737 864 Fratres
773 813 999 877 quidem,
1050 827 1261 875 quorum
1309 814 1551 863 maximus
1595 822 1712 864 natu
1750 815 1854 866 Ce-

156 908 304 958 crops
339 899 462 952 erat,
499 896 711 944 necdum
745 900 911 943 tamen
944 893 1096 940 armis
1143 891 1364 940 ferendis
1401 900 1576 957 aptus,
1613 888 1853 946 salutatos

156 975 217 1024 ab
253 975 354 1023 illis
388 976 763 1040 admonitusque
799 989 928 1034 esse,
964 978 1018 1021 ut
1052 976 1260 1020 matrem
1296 973 1378 1037 pie
1405 974 1605 1038 fideque
1641 976 1852 1026 colendo

157 1056 365 1105 amissos
401 1057 585 1105 liberos
621 1055 668 1104 ei
704 1069 1026 1118 compensare
1061 1052 1338 1115 studerent,
1374 1053 1652 1118 fragmenta
1688 1063 1854 1107 osten-

158 1136 282 1186 dere
315 1137 576 1185 videntur:

292 1215 393 1267 οὐκ
426 1213 534 1266 ἔστι
568 1214 768 1280 μητρὸς
801 1211 962 1265 οὐδὲν
994 1212 1154 1281 ἥδιον
1187 1211 1422 1276 τέκνοις·

289 1292 441 1361 ἐρᾶτε
474 1296 688 1363 μητρός,
723 1296 932 1356 παῖδες·
970 1293 1042 1356 ὡς
1078 1295 1178 1347 οὐκ
1213 1291 1316 1346 ἔστ’
1353 1293 1487 1362 ἔρως

288 1381 533 1439 τοιοῦτος
568 1379 743 1440 ἄλλος,
781 1370 892 1438 οἷος
925 1377 1096 1445 ἡδίων
1131 1373 1274 1443 ἐρᾶν.

290 1540 466 1591 θετῶν
501 1537 559 1590 δὲ
594 1538 803 1591 παίδων
836 1542 946 1591 ποῦ
980 1538 1197 1604 nocivos-3
1231 1538 1298 1590 τὰ
1332 1539 1511 1605 φύντα
1543 1542 1647 1610 γὰρ

289 1620 512 1688 κρείσσω
545 1620 780 1687 νομίζειν
811 1622 921 1672 τῶν
955 1619 1271 1687 δοκημάτων
1303 1620 1491 1687 χρεών.

292 1730 359 1739 -
492 1731 559 1740 —-
691 1729 758 1740 —-·
889 1701 985 1754 τὸν
1019 1709 1084 1769 τῇ
1119 1702 1280 1768 φύσει

292 1782 494 1835 οἰκεῖον
529 1781 705 1843 οὐδεὶς
739 1783 923 1848 καιρὸς
956 1783 1174 1835 ἀλλοῖον
1207 1784 1352 1836 ποιεῖ
1382 1782 1451 1848 *).

158 1864 387 1928 Possunt,
420 1871 590 1915 tamen
636 1866 761 1915 haec
812 1867 961 1915 etiam
1010 1867 1070 1914 ab
1118 1867 1407 1916 Erechtheo
1456 1865 1588 1914 dicta
1645 1869 1696 1915 et
1739 1881 1856 1930 pars

158 1945 318 1995 fuisse
352 1952 762 2012 praeceptorum,
800 1947 978 2010 quibus
1012 1963 1133 2001 rex.
1169 1947 1459 2012 priusquam
1494 1963 1523 1995 e
1557 1945 1657 1994 vita
1693 1946 1858 2005 dispe-

160 2025 319 2090 deret,
354 2027 485 2075 filios
520 2028 583 2075 ad
618 2043 673 2075 se
707 2034 908 2076 vocatos
944 2026 1182 2076 instruxit
1217 2027 1585 2084 saluberrimis,
1623 2042 1772 2089 quum
1809 2032 1860 2075 et

158 2106 450 2156 familiarem
499 2113 549 2154 et
595 2107 842 2172 publicam
890 2124 998 2156 rem
1047 2124 1196 2158 curae
1244 2123 1415 2156 eorum
1465 2109 1858 2158 commendaret.

160 2186 395 2236 Ceterum
429 2188 528 2235 huc
563 2188 816 2251 pertinere
850 2194 972 2252 puto
1007 2187 1184 2254 fragm.
1222 2188 1371 2238 Ennii
1405 2188 1502 2236 inc.
1532 2190 1624 2235 25:

290 2266 691 2328 „Parentem
720 2268 1136 2334 etpatriam,
1172 2267 1303 2329 di‘i,
1338 2275 1615 2318 servate
1643 2267 1858 2334 sospi-

1171 2355 1354 2400 tem.”

291 2426 348 2475 In
392 2427 587 2476 moenia
634 2443 724 2477 seu
770 2428 948 2477 turrim
993 2428 1252 2477 moenibus
1306 2428 1590 2492 impositam
1638 2429 1856 2494 virgines

160 2507 448 2556 ascendisse
480 2507 741 2567 videntur,
792 2509 1042 2571 similique
1077 2508 1303 2568 ratione,
1357 2525 1449 2572 qua
1486 2509 1535 2557 in
1572 2508 1858 2558 Phoenissis

159 2580 423 2636 Macareus
460 2603 516 2636 se
551 2589 804 2646 interficit,
840 2589 891 2636 in
926 2604 1038 2636 enm
1064 2589 1225 2651 ipsum
1249 2589 1430 2649 locum,
1466 2590 1516 2638 in
1539 2605 1636 2654 quo
1665 2589 1860 2638 hostiae

158 2668 332 2717 inferis
359 2668 451 2716 diis
481 2669 672 2717 obferri
712 2670 955 2728 solebant,
993 2684 1204 2733 corpora
1229 2670 1507 2729 demisisse,
1534 2670 1666 2718 unde
1691 2669 1858 2717 subla-

158 2755 212 2799 ta
261 2766 360 2798 una
409 2766 522 2798 cum
570 2749 819 2797 Chthonia
867 2749 1096 2812 componi
1144 2753 1430 2814 potuerunt.
1502 2748 1857 2798 Lamentorum

161 2829 265 2879 sive
301 2830 438 2878 chori
474 2830 575 2878 sive
611 2829 939 2889 Praxitheae,
974 2829 1152 2893 quibus
1189 2830 1335 2878 trium
1369 2818 1610 2894 virginum
1645 2835 1859 2878 mortem

159 2912 620 2977 prosequebantur,
664 2911 762 2959 hoc
811 2910 1040 2974 exiguum
1092 2908 1421 2973 fragmentum
1467 2910 1697 2960 relictum
1745 2925 1859 2960 esse

159 2990 387 3040 videtur:

295 3098 364 3106 —-
463 3098 530 3106 —
630 3071 817 3137 ζεῦγος
849 3069 1227 3135 τριπάρθενον,

163 3167 263 3216 quo
299 3151 409 3200 loco
445 3153 628 3201 abusus
665 3158 742 3200 est
776 3153 1030 3217 Aristoph.
1067 3152 1117 3201 in
1151 3152 1329 3211 Horis3
1366 3150 1431 3201 cf.
1466 3150 1647 3216 Bergk.
1682 3151 1859 3216 fragm.

162 3232 317 3282 Arist.
354 3249 403 3296 p.
441 3233 555 3280 286.
623 3232 808 3282 Redire
843 3233 1023 3282 deinde
1070 3234 1295 3282 nuntium
1329 3248 1538 3281 necesse
1571 3232 1667 3280 fuit
1701 3249 1759 3281 ac
1795 3232 1859 3282 de

161 3318 323 3361 morte
358 3313 631 3376 virginum,
677 3313 741 3362 de
775 3320 916 3378 parta
949 3314 1186 3377 victoria,
1223 3313 1287 3363 de
1321 3313 1608 3363 Erechtheo
1644 3311 1860 3376 Neptuni

222 3481 271 3535 ³1<)
301 3480 486 3537 Fragm.
514 3481 600 3526 inc.
618 3481 718 3526 245.
749 3479 935 3527 ἀλλοῖον
954 3493 1036 3537 pro
1058 3476 1301 3539 ἀλλότριον
1322 3479 1651 3538 postulantibus
1665 3478 1863 3524 numeris

308 3565 505 3607 reposui.
