2176 3874
1129 283 1252 340 364

493 437 725 486 Ceterum
760 448 823 481 ne
839 431 1038 492 invitus,
1072 431 1162 481 sed
1194 444 1482 496 persuasuS,
1517 428 1821 480 Philoctetes
1843 445 2026 496 seque-

363 523 532 572 retur,
572 514 783 563 maxime
815 512 1095 561 necessario
1141 511 1270 578 apud
1305 510 1593 575 Euripidem
1635 511 1860 560 evenisse
1891 511 2028 562 vide-

362 605 463 647 tur:
509 594 762 643 Minervae
800 593 932 642 enim
979 608 1153 657 opera,
1207 608 1350 655 quam
1402 592 1550 638 rebus
1595 591 1828 640 extremis
1874 591 2028 641 inter-

359 676 518 724 fuisse
551 674 793 737 suspicor,
827 674 987 722 minus
1021 673 1083 721 ad
1108 671 1505 736 persuadendum
1528 670 1847 734 Philoctetae,
1883 687 2028 735 quam

361 756 423 805 ad
457 753 732 803 docendum
767 753 1016 803 theatrum
1050 768 1173 817 opus
1207 753 1321 801 fuit.

488 835 684 884 Abusus
719 838 797 882 est
831 849 926 882 uno
960 848 1102 883 versu
1139 832 1496 898 Aristophanes
1530 831 1651 882 Rau.
1686 833 1799 880 284.
1866 829 2028 881 Strat-

358 915 425 965 tis
458 921 620 963 autem
654 914 983 963 Philoctetem
1017 914 1266 972 scribenS‚
1304 929 1448 977 quem
1483 916 1837 962 commemorat
1871 912 2029 960 Athe-

358 1011 511 1045 naeus
546 994 663 1056 Vll,
697 996 809 1043 321.
846 994 938 1052 E„
986 994 1093 1042 sine
1139 993 1290 1042 dubio
1323 993 1538 1057 aliquem
1573 994 1876 1057 tragicorum
1910 991 2029 1040 imi-

356 1078 489 1124 tatus
525 1079 644 1123 erat.

487 1155 582 1202 His
617 1154 853 1219 expositis
887 1157 1056 1213 restat,
1105 1159 1187 1217 ut,
1224 1171 1431 1219 quanam
1463 1153 1829 1204 necessitudine
1860 1151 2030 1201 Philo-

355 1237 518 1283 ctetae
575 1234 743 1282 fabula
799 1250 909 1283 cum
967 1233 1146 1283 Medea
1197 1234 1457 1283 coniuncta
1510 1234 1689 1294 fuerit,
1754 1233 2028 1282 ostendam.

354 1312 513 1362 Domo
555 1314 814 1378 patriaque
857 1313 1099 1360 abductus
1144 1311 1445 1361 Philoctetes
1491 1330 1586 1362 non
1631 1315 1818 1374 minus,
1882 1322 2029 1378 quam

270 1414 274 1418 ·
352 1392 566 1453 Medea,
612 1394 894 1455 optimeque
926 1393 1133 1440 meritus
1167 1391 1232 1439 de
1264 1391 1356 1449 iis,
1407 1407 1612 1455 quorum
1659 1394 1796 1457 signa
1830 1398 2031 1442 secutus

355 1479 480 1532 erat,
513 1487 604 1535 pro
642 1472 894 1520 beneficiis
931 1471 1106 1519 iniuria
1140 1470 1350 1519 affectus
1385 1478 1505 1520 erat.
1569 1472 1866 1522 Ostenderat
1900 1474 2030 1522 enim

355 1550 577 1615 Chrysae
611 1568 743 1600 aram
778 1553 826 1600 in
859 1550 1015 1599 insula
1050 1550 1342 1613 cognomine
1375 1559 1693 1612 exstructam,
1728 1553 1779 1600 in
1813 1568 1906 1617 qua
1937 1553 2032 1602 nisi

353 1646 495 1681 sacra
538 1616 780 1680 fecissen}
812 1630 1018 1691 Achivi,
1070 1631 1208 1679 llium
1254 1647 1350 1679 non
1383 1638 1579 1696 poterat
1611 1633 1898 1697 expugnari.
1972 1633 2031 1681 In

350 1711 445 1760 hac
479 1717 640 1760 autem
677 1711 965 1776 reperienda
1013 1727 1163 1774 quum
1211 1728 1239 1759 a
1273 1717 1535 1776 serpente,
1587 1712 1672 1776 qui
1706 1713 2032 1775 custodiebat,

350 1791 401 1840 iu
436 1792 565 1855 pede
599 1793 880 1840 vulneratus
915 1797 1082 1850 esset,
1128 1791 1301 1841 Achivi
1346 1797 1529 1841 tetrum
1577 1808 1638 1840 ex
1671 1793 1874 1842 vulnere
1907 1794 2030 1843 odo-

352 1887 459 1922 rem
495 1871 835 1931 fastidientes,
877 1887 974 1920 non
1009 1872 1189 1920 retenti
1224 1887 1314 1929 eo,
1362 1873 1495 1935 quod
1540 1889 1632 1937 pro
1666 1873 1786 1938 ipsis
1833 1875 2030 1938 pericu-

352 1952 457 2001 lum
501 1952 729 2000 adeundo
762 1951 945 1999 malum
981 1951 1076 1998 sibi
1110 1957 1355 2011 traxerat,
1401 1953 1448 1999 in
1482 1952 1671 2000 Lemno
1704 1954 1860 2002 insula
1881 1954 2030 2005 ‘iussu

352 2031 732 2096 Agamemnonis
778 2036 926 2094 atque
959 2047 1109 2095 opera
1144 2031 1340 2094 Ulyssis
1385 2038 1728 2096 exposuerant.
1797 2032 2032 2083 Potestne

353 2113 507 2177 gratia
542 2127 632 2176 pro
669 2109 938 2161 benefactis
969 2110 1068 2157 ullo
1102 2111 1250 2158 modo
1284 2111 1427 2176 peius
1460 2111 1680 2161 referri?
1747 2111 1878 2174 Quid
1911 2128 2030 2161 vero

353 2192 678 2254 arrogantius,
713 2207 860 2254 quam
884 2191 1103 2251 eosdem,
1139 2191 1224 2255 qui
1269 2198 1618 2256 exposuerunt,
1651 2197 1917 2258 postquam
1940 2192 2026 2241 illo

353 2286 411 2319 se
435 2286 603 2319 carere
627 2286 721 2319 non
750 2286 897 2334 posse
924 2270 1292 2328 intellexerunt,
1313 2273 1584 2335 postulare,
1598 2278 1653 2320 ut
1672 2272 1860 2331 redeat,
1875 2279 1928 2321 ut
1950 2274 2026 2322 in-

351 2351 504 2399 iuriae
540 2351 821 2398 memoriam
858 2350 1087 2414 deponat,
1125 2357 1179 2399 ut
1211 2367 1361 2400 novos
1395 2368 1488 2417 pro
1521 2353 1679 2416 patria
1702 2353 2031 2417 ingratissima

351 2431 547 2479 labores
583 2430 853 2495 suscipiat,
902 2436 957 2479 ut
992 2433 1244 2495 popularis
1291 2433 1479 2498 gratiae
1514 2432 1745 2481 fluctibus
1780 2434 1941 2482 denuo
1975 2449 2032 2483 se

354 2511 666 2560 committat?
743 2510 861 2558 Sors
897 2519 1060 2560 autem
1097 2512 1437 2573 Philoctetae,
1473 2512 1697 2561 dolorum
1734 2514 2030 2563 cruciatibus

351 2591 634 2656 pereuntis,
679 2590 859 2638 auxilio
907 2591 1163 2653 destituti,
1211 2595 1273 2642 ad
1319 2594 1453 2642 feras
1497 2593 1785 2641 solitudinis
1822 2594 2029 2655 detrusi,

352 2672 456 2720 sine
504 2676 667 2731 tecto,
724 2671 834 2719 sine
891 2673 1137 2730 vestibus,
1195 2674 1304 2722 sine
1358 2674 1489 2721 victu
1546 2673 1727 2721 mitiori
1786 2674 2027 2736 degentis,

351 2752 594 2814 denique,
645 2751 777 2813 quod
809 2751 1148 2814 gravissimum
1183 2759 1302 2811 est,
1339 2752 1574 2801 facultate
1615 2753 1791 2816 privati
1823 2753 2028 2816 gloriam

351 2832 535 2880 virtute
584 2830 885 2894 adipiscendi
910 2831 992 2896 *),
1054 2833 1209 2895 haec,
1245 2834 1471 2897 inquam,
1518 2847 1627 2880 sors
1675 2833 1829 2881 multo
1857 2834 2024 2890 etiam,

351 2927 499 2975 quam
542 2910 781 2970 Medeae,
828 2913 1057 2962 miserior
1100 2920 1192 2962 est.
1270 2913 1411 2961 Haec
1458 2911 1588 2959 enim
1624 2929 1652 2959 a
1697 2911 1806 2960 fera
1837 2913 1933 2961 vita
1978 2918 2029 2962 et

349 2991 576 3040 barbarie
610 2990 671 3037 ad
718 2991 981 3041 humanum
1018 2994 1310 3057 civilemque
1353 2992 1534 3041 cultum
1573 2992 1856 3040 transducta
1903 2996 2027 3054 erat,

350 3070 438 3118 ille
485 3085 546 3118 ex
590 3070 726 3119 cultu
775 3077 922 3135 atque
967 3073 1272 3123 humanitate
1308 3073 1546 3123 Graeciae
1588 3072 1648 3118 ad
1692 3071 1850 3119 feram
1886 3088 2028 3136 agre-

351 3154 578 3213 stemque
611 3151 765 3199 vitam
809 3152 1054 3202 detrusus.
1133 3153 1308 3218 Neque
1351 3158 1513 3201 autem
1549 3150 1731 3199 Medea
1778 3150 2027 3203 feritatem

351 3245 520 3290 suam,
569 3246 663 3294 qua
697 3230 757 3278 ab
805 3230 1007 3281 infantia
1038 3234 1224 3283 imbuta
1257 3238 1385 3294 erat,
1429 3247 1590 3294 neque
1633 3231 1718 3279 hic
1750 3231 2028 3282 humanita-

352 3315 455 3359 tem
489 3315 706 3359 exuerat.
774 3311 944 3374 ltaque
968 3312 1051 3364 illa
1084 3313 1431 3380 cupiditatibus
1464 3316 1624 3377 paret,
1665 3311 1749 3362 hic
1781 3312 2030 3378 imperare

417 3476 467 3531 ἧς)
496 3476 566 3522 Cf.
595 3476 715 3520 Med.
744 3474 829 3521 536
857 3490 978 3534 seqq.
