2144 3854
931 299 1052 356 3⁰3

153 447 429 513 quominus
462 445 632 496 statim
666 444 844 495 eodem
875 443 1070 508 gladio,
1116 458 1215 508 quo
1248 458 1306 494 se
1339 443 1495 511 Aegei
1526 443 1685 495 filium
1717 459 1832 495 esse

153 528 407 596 probavit,
449 526 724 576 maleficam
757 524 1016 575 mulierem
1049 524 1392 588 transfigeret,
1426 526 1505 574 vel
1538 526 1835 576 verecundia

153 609 234 658 vei
280 608 560 658 interventu
617 605 774 671 patris
820 605 1097 670 prohibitus
1145 610 1238 654 est.
1303 604 1500 668 Aegeus
1552 610 1719 655 autem
1752 622 1833 655 ca·

153 689 447 739 lumniamm
495 691 548 735 et
593 683 846 750 parricidii
890 685 1160 733 convictam
1195 684 1371 748 capitis
1402 685 1664 736 damnasse
1696 685 1834 735 vide-

153 772 250 820 tur.
319 767 555 816 caussam
589 763 935 829 quinMedea,
969 770 1230 829 antequam
1263 764 1606 826 damnaretur,
1642 766 1835 829 dixerit,

152 863 252 897 non
285 847 490 907 dubito,
535 846 672 895 cuius
719 846 784 895 de
817 846 1043 895 oratione
1076 844 1161 893 hic
1194 860 1367 894 versus
1398 846 1688 911 depromtus
1722 862 1835 898 esse

152 932 321 992 potest
355 926 555 993 (fragm.
591 926 688 974 inc.
723 922 864 987 22.):

286 1003 419 1072 ἀτὰρ
453 1009 657 1057 σιωπᾶν
690 1004 755 1056 τοί
788 1019 847 1069 γε
883 1001 1040 1054 δίκαι’
1077 1001 1145 1054 οὐ
1177 1003 1276 1071 χρή
1312 1020 1452 1057 ποτε.

152 1085 248 1136 nei
279 1087 557 1138 interventu
591 1088 653 1136 ad
689 1086 1073 1152 praedicendam
1106 1085 1325 1136 futuram
1354 1086 1492 1135 Medi
1525 1086 1675 1134 vitam
1711 1101 1834 1151 opus

151 1166 282 1217 fuit:
331 1167 506 1218 eodem
554 1167 704 1233 igitur
736 1174 938 1216 auctore
973 1167 1204 1216 Medeam
1239 1168 1417 1233 capitis
1450 1182 1609 1232 poena
1654 1165 1833 1216 libera-

151 1252 255 1296 tam
288 1264 400 1298 esse
434 1249 692 1314 suspicor3
746 1247 812 1296 cf.
850 1245 1209 1312 Apollodorum
1243 1247 1281 1309 Ι,
1316 1250 1365 1309 9,
1399 1251 1487 1298 28:
1531 1242 1836 1311 ἐπιβουλεύ-

151 1337 291 1379 ουσα
325 1326 383 1379 δὲ
406 1325 634 1394 ὕστερον
662 1329 839 1394 Θησεῖ,
875 1325 1055 1393 φυγὰς
1088 1324 1139 1389 ἐξ
1166 1319 1413 1395 Ἀθηνῶν
1434 1325 1563 1392 μετὰ
1583 1330 1684 1379 τοῦ
1714 1343 1835 1379 παι-

150 1407 246 1469 δὸς
280 1405 596 1475 ἐκβάλλεται·
632 1407 742 1460 ἀλλ’
780 1398 939 1468 οὗτος
972 1405 1069 1472 μὲν
1101 1410 1314 1461 πολλῶν
1345 1409 1608 1477 κρατήσας
1636 1408 1836 1475 βαρβά-

150 1506 266 1555 ρων
309 1489 410 1558 τὴν
453 1490 550 1557 ὑφ’
609 1487 804 1542 ἑαυτὸν
856 1489 1036 1556 χώραν
1081 1488 1293 1542 ἅπασαν
1339 1490 1565 1557 Μηδίαν
1609 1486 1836 1554 ἐκάλεσε,

149 1569 242 1623 καὶ
273 1572 688 1639 στρατευόμενος
732 1567 817 1622 ἐπὶ
862 1564 1069 1632 Ἰνδοὺς
1102 1570 1355 1623 ἀπέθανε.
1423 1570 1640 1639 Μήδεια
1669 1568 1727 1623 δὲ
1760 1570 1837 1633 εἰς

153 1653 401 1720 Κόλχους
431 1648 597 1720 ἦλθεν
628 1655 917 1718 ἄγνωστος,
952 1649 1043 1703 καὶ
1075 1653 1451 1718 καταλαβοῦσα
1486 1652 1691 1720 Αἰήτην
1726 1651 1834 1704 ὑπὸ

150 1737 250 1785 τοῦ
286 1734 523 1800 ἀδελφοῦ
547 1733 761 1801 Πέρσου
787 1735 882 1801 τῆς
902 1732 1170 1799 βασιλείας
1194 1730 1555 1801 ἐστερημένον,
1586 1733 1835 1786 κτείνασα

150 1819 378 1876 τοῦτον,
425 1821 499 1882 τῷ
539 1813 699 1881 πατρὶ
757 1812 856 1880 τὴν
911 1814 1183 1880 βασιλείαν
1237 1815 1565 1881 κατέστησεν.
1644 1817 1835 1865 Eadem

149 1913 311 1962 paene
356 1897 529 1947 iisdem
576 1897 741 1946 verbis
786 1895 1001 1945 Tzetzes
1047 1898 1109 1946 ad
1144 1896 1398 1961 Lycophr.
1432 1913 1476 1944 v.
1515 1899 1626 1945 1¹18.
1668 1897 1833 1947 tradit.

148 1976 397 2026 Lucianus
433 1979 498 2027 de
531 1976 723 2026 saltat:
768 1973 844 2026 ἔτι
891 1973 948 2026 δὲ
993 1974 1093 2042 τὴν
1139 1974 1384 2042 Μηδείας
1428 1973 1705 2042 ὑποδοχὴν
1745 1974 1835 2027 καὶ

149 2049 310 2117 αὖθις
344 2052 396 2118 ἐς
431 2055 641 2121 Πέρσας
675 2055 874 2123 φυγήν.
944 2057 1190 2106 Diodorus
1225 2062 1390 2106 autem
1425 2057 1512 2119 IV,
1542 2061 1634 2107 56:
1668 2057 1834 2109 καθό-

147 2137 248 2188 λου
273 2134 346 2199 δέ,
381 2139 556 2203 inquit,
594 2134 704 2188 διὰ
737 2135 860 2204 τὴν
891 2137 1028 2188 τῶν
1061 2135 1440 2206 τραγῳδῶν
1471 2137 1837 2202 τερατείαν

147 2216 357 2285 ποικίλη
402 2235 482 2278 τις
523 2215 614 2270 καὶ
659 2216 921 2284 διάφορος
962 2217 1171 2282 ἱστορία
1220 2216 1342 2282 περὶ
1387 2217 1633 2284 Μηδείας
1665 2214 1835 2287 ἐξενή-

146 2316 359 2351 νεκται·
407 2298 497 2351 καί
541 2316 705 2362 τινες,
759 2299 1166 2366 χαρίζεσθαι
1229 2298 1649 2366 βουλόμενοι
1688 2302 1836 2362 τοῖς

153 2374 583 2448 Ἀθηναίοις,
642 2378 807 2445 φασὶν
854 2378 1023 2446 αὐτὴν
1075 2379 1458 2444 ἀναλαβοῦσαν
1500 2379 1596 2433 τὸν
1642 2379 1694 2444 ἐξ
1739 2379 1835 2433 ΑΖ-

147 2458 281 2526 γέως
326 2459 529 2528 Μῆδον
575 2459 647 2520 είς
696 2461 940 2526 Κόλχους
987 2459 1340 2529 ἀνασωθῆναι
1380 2463 1487 2512 κτλ.
1578 2459 1734 2514 Μετὰ
1778 2460 1838 2514 δὲ

147 2544 317 2593 ταῦτα
373 2540 651 2604 δυνάμεως
699 2538 924 2609 ἐγκρατῆ
959 2542 1249 2607 γενόμενον
1301 2540 1396 2593 τὸν
1448 2542 1650 2611 Μῆδον
1707 2545 1834 2594 πολ-

147 2619 248 2690 λὴν
281 2619 522 2674 ἐπελθεῖν
553 2625 645 2689 τῆς
679 2619 812 2687 ὑπὲρ
847 2621 952 2672 τὸν
975 2621 1193 2674 Πόντον
1217 2617 1392 2683 Ἀσίας
1438 2621 1527 2674 καὶ
1557 2625 1837 2690 κατασχεῖν

146 2701 247 2771 τὴν
290 2702 380 2755 ἀπ’
425 2699 632 2755 ἐκείνου
680 2706 1208 2768 προςαγορευθεῖσαν
1254 2703 1494 2770 Μηδίαν.
1577 2705 1631 2754 In
1668 2720 1834 2756 aerem

147 2785 390 2836 sublatam
430 2784 662 2834 Medeam
696 2786 956 2835 sublimem
992 2786 1215 2834 avolasse
1250 2787 1457 2835 Ovidius
1491 2785 1670 2834 tradit:

281 2865 527 2933 „Effugit
562 2866 659 2915 illa
693 2882 887 2927 necem,
923 2866 1123 2914 nebulis
1151 2883 1250 2932 per
1285 2867 1518 2916 carmina
1551 2865 1752 2915 moti3.'’

146 2945 254 2996 Nec
286 2951 452 2996 tamen
498 2946 652 3011 ipsius
698 2948 914 3006 artibus,
966 2947 1056 2995 sed
1091 2947 1199 3007 dei,
1246 2947 1328 3011 qui
1375 2963 1612 3012 praesens
1646 2947 1837 3008 aderat,

147 3041 244 3092 ope
277 3026 372 3075 boc
405 3026 595 3076 factum
631 3042 744 3075 esse
779 3031 913 3091 puto.

281 3105 375 3154 His
397 3107 548 3155 rebus
571 3107 645 3155 sic
675 3107 966 3170 compositis
990 3112 1095 3156 tum
1121 3107 1322 3157 demum
1348 3109 1475 3174 patri
1499 3108 1635 3158 locus
1653 3107 1834 3157 otium-

147 3202 245 3251 que
285 3186 433 3235 datur
478 3186 543 3235 de
589 3192 795 3252 recepto
846 3187 951 3235 filio
998 3178 1266 3250 gaudendi‘
1293 3195 1343 3237 et
1376 3190 1654 3238 salubribus
1689 3203 1834 3254 prae-

148 3265 310 3332 ceptis
354 3272 611 3332 receptum
659 3268 710 3316 in
757 3267 897 3330 regni
946 3268 1315 3318 successionem
1362 3269 1656 3321 instruendi.
1722 3267 1835 3317 Huc

146 3345 276 3395 enim
310 3344 477 3395 refero
511 3345 689 3411 fragm.
724 3348 817 3395 inc.
851 3350 983 3396 235:

275 3423 400 3491 μηδ’
436 3424 702 3492 εὐτύχημα
735 3423 902 3493 μηδὲν
935 3414 1029 3477 ὧδ’
1060 3422 1191 3479 ἔστω
1225 3427 1375 3496 μέγα,

281 3502 308 3519 Η

277 3522 308 3555 ο
343 3503 393 3557 σ’
428 3504 671 3575 ἐξεπαίρῃ
705 3509 886 3573 μεῖζον
917 3505 952 3574 ἢ
987 3507 1157 3576 χρεὼν
1190 3513 1430 3577 φρονεῖν,
