2176 3874
947 281 1069 339 4⁰1

303 428 416 481 ἀλλ’
451 453 519 467 -·
550 456 617 465 --
652 426 760 479 ἔστι
774 464 790 490 ,
821 427 927 479 κᾶν
957 444 1037 487 τις
1069 424 1256 496 ἐγγελᾷ
1285 425 1444 496 λόγῳ,

307 502 442 570 Ζεὺς
474 507 566 560 καὶ
598 505 721 560 θεοὶ
754 507 968 573 βρότεια
1000 506 1310 570 λεύσσοντες
1341 509 1492 575 πάθη
1527 511 1598 571 ss).

171 590 590 641 Honestissimum
637 592 703 641 de
751 589 1132 653 Bellerophonte
1174 591 1411 639 iudicium
1469 590 1660 640 fecerat
1702 590 1854 644 etiam

169 672 213 720 is
246 676 446 734 auctor,
494 687 641 735 quem
678 670 910 720 Aelianus
944 669 1079 718 Hist.
1113 670 1262 721 anim.
1300 669 1373 731 V,
1424 673 1504 719 34.
1555 672 1852 737 compilavit.

170 751 357 801 Omitto
390 752 729 808 Plutarchum,
766 749 838 798 M.
874 750 1192 808 Antoninum,
1230 751 1611 816 Athenagoram,
1648 751 1852 804 Sextum

167 831 314 896 Emp.
336 871 351 893 ,
386 832 655 882 Lucianum
690 831 928 892 aliosque,
964 829 1046 892 qui
1080 828 1301 878 studium
1338 829 1590 894 Euripidis
1625 833 1850 883 versibus

166 911 312 960 huius
349 912 634 978 tragoediae
666 912 717 960 in
751 908 972 958 medium
1007 907 1320 973 proferendis
1354 910 1604 961 testificati
1641 918 1774 965 sunt.

299 993 436 1041 Idem
469 995 808 1055 argumentum
844 994 961 1038 aute
987 988 1275 1054 Euripidem
1310 1005 1455 1038 nemo
1489 990 1852 1055 illustraverat3

164 1072 434 1139 attigerant
465 1071 716 1120 Homerus
751 1070 831 1134 (Il.
869 1069 923 1131 ζ,
971 1072 1067 1116 155
1101 1067 1265 1134 seqq.)
1302 1076 1355 1119 et
1382 1069 1621 1120 Pindarus
1659 1070 1850 1136 (lsthm.

164 1151 252 1214 Vl,
283 1154 408 1217 44.),
443 1167 652 1217 quorum
665 1150 931 1216 Euripides
956 1150 1303 1199 auctoritatem
1330 1166 1543 1215 sequens
1577 1153 1850 1202 admirabili

165 1238 271 1282 arte
328 1247 411 1280 res
469 1246 587 1280 sane
644 1230 880 1279 difficiles
936 1235 1153 1279 tractatu
1211 1245 1391 1280 scenae
1450 1234 1850 1285 accommodavit.

165 1312 533 1378 Astydamantis
581 1312 756 1375 tragici
792 1309 1203 1374 Bellerophontes
1236 1307 1318 1376 **)
1354 1327 1416 1361 an
1449 1311 1499 1362 in
1533 1313 1710 1363 eadem
1742 1329 1848 1366 ma-

162 1393 289 1444 teria
322 1397 592 1457 occupatus
626 1391 795 1453 fuerit,
828 1391 980 1441 hodie
1014 1391 1310 1455 ignoramus.

463 1721 533 1775 Β.
620 1720 1085 1796 Hippolytus
1131 1728 1543 1777 coronatus.

287 1863 548 1915 Troezene
591 1882 674 1915 res
708 1871 920 1931 aguntur
952 1871 1064 1917 ante
1098 1867 1299 1916 domum
1333 1867 1468 1929 regis
1502 1866 1708 1929 Pitthei,
1745 1869 1845 1934 qui,

162 1959 274 1994 cum
309 1951 444 1994 esset
477 1945 665 1995 Thesei
698 1962 843 2008 ειν-ηε,
879 1947 1120 1996 educasse
1150 1947 1480 2012 Hippolytum
1513 1947 1731 2014 fingitur.
1798 1948 1845 2000 Is

161 2025 435 2090 sapientiae
479 2025 627 2074 laude
669 2027 902 2076 floruisse
942 2027 1258 2089 tradebatur,
1306 2031 1438 2076 teste
1481 2026 1749 2078 Plutarcho
1794 2030 1846 2080 in

158 2105 260 2154 vita
279 2103 468 2155 Thesei
504 2122 548 2154 c.
584 2109 632 2157 3.
701 2106 872 2170 Itaque
892 2106 1192 2172 Hippolytus
1226 2112 1276 2156 et
1291 2111 1467 2156 natura
1493 2113 1546 2156 et
1568 2108 1843 2173 disciplina,

160 2201 273 2235 cum
309 2186 374 2234 sit
407 2202 470 2236 ex
504 2187 752 2236 Amazona
798 2193 942 2237 natus
978 2194 1030 2237 et
1076 2185 1249 2253 ἁγνοῦ
1286 2185 1530 2246 Πιτθέως
1559 2185 1845 2253 παίδευμα,

159 2266 438 2315 castitatem
470 2266 704 2315 virtutum
742 2267 960 2316 omnium
1003 2269 1217 2318 maxime
1262 2269 1396 2320 colit.
1464 2267 1695 2318 Theseus
1730 2285 1844 2320 cum

157 2350 262 2395 tota
311 2347 458 2395 domo
493 2345 751 2395 Troezena
796 2347 1148 2412 commigrasse
1182 2344 1412 2414 fin‘gitur,
1460 2347 1591 2412 quod
1634 2354 1845 2414 propter

158 2424 726 2475 caedemfflPallantidum
759 2442 908 2474 unum
943 2441 1121 2475 annum
1158 2428 1339 2476 debeat
1371 2426 1612 2476 exsulare.

291 2506 421 2555 Ante
456 2505 607 2554 aedes
642 2506 883 2569 proxime‘
902 2504 1036 2553 fores
1088 2506 1298 2555 duarum
1348 2505 1586 2572 imagines
1634 2509 1842 2559 dearum

162 2585 358 2651 positae
391 2583 783 2649 conspiciuntur,
818 2584 1004 2634 Dianae
1036 2590 1184 2648 atque
1208 2583 1439 2642 Veneris,
1476 2602 1684 2649 quarum
1706 2587 1842 2638 illam

158 2667 220 2716 ab
248 2665 542 2730 Hippolyto,
577 2665 704 2714 hanc
739 2682 767 2713 a
794 2664 1018 2713 Phaedra
1052 2669 1391 2713 consecratam
1426 2679 1538 2713 esse
1570 2666 1842 2731 putandum

159 2749 256 2798 est.
322 2745 432 2794 Hac
467 2745 637 2794 statim
688 2744 1046 2808 compositione
1086 2743 1283 2793 funesta
1328 2743 1620 2795 daemonum
1667 2748 1840 2798 confli-

156 2826 309 2875 ctatio
343 2825 661 2891 significatur.
732 2825 906 2874 Prodit
939 2824 1119 2873 deinde
1149 2823 1317 2874 Venus
1351 2824 1477 2888 ipsa,
1511 2826 1647 2875 cuius
1681 2827 1755 2877 ira
1788 2833 1841 2879 et

157 2905 445 2956 adolescens
478 2905 935 2971 praestantissimus
971 2909 1023 2953 et
1048 2904 1224 2952 mulier
1252 2903 1573 2968 pudicissima
1588 2905 1840 2958 interituri

157 2992 284 3036 sunt.
349 2986 508 3034 Huius
543 2986 718 3046 oratio,
752 2991 805 3033 ut
828 2984 999 3032 iratam
1024 2983 1185 3044 decet,
1219 2984 1419 3033 minime
1441 2985 1581 3034 exilis
1616 2992 1712 3049 est,
1747 2987 1838 3038 sed

158 3066 410 3132 sanguine,
446 3082 596 3115 succo
630 3066 891 3128 nervisque
925 3063 1162 3128 praedita.
1229 3062 1322 3112 Est
1346 3069 1511 3114 autem
1534 3064 1630 3115 hoc
1656 3083 1837 3133 prooe-

156 3147 309 3195 mium
343 3146 613 3206 eiusmodi,
659 3151 718 3196 ut
763 3160 863 3194 non
911 3142 1070 3192 solum
1103 3143 1370 3207 praeterita
1404 3149 1837 3198 commemorando

157 3225 361 3288 doceat,
422 3226 511 3275 sed
559 3226 709 3276 etiam
768 3226 937 3274 futura
981 3225 1347 3288 praemonendo
1394 3229 1610 3277 attentos
1657 3228 1838 3278 reddat

213 3408 263 3461 ³⁸)
291 3408 519 3452 Plutarch.
546 3408 755 3465 Repugn.
786 3407 1029 3452 stoicorum
1057 3421 1096 3449 c.
1115 3405 1185 3450 15.
1218 3407 1274 3451 T.
1297 3407 1354 3451 Π.
1384 3422 1429 3463 p.
1456 3405 1582 3450 1040.
1613 3408 1666 3451 Β.

185 3477 261 3532 *ἢ
294 3478 363 3522 Cf.
392 3479 563 3523 Welck.
588 3493 633 3534 p.
655 3477 782 3522 1061.
856 3504 858 3506 v

1437 3551 1504 3598 26
