2144 3854
924 263 1006 322 95

881 492 1026 562 111.

90 625 318 694 'De
393 617 1115 717 philosophia
1172 619 1741 715 Euripidis

699 726 1210 796 naturali

253 995 327 1043 De
358 993 469 1042 vitis
502 992 800 1057 tragicorum
835 998 1096 1057 poetarum
1129 990 1239 1040 sere
1272 1007 1592 1056 quaecunque
1626 993 1687 1041 ab
1722 1009 1807 1042 an-

120 1075 274 1140 tiquis
309 1073 637 1139 grammaticis
673 1073 945 1131 tradantur,
982 1089 1038 1120 ea
1065 1073 1245 1136 partim
1274 1088 1336 1120 ex
1358 1072 1557 1120 illorum
1587 1073 1807 1137 ipsorum

120 1155 353 1220 operibus
389 1152 694 1202 coniiciendo
729 1153 954 1213 collecta,
990 1154 1167 1218 partim
1203 1168 1265 1200 ex
1300 1153 1608 1201 comicorum
1643 1153 1807 1202 crimi-

116 1235 390 1283 nationibus
425 1233 602 1282 hausta
637 1249 750 1281 esse
802 1234 963 1283 video.
1032 1233 1363 1295 Quamobrem
1397 1233 1458 1281 ad
1493 1233 1810 1297 intelligenda

119 1314 318 1378 quidem
366 1319 591 1362 veterum
641 1305 826 1362 iudicia
860 1314 1231 1377 cernendasque
1265 1313 1519 1362 hominum
1553 1314 1810 1377 opiniones

117 1394 296 1442 summi
339 1393 464 1442 mihi
511 1396 746 1443 momenti
791 1411 930 1454 esse,
979 1395 1040 1443 ad
1088 1395 1214 1443 vitas
1260 1395 1394 1459 ipsas
1442 1395 1812 1457 cognoscendas

119 1475 282 1537 exigui
315 1474 560 1523 videntur.
633 1475 878 1524 Constitui
899 1476 1050 1540 igitur
1085 1475 1249 1523 fontes
1285 1475 1449 1539 potius
1474 1475 1629 1539 ipsos,
1664 1490 1810 1538 quam

119 1553 391 1603 rivulorum
425 1554 542 1603 inde
576 1555 902 1603 deductorum
940 1555 1107 1602 limum
1143 1554 1309 1614 adire,
1354 1570 1513 1617 neque
1546 1555 1812 1618 quidquam

121 1648 185 1681 ex
219 1633 297 1681 his
331 1634 546 1693 haurire,
585 1634 679 1681 nisi
714 1651 892 1698 purum
914 1635 1260 1697 'sincerumque
1279 1650 1407 1693 esse,
1443 1634 1674 1682 collatum
1701 1650 1812 1684 cum

121 1713 245 1773 iuis,
289 1714 578 1765 inveniatur.
659 1713 811 1764 Velut
856 1715 1177 1776 Anaxagorae
1225 1713 1474 1762 audiendo
1519 1714 1813 1778 Euripidem

122 1779 324 1858 operam
378 1793 581 1843 dedisse
632 1795 1011 1858 amplexumque
1058 1809 1171 1841 esse
1218 1788 1355 1858 quae'
1387 1793 1438 1840 in
1471 1809 1639 1841 rerum
1675 1800 1814 1842 natu-

122 1889 228 1923 ram
261 1874 554 1937 inquirendo
598 1874 673 1920 vir
717 1890 938 1921 summus
971 1873 1035 1919 de
1069 1872 1273 1921 deorum
1308 1879 1509 1939 natura,
1556 1873 1620 1921 de
1654 1873 1814 1921 homi-

120 1969 237 2002 num
285 1952 714 2018 superstitionibus
750 1953 913 2016 deque
947 1957 1253 2001 ostentorum
1299 1954 1513 2001 vanitate
1547 1952 1815 2016 docuisset,

122 2050 185 2084 ex
218 2035 487 2083 carminum
537 2032 791 2096 Euripidis
837 2036 1038 2092 natura,
1095 2033 1291 2081 etiamsi
1335 2034 1633 2098 scriptorum
1668 2050 1815 2084 nemo

121 2120 354 2174 notasset,
390 2113 680 2178 perspicere
702 2113 891 2163 liceret.
949 2113 1123 2177 Neque
1147 2113 1324 2161 minori
1352 2113 1437 2161 ille
1463 2115 1642 2163 ardore
1666 2116 1814 2163 etiam

123 2195 187 2243 ad
220 2194 434 2257 reliquas
469 2194 812 2259 philosophiae
849 2199 1046 2257 parteS‚
1106 2193 1419 2241 moralem
1465 2194 1577 2243 dico
1628 2200 1679 2244 et
1725 2212 1815 2244 ra—

122 2275 463 2334 tionalem,
511 2290 636 2337 quae
682 2273 971 2322 dialecticen
1006 2278 1058 2321 et
1095 2272 1384 2322 rhetoricen
1419 2275 1816 2339 comprehendit,

120 2355 359 2406 incubuit.
428 2354 777 2416 Quamobrem,
811 2354 1062 2419 principes
1097 2353 1336 2417 cuiusque
1369 2361 1697 2419 auctoresque
1724 2373 1815 2423 po-

123 2443 318 2493 nenteS,
352 2436 482 2484 hanc
515 2451 544 2483 a
578 2434 870 2499 Protagora,
904 2435 1035 2482 illam
1068 2450 1097 2481 a
1124 2433 1334 2482 Prodico
1360 2439 1412 2483 et
1438 2435 1645 2484 Socrate
1668 2435 1815 2501 (quo-

123 2531 234 2563 rum
269 2520 435 2562 tamen
469 2514 548 2561 hie
583 2514 866 2576 quindecim
901 2514 1011 2562 sere
1046 2514 1200 2573 aunis,
1235 2530 1379 2577 quam
1406 2515 1690 2579 Euripides,
1723 2519 1816 2566 mi-

123 2610 216 2643 nor
263 2592 362 2642 fuit
407 2591 542 2657 natu)
607 2593 839 2640 traditam
898 2593 947 2640 ei
1008 2608 1122 2640 esse
1168 2595 1478 2657 grammatici
1542 2595 1815 2646 affirmant:

125 2665 396 2738 ἀναγνοὺς
444 2670 501 2722 δὲ
549 2667 633 2724 ἐπὶ
676 2669 985 2737 τραγῳδίαν
1011 2667 1206 2735 ἐτράπη
1256 2670 1347 2721 καὶ
1380 2667 1612 2734 πολλοὺς
1653 2675 1817 2739 προς-

127 2752 302 2818 εξεῦρε
334 2752 545 2819 λόγους,
581 2751 1064 2819 φυσιολογίας,
1100 2749 1480 2816 ῥητορείας,
1515 2753 1814 2821 ἀναγνω-

127 2833 446 2900 ρισμούς,
494 2833 566 2895 ὡς
613 2830 679 2900 δὴ
727 2830 991 2899 ἀκουστὴς
1022 2831 1305 2898 γενόμενος
1353 2825 1816 2903 Ἀναξαγόρου

128 2914 219 2968 καὶ
255 2913 623 2981 Προδίκου
659 2913 747 2967 καὶ
775 2912 1270 2979 Πρωταγόρου,
1292 2911 1381 2964 καὶ
1403 2916 1816 2982 Σωκράτους

125 2992 337 3061 ἑταῖρος
389 2996 522 3061 (cod.
565 2997 770 3047 Mediol.
807 2996 920 3048 coll.
956 2996 1181 3044 Ambros.
1217 2996 1434 3060 itemque
1468 2999 1575 3047 cod.
1610 2999 1818 3067 Havn.).

127 3071 426 3128 -”Επειτα
460 3075 532 3137 εἰς
564 3076 761 3142 λόγους
794 3072 1051 3140 ὡρμηκὼς
1098 3069 1342 3142 ἐφοίτησε
1375 3076 1520 3142 παρὰ
1560 3072 1817 3143 Ἀναξα·

127 3155 302 3226 γόρᾴ
358 3155 475 3210 καὶ
531 3157 850 3225 Προδίκῳ
909 3155 1022 3208 καί
1079 3166 1266 3207 τισιν
1329 3159 1564 3220 ἄλλοις
1612 3160 1815 3225 (Thom.

127 3238 282 3306 Mag.)
311 3238 379 3305 *).
445 3239 519 3289 De
554 3242 727 3304 quibus
763 3240 1036 3288 studiorum
1063 3239 1324 3303 generibus
1353 3240 1558 3306 singulis
1579 3242 1817 3306 deinceps

202 3383 242 3437 ⁹)
271 3381 356 3424 His
384 3382 571 3424 testibus
600 3381 714 3424 adde
745 3394 854 3436 quos
880 3380 1087 3421 Valcken.
1134 3379 1264 3423 diatr.
1307 3394 1354 3435 p.
1385 3379 1441 3422 25
1469 3395 1589 3436 seqq.
1622 3380 1818 3438 collegit,

270 3450 384 3494 Gell.
415 3452 517 3505 XV,
545 3451 642 3504 20„
689 3451 782 3495 cic.
811 3453 948 3494 Tusc.
976 3450 1067 3503 111,
1095 3448 1183 3504 14„
1223 3449 1405 3494 Diodor.
1445 3451 1534 3495 Sic.
1573 3452 1607 3493 Ι.
1647 3466 1689 3506 p.
1731 3449 1818 3500 46„
