2144 3854
957 261 1080 320 275

314 413 476 465 Orede
508 412 634 463 mihi
647 429 667 461 .-
695 411 815 479 plus
851 416 943 471 est,
976 425 1130 475 quom
1163 409 1298 476 quod
1328 408 1584 472 videatur,
1619 410 1824 480 imago-.-

438 492 596 544 Adde
627 507 807 542 sonum
843 505 1011 551 cerae,
1046 488 1362 538 Protesilaus
1397 491 1510 539 erit.

316 575 476 626 Hanc
508 579 683 640 specto
716 578 970 636 teneoque
1000 569 1117 617 sinu
1146 585 1245 635 pro
1281 570 1500 635 coniuge
1530 587 1668 633 vero,

436 654 530 714 Et,
564 659 811 717 tanquam
836 650 1005 716 possit
1037 649 1195 698 verba
1227 651 1438 714 referre,
1474 659 1709 716 μενον-θ’

178 736 311 787 Idem
345 736 394 784 iu
430 734 570 783 Rem.
605 735 663 785 A.
697 733 823 780 ⁷232

307 814 408 877 „Si
436 820 598 880 potes,
635 818 686 861 et
722 826 867 861 ceras
899 825 1132 858 remove.-
1169 807 1292 875 quid
1324 810 1557 874 imagine
1589 818 1735 863 muta

443 892 723 958 Carperis?
757 888 876 940 Hoc
905 890 1066 955 periit
1101 887 1391 937 Laodamia
1424 889 1629 938 modo.'’

176 972 450 1037 Vestigium
486 972 633 1020 huius
668 971 957 1020 narrationis
991 986 1053 1019 ex
1085 969 1249 1018 Laevii
1281 969 1447 1018 fabula
1482 972 1695 1022 servavit
1720 972 1849 1024 Geli.

175 1053 286 1113 XII,
317 1055 409 1101 10:
444 1050 687 1112 „Laevius
723 1066 947 1114 quoque,
996 1056 1049 1098 ut
1083 1050 1281 1113 opinor,
1324 1051 1373 1099 in
1416 1049 1850 1105 Protesilaodamia

175 1131 704 1181 claustritumum
750 1130 877 1179 dixit
926 1130 1007 1193 qui
1068 1130 1298 1179 claustris
1356 1130 1533 1179 ianuae
1575 1140 1847 1195 praeesset,

173 1211 348 1260 eadem
383 1210 574 1259 scilicet
607 1210 791 1274 figura,
827 1225 921 1273 qua
955 1208 1254 1258 aeditumum
1291 1209 1389 1258 dici
1421 1209 1615 1259 videbat
1647 1214 1731 1276 qui
1763 1231 1848 1264 ae-

171 1290 316 1340 dibus
349 1291 601 1356 praeest.''
681 1291 860 1340 Graeci
906 1289 1199 1353 exemplaris
1244 1289 1573 1355 fragmentum
1619 1307 1647 1341 a
1692 1292 1850 1345 Dione

173 1369 352 1436 Chrys·
388 1386 459 1419 or.
493 1373 572 1419 3⁵1.
606 1387 655 1436 p.
691 1373 806 1422 46⁷.
844 1369 1219 1434 suppeditatur:

302 1476 368 1486 -
499 1477 565 1486 -—
695 1478 762 1486 ——-
895 1441 953 1509 ὦ,
988 1448 1164 1515 λόγων
1198 1445 1359 1512 ἐμῶν,

306 1526 522 1594 σιγηλὸν
555 1527 626 1591 ὡς
659 1529 900 1591 εἴδωλον,
935 1528 1002 1580 οὐ
1037 1529 1202 1596 φαίνῃ
1235 1528 1413 1580 κλύειν
1436 1529 1499 1593 ²²²).

174 1606 341 1658 Verba
372 1617 486 1659 sunt
518 1611 829 1672 Laodamiae,
866 1629 892 1660 a
926 1611 1110 1660 famulo
1144 1611 1446 1659 auscultante
1480 1615 1704 1676 excepta.

301 1687 473 1755 Pergit
518 1691 743 1757 Hyginus
779 1691 884 1740 sic:
939 1691 1071 1752 „Qui
1108 1689 1364 1754 (Acastus)
1401 1707 1513 1739 cum
1547 1692 1765 1742 venisset
1796 1698 1849 1743 et

172 1767 220 1816 in
253 1767 497 1818 thalamos
531 1771 820 1836 irrupisset,
868 1771 987 1819 vidit
1022 1771 1238 1834 effigiem
1272 1769 1545 1819 Protesilai.
1615 1771 1753 1834 Quae
1786 1789 1849 1822 ne

171 1847 353 1896 diutius
399 1854 741 1913 torqueretur,
786 1851 934 1898 iussit
978 1851 1170 1914 signum
1219 1853 1271 1897 et
1319 1865 1491 1911 sacra,
1543 1867 1666 1917 pyra
1698 1852 1846 1911 facta,

172 1927 446 1977 comburi.”
514 1929 866 1995 Fragmentum
900 1931 1159 1989 orationis,
1196 1944 1289 1992 qua
1323 1929 1589 1979 Laodamia
1621 1933 1846 1999 imaginis

171 2006 356 2056 cultum
391 2007 642 2068 defendit,
676 2009 809 2057 idem
844 2009 1228 2073 Chrysostomus
1264 2011 1506 2059 servavit:

302 2084 402 2136 οὐκ
434 2084 504 2136 ἂν
534 2086 810 2154 προδοίην,
843 2087 1029 2150 καίπερ
1064 2089 1292 2154 ἄψυχον,
1329 2087 1503 2153 φίλον.

169 2165 525 2217 Admonitionis
558 2175 797 2232 paternae
829 2170 955 2218 haec
992 2169 1216 2218 fuerunt:

300 2248 661 2314 „cupidius
694 2250 1018 2299 miserulo
1053 2248 1291 2298 obito.·''

299 2405 493 2467 „Dem
529 2408 654 2457 iam
686 2408 1080 2457 macilentis
1116 2410 1425 2468 colorem,
1477 2408 1620 2459 dum
1653 2427 1735 2461 ne
1770 2430 1847 2462 ea·

1000 2488 1117 2537 lzoc
1151 2489 1480 2538 macilens
1512 2490 1695 2553 fias”
1719 2493 1814 2560 ‘²²²¹2).

170 2563 358 2626 Quibus
392 2563 804 2615 admonitionibus
838 2567 1171 2631 precibusque
1203 2568 1330 2615 victa
1364 2575 1625 2632 postquam
1655 2572 1846 2620 Laoda-

168 2643 268 2692 mia
302 2645 565 2706 concessit,
599 2652 655 2694 ut
686 2647 845 2710 imago
883 2662 996 2694 cum
1032 2647 1202 2705 sacris,
1238 2663 1361 2710 pyra
1379 2647 1540 2706 facta,
1587 2653 1846 2700 combure-

168 2730 372 2784 rentur,
424 2725 553 2773 inter
597 2726 722 2774 hanc
767 2728 871 2774 rem
926 2733 1151 2789 quartum
1199 2743 1227 2774 a
1279 2727 1432 2775 choro
1483 2733 1732 2778 cantatum
1767 2737 1848 2781 est

168 2817 382 2852 carmen.

295 2881 372 2931 De
403 2888 564 2932 morte
596 2883 893 2933 Laodamiae
926 2884 1051 2932 haec
1086 2884 1255 2933 retulit
1289 2885 1542 2949 Hyginus:
1595 2905 1725 2953 „quo
1772 2890 1847 2949 (in

166 2977 338 3026 pyram
388 2966 671 3025 accensam)
722 2980 777 3013 se
824 2963 1120 3021 Laodamia,
1170 2965 1394 3014 dolorem
1441 2982 1538 3018 nou
1582 2969 1845 3029 sustinenS,

235 3167 279 3223 ³¹¹)
309 3168 562 3225 chrysost:
605 3168 832 3228 βούλομαι
863 3163 948 3215 οὖν
977 3167 1124 3217 αὐτὸν
1164 3171 1238 3225 ὥς
1276 3171 1724 3230 αἰσθανόμενον
1751 3191 1846 3220 πα-

302 3235 694 3295 ραμυθήσασθαι·
746 3236 784 3285 ὦ
823 3240 1010 3298 λόγων
1048 3242 1194 3300 ἐμῶν
1224 3243 1460 3301 σιγηλὸν
1500 3244 1750 3290 εἴδωλον
1779 3243 1846 3290 ον’

358 3309 454 3352 αίν
501 3341 510 3351 .

208 3375 282 3431 **)
306 3323 769 3426 ίῙζοῐΙιίἰῃοοιιίοοωηο
798 3381 971 3426 admisi.

1407 3458 1471 3504 18
1489 3457 1512 3484 ²¹²
