2144 3854
921 280 1039 336 171

137 428 281 480 cione
329 432 383 479 et
428 427 570 478 falsis
606 425 1026 482 criminationibus
1059 427 1262 476 ductum
1295 427 1500 478 Atreum
1532 426 1649 477 dolo
1682 429 1829 490 atque

138 509 345 559 saevitia
377 510 440 558 -iu
485 509 694 558 fratrem
741 511 1017 574 grassatum
1063 522 1178 556 esse
1203 505 1270 570 ³²²).
1339 506 1499 558 Recte
1528 513 1696 558 autem
1728 506 1828 554 iam

137 590 394 640 Fabricius
428 590 651 640 Senecae
685 588 1017 652 tragoediam,
1067 602 1195 651 quae
1240 585 1494 651 Thyestes
1526 587 1832 647 inscribitur,

140 670 416 721 imitatione
452 671 743 719 Cressarum
777 672 941 716 natam
978 683 1091 717 esse
1142 667 1406 719 intellexit.
1475 669 1626 718 Certe
1670 667 1833 734 plera-

141 767 239 815 que
271 751 335 799 de
369 750 612 815 Euripide
646 749 891 812 expressit
923 746 1130 809 Seneca,
1166 747 1256 796 sed
1291 749 1520 797 nonnulla
1546 749 1694 798 etiam
1723 765 1832 798 mu-

141 831 295 880 tavit:
330 831 479 880 eiecit
511 831 641 878 enim
676 844 939 894 personam
963 829 1195 892 Aeropae
1227 833 1279 876 et
1300 828 1564 876 inculcavit
1596 828 1833 892 quaedam

143 926 205 960 ex
229 910 482 976 Sophocle
510 910 783 974 depromta.
832 909 908 957 Ex
935 909 1288 972 antiquioribus
1312 907 1648 957 Romanorum
1674 909 1836 973 poetis

142 1006 240 1040 non
273 990 465 1042 Ennius
514 996 703 1039 tantum
741 988 898 1054 (quod
931 989 1128 1054 pridem
1161 1006 1190 1039 a
1223 987 1551 1040 Valckenario
1587 990 1837 1052 cognitum

144 1069 265 1135 est),
300 1071 390 1121 sed
424 1072 592 1120 Attius
625 1085 823 1134 quoque
859 1069 1065 1119 Cressas
1097 1070 1248 1120 latine
1279 1069 1585 1130 reddiderat,
1621 1069 1674 1118 id
1707 1069 1840 1133 quod

144 1166 257 1200 cum
290 1151 397 1200 aliis
431 1167 495 1200 ex
527 1151 676 1200 rebus
710 1154 818 1199 tum
851 1150 966 1200 inde
1000 1157 1170 1217 patet,
1218 1151 1355 1215 quod
1389 1150 1520 1216 apud
1545 1165 1670 1199 eum
1717 1151 1838 1199 ite-

143 1236 330 1282 ratae
362 1231 555 1281 sraudis
589 1230 850 1295 Thyesten
886 1232 1065 1281 Atreus
1100 1237 1330 1280 accusat:

275 1311 568 1372 „Iterum
607 1311 851 1377 Thyestes
884 1312 1108 1363 Atreum
1144 1317 1482 1360 attrectatum
1518 1309 1748 1373 advenit,

278 1391 536 1442 Iterum
558 1394 667 1442 iam
694 1392 1001 1459 adgreditur
1027 1411 1109 1443 me
1138 1401 1189 1444 et
1205 1394 1435 1460 quietum
1449 1388 1842 1441 eoesuscitat”—-

145 1471 376 1543 quodque
411 1473 603 1538 priores
637 1474 862 1536 fraudeS‚
899 1476 1074 1539 quibus
1109 1491 1311 1524 aureum
1347 1488 1526 1537 agnum
1558 1473 1732 1538 regina
1755 1470 1844 1520 ad-

146 1553 347 1604 iuvante
381 1554 654 1619 surripuit,
688 1554 886 1619 pridem
921 1555 1001 1605 vel
1033 1554 1346 1619 quondam
1379 1553 1547 1603 factae
1581 1568 1696 1603 esse
1729 1567 1843 1601 nar-

149 1620 350 1684 rantur:
774 1635 779 1638 ’

282 1713 530 1779 „Agnum
562 1715 704 1764 inter
732 1715 963 1782 pecudes
998 1732 1164 1766 aurea
1200 1717 1396 1766 clarum
1432 1733 1577 1766 coma

286 1794 634 1857 Quondam
683 1796 953 1862 Thyestem
1005 1798 1210 1863 clepere
1245 1814 1426 1847 ausum
1461 1813 1570 1846 esse
1604 1813 1635 1845 e
1678 1795 1847 1861 regia,

287 1875 404 1937 Qua
436 1876 494 1924 in
526 1893 586 1924 re
621 1876 933 1926 adiutricem
968 1879 1240 1943 coniugem
1275 1880 1410 1944 cepit
1441 1877 1590 1930 sibi.''

150 1954 301 2022 Apud
345 1954 646 2020 Sophoclem
691 1958 821 2007 enim
864 1967 926 2007 ea
972 1959 1136 2009 omnia
1180 1960 1467 2024 nuperrime
1515 1958 1648 2007 facta
1695 1961 1851 2018 erant,

150 2052 313 2100 neque
345 2052 554 2101 regnum
588 2042 762 2087 tenens
785 2039 969 2088 Atreus
1002 2044 1287 2088 revocatum
1321 2040 1383 2088 ab
1419 2039 1592 2089 exsilio
1626 2038 1850 2098 fratrem,

152 2117 244 2167 sed
287 2133 441 2184 regno
485 2117 596 2183 ipse
641 2120 859 2184 privatus
894 2125 1182 2186 regnantem
1215 2120 1567 2172 ulciscebatur.
1636 2117 1851 2168 Nomina

151 2203 320 2249 autem
370 2204 646 2263 posuerunt
688 2199 870 2250 fabulis
920 2200 1109 2251 Ennius
1153 2202 1352 2267 quidem
1387 2200 1648 2265 ThyestiS,
1685 2200 1852 2249 Attius

152 2284 320 2329 autem
353 2280 509 2330 Atrei.
574 2279 805 2346 Utroque
847 2282 1050 2332 nomine
1092 2283 1242 2332 etiam
1292 2282 1546 2349 Euripidis
1594 2279 1853 2346 tragoedia

151 2361 340 2426 passim
377 2361 574 2422 citatur,
611 2361 700 2411 sed
734 2361 1047 2426 frequentius
1083 2362 1322 2427 Thyestis
1347 2361 1450 2428 **).

285 2441 381 2490 His
404 2441 558 2507 igitur
581 2442 793 2491 ducibus
815 2442 1224 2508 adiutoribusque
1245 2450 1463 2506 utenteS‚
1497 2443 1697 2493 fabulae
1720 2446 1854 2492 stru-

156 2525 365 2583 cturam,
400 2521 595 2584 qualem
632 2522 788 2571 ruisse
821 2529 1068 2588 putamuS,
1102 2524 1399 2574 adumbrare
1426 2527 1524 2574 iam
1551 2523 1856 2574 conabimur.

288 2601 465 2651 Prodit
498 2603 681 2652 Atreus
713 2619 771 2651 ac
805 2604 870 2652 de
903 2618 1090 2669 genere
1123 2620 1231 2665 suo,
1265 2604 1330 2653 de
1362 2621 1516 2670 regno
1551 2606 1712 2669 deque
1744 2605 1854 2654 fra-

158 2681 251 2733 tris
286 2683 684 2731 content-ionibus
719 2687 870 2747 atque
905 2685 1092 2733 insidiis
1127 2685 1357 2748 exponit:

291 2763 432 2825 „En
486 2764 771 2830 imperio
827 2764 1036 2830 Argis
1094 2771 1373 2832 sceptra
1424 2766 1588 2815 mihi
1647 2765 1856 2832 liquit

297 2925 435 2988 Qua
464 2931 671 2993 ponto
707 2925 785 2975 ab
820 2844 1302 2994 Ηείἰθξθιιιῖῖῖθ
1337 2927 1412 2976 ab
1447 2926 1642 2977 Ionio
1689 2927 1859 2976 mari

304 3005 649 3073 Urguetur
684 3006 982 3057 Isthmus
1048 3033 1115 3044 --
1179 3035 1248 3044 --
1313 3035 1380 3046 --
1446 3035 1511 3047 .-

292 3114 359 3122 -
426 3115 489 3124 -
560 3115 622 3124 -
689 3088 885 3137 simul
921 3094 984 3138 et
1019 3087 1611 3157 Pisaeapraemia

234 3276 274 3331 ⁸)
304 3275 352 3318 S.
383 3291 428 3318 v.
460 3269 642 3332 Ἀτρέως
670 3268 880 3330 ὄμματα·
912 3267 964 3323 ὃς
993 3270 1338 3329 ’ὑπονοήσας
1365 3272 1426 3318 ἐκ
1456 3272 1741 3330 διαβολῆς
1779 3272 1862 3316 τὸν

303 3344 508 3400 ἀδελφὸν
541 3343 747 3400 Θυέστην
775 3341 1006 3400 μοιχεύειν
1038 3341 1254 3402 Ἀερόπην
1281 3348 1375 3388 κτλ.

207 3418 270 3471 ”’)
301 3417 371 3459 ef.
405 3417 575 3461 Welck.
606 3431 650 3472 p.
678 3414 765 3458 675
793 3430 910 3471 scq.,
950 3414 1025 3471 qui
1054 3414 1234 3471 quidem
1258 3415 1384 3461 Atrei
1402 3429 1566 3459 nomen
1584 3415 1744 3457 tollere
1769 3416 1862 3456 stu-

307 3487 413 3529 dens
440 3486 611 3531 frustra
639 3488 830 3530 laborat.
