2144 3854
1084 274 1176 334 -54

297 446 425 496 quae
458 428 521 478 ad
552 427 700 477 vitam
734 425 1019 490 victumque
1053 423 1336 479 necessaria
1370 430 1514 486 sunt,
1561 426 1859 492 probitatem
1892 428 1987 479 ho-

294 513 637 572 nestatemque
669 507 718 556 in
753 507 970 572 agendo,
1010 507 1267 556 veritatem
1301 507 1348 556 in
1384 507 1759 570 cognoscendo,
1802 508 1987 574 pulcri-

294 590 516 641 tudinem
565 586 645 636 vel
690 593 999 638 venustatem
1043 587 1095 636 in
1154 586 1401 651 fingendo.
1481 587 1702 650 Quarum
1752 588 1988 639 virtutum

294 684 591 736 quamquam
624 667 780 729 nulla,
815 668 1162 718 deficientibus
1199 667 1434 732 reliquiS‚
1469 667 1693 733 perfecta
1727 683 1842 718 esse
1873 673 1988 735 pot-

293 753 403 810 est,
449 754 617 799 tamen
661 765 907 814 nunquam
952 754 1164 814 possunt
1196 749 1262 796 ita
1297 749 1584 798 coniunctae
1618 764 1762 807 esse,
1797 755 1855 799 ut
1886 765 1989 799 non

293 829 387 879 alia
421 829 562 894 quasi
597 829 794 879 domina
826 835 1021 894 regnet,
1056 829 1278 893 reliquae
1314 830 1454 893 quasi
1489 829 1697 878 comites
1725 830 1989 895 sociaeque

292 916 518 976 pareant.
585 908 734 960 Aliud
768 910 990 976 agimus,
1028 926 1177 975 quum
1213 925 1417 974 operam
1452 910 1625 958 damus
1659 909 1989 976 philosophiS‚

292 990 442 1052 aliud,
477 1006 628 1055 quum
663 991 972 1051 oratoribuS,
1019 990 1169 1050 aliud,
1205 1006 1355 1054 quum
1401 990 1578 1054 poetis.
1647 991 1989 1041 Eruditionem

291 1070 424 1120 enim
458 1071 538 1120 vel
572 1072 903 1135 cognitionem
937 1071 1110 1119 veriin
1135 1070 1449 1136 philosophis
1474 1071 1778 1135 quaerimuS,
1815 1076 1989 1121 aucto·-

290 1150 489 1201 ritatem
524 1156 577 1201 et
610 1152 869 1202 consilium
903 1151 955 1200 in
990 1151 1285 1212 oratoribuS,
1320 1142 1783 1200 delectationemin
1805 1152 1987 1216 poetis.

289 1229 466 1296 ltaque
503 1233 688 1282 docere
722 1232 1033 1282 eruditorum
1069 1235 1173 1293 est,
1224 1231 1529 1296 persuadere
1561 1237 1841 1294 oratorum,
1891 1232 1989 1282 de·-

289 1310 475 1361 lectare
511 1316 563 1362 et
597 1328 799 1363 movere
832 1319 1122 1378 poetarum:
1168 1328 1280 1361 nam
1330 1313 1596 1361 commotio
1643 1313 1754 1379 ipsa
1799 1312 1989 1362 animo-

289 1407 400 1440 rum
419 1428 433 1453 ,
469 1407 597 1456 quae
632 1397 796 1443 careat
828 1393 1202 1458 perturbatione
1221 1431 1236 1455 ,
1270 1392 1535 1442 delectatio
1571 1398 1664 1444 est.
1734 1393 1991 1455 Quemad-

288 1470 493 1521 modum
528 1478 695 1524 autem
720 1474 905 1523 docere
935 1474 1213 1523 efficaciter
1234 1489 1379 1522 nemo
1402 1477 1588 1538 potest,
1622 1473 1718 1522 nisi
1744 1474 1830 1536 qui
1853 1473 1990 1523 idem
2068 1486 2074 1491 ·

288 1551 603 1615 persuadeat,
656 1569 820 1617 neque
852 1554 1174 1618 persuadere,
1210 1553 1308 1601 nisi
1340 1555 1423 1617 qui
1456 1557 1653 1602 moveat
1686 1558 1737 1602 et
1770 1554 1991 1603 delecta-

286 1631 422 1679 tione
455 1630 619 1696 aliqua
653 1633 858 1681 alliciat:
907 1634 977 1682 ita
1017 1649 1111 1681 nec
1160 1632 1412 1682 delectare
1447 1638 1532 1681 aut
1565 1649 1769 1681 movere
1801 1639 1991 1696 potest,

285 1710 380 1759 nisi
414 1712 498 1775 qui
544 1716 597 1761 et
642 1711 705 1761 ad
747 1713 1005 1762 veritatem
1055 1717 1262 1762 naturae
1307 1728 1389 1761 res
1437 1728 1781 1778 personasque
1826 1714 1991 1779 expri÷

285 1791 468 1840 mendo
515 1792 724 1853 doceat,
774 1798 825 1842 et
857 1794 1068 1843 honesta
1102 1798 1249 1856 atque
1291 1793 1430 1842 utilia
1477 1793 1824 1857 amplectendo
1872 1795 1992 1843 ado-

285 1871 570 1935 ptandoque
618 1873 839 1919 favorem
876 1873 974 1920 sibi
1024 1879 1075 1919 et
1122 1873 1329 1936 gratiam
1387 1873 1632 1921 conciliet.
1707 1873 1992 1939 Repudiant

286 1951 418 2000 enim
452 1951 687 2016 quidquid
738 1955 817 1999 est
864 1950 1188 2000 honestorum
1239 1951 1510 2013 hominum,
1561 1953 1605 2000 si
1653 1968 1777 2015 quos
1813 1959 1989 2017 poetas

285 2032 368 2080 vel
403 2031 618 2081 sordidis
672 2031 750 2080 vel
785 2031 1076 2096 perniciosis
1110 2027 1261 2080 rebus
1298 2031 1500 2080 studere
1533 2031 1828 2098 intelligunt.
1895 2034 1993 2097 Qui

285 2115 452 2161 autem
498 2128 527 2161 a
573 2111 782 2161 veritate
828 2110 1070 2160 recedunt
1115 2114 1294 2175 poetae
1339 2112 1568 2160 maximis
1604 2113 1731 2161 vitiis
1767 2113 1992 2165 laborare

287 2196 339 2241 et
386 2193 466 2240 vix
510 2197 769 2257 poetarum
804 2191 1003 2240 nomine
1036 2190 1174 2256 digni
1209 2207 1322 2240 esse
1356 2192 1603 2244 videntur.
1670 2194 1990 2260 Argumentis

283 2271 437 2338 igitur
470 2277 524 2321 et
557 2272 837 2337 praeceptis
872 2271 1057 2320 docere
1090 2272 1378 2337 philosophi
1407 2278 1515 2333 est3
1551 2274 1777 2339 exempla
1807 2279 1860 2324 et
1889 2275 1990 2325 vir-

284 2356 449 2401 tutum
483 2357 536 2401 et
568 2352 799 2401 vitiorum
834 2351 1211 2416 contemplanda
1246 2368 1526 2417 proponere
1571 2359 1778 2418 poetae:
1825 2355 1988 2404 disse-

283 2433 442 2482 rendo
474 2433 577 2493 ille,
613 2433 728 2497 quid
774 2437 997 2489 rectum,
1047 2432 1169 2481 utile
1214 2432 1580 2497 honestumque
1628 2450 1741 2483 esse
1784 2439 1989 2495 statuat,

284 2513 528 2572 ostendit,
577 2513 659 2561 hic
693 2512 773 2561 vel
807 2518 992 2560 metum
1039 2512 1509 2577 miserationemque
1556 2515 1636 2562 vel
1686 2514 1843 2563 risum
1877 2531 1986 2564 mo-

282 2592 461 2644 vendo.
527 2592 727 2642 Mollire
762 2592 891 2640 enim
927 2591 1159 2640 duritiem
1210 2593 1485 2642 animorum
1530 2594 1702 2643 volunt
1743 2599 1987 2659 poemata,

282 2673 479 2722 solvere
526 2673 705 2721 callum
750 2677 1137 2736 torporemque,
1187 2688 1284 2736 quo
1320 2673 1500 2722 obduci
1534 2680 1727 2723 mentes
1761 2674 1988 2723 utilitatis

281 2753 487 2802 nimium
522 2752 778 2802 studiosae
812 2751 1005 2810 solent,
1054 2769 1217 2816 neque
1252 2752 1488 2811 efficere,
1525 2758 1580 2801 ut
1611 2754 1828 2802 iudicum
1863 2769 1987 2818 quo-

281 2833 493 2883 rundam
540 2833 810 2882 severitate
857 2832 937 2880 vel
987 2837 1368 2898 praeceptorum
1425 2833 1640 2881 tristium
1692 2834 1988 2884 morositate

280 2913 411 2962 vitiis
429 2913 717 2971 irascamur,
755 2911 845 2961 sed
871 2916 928 2960 ut
950 2928 1089 2962 more
1117 2913 1322 2963 deorum
1346 2911 1426 2961 vel
1448 2912 1757 2976 sapientium,
1792 2913 1877 2976 qui
1910 2913 1987 2962 ni-

280 2991 353 3041 hil
386 3009 416 3041 a
450 3008 506 3041 se
538 2992 739 3040 humani
773 2992 985 3042 alienum
1035 3009 1149 3043 esse
1194 2997 1396 3060 putent,
1443 2993 1551 3042 sine
1598 2993 1675 3042 ira
1720 2993 1987 3058 studioque

281 3073 447 3138 turpia
495 3087 745 3138 pravaque
792 3071 1071 3133 rideamus,
1120 3089 1295 3139 magna
1350 3077 1589 3136 rectaque
1635 3073 1985 3138 suspiciamuS,

281 3153 414 3202 vitiis
449 3153 623 3202 alienis
657 3151 867 3217 perinde
902 3167 958 3200 ac
992 3155 1177 3203 nostris
1210 3155 1537 3218 ignoscamuS,
1572 3153 1714 3202 malis
1743 3155 1984 3218 omnibu8‚

280 3237 510 3298 tanquam
544 3232 792 3298 propriis,
839 3248 1140 3288 moveamur.

412 3313 553 3363 Haec
569 3314 682 3362 ideo
703 3312 850 3361 latius
875 3311 1287 3380 disputaquuod
1307 3313 1717 3379 philosophorum
1742 3317 1796 3362 et
1811 3317 1982 3378 poeta-

280 3409 391 3443 rum
424 3394 666 3443 rationem
713 3409 742 3442 a
785 3393 954 3442 multis
1000 3394 1220 3444 videram
1254 3409 1425 3459 parum
1471 3394 1702 3443 discerni.
1770 3393 1983 3456 Quidam

280 3474 411 3525 enim
445 3479 615 3525 nostra
649 3477 814 3524 aetate
832 3509 847 3535 ‚
893 3489 1044 3538 quum
1079 3474 1297 3524 dramata
1329 3474 1515 3525 vellent
1547 3473 1795 3535 scribere,
1825 3472 1982 3523 dialo-
