2144 3854
1180 291 1262 347 94

477 440 605 490 Tum
651 453 798 499 vero,
847 437 1134 486 destitutam
1186 452 1244 487 se
1295 435 1478 486 auxilio
1525 449 1639 486 ease
1683 436 1876 497 videns,
1924 437 2059 503 virgo

379 519 622 585 frangitur
655 518 816 566 animo
850 521 903 566 et
935 517 997 566 ad
1028 532 1205 582 preces
1240 516 1572 566 convertitur:

507 596 831 659 „Excidit
865 597 1210 647 orationis
1245 596 1458 645 omnis
1494 596 1961 661 confidentia''

506 755 834 823 „Indigno
871 757 1108 822 exigor
1135 757 1372 822 patria
1405 757 1778 808 innocens?

375 835 602 887 Abducta
634 838 823 902 virgine
856 842 907 886 et
938 837 987 885 in
1023 853 1159 885 mare
1194 853 1303 885 cum
1338 835 1494 884 filiolo
1529 837 1750 901 abiecta,
1796 832 2059 906 sumtoque
2128 861 2133 866 ·

376 917 523 966 etiam
547 918 611 965 de
635 918 855 982 reliquis,
892 917 976 982 qui
1004 916 1209 965 sceleris
1228 916 1349 964 socii
1375 923 1521 980 atque
1545 918 1813 983 participes
1836 919 2058 984 fuerunt,

374 996 632 1061 supplicio,
669 996 828 1045 dolori
861 996 1080 1060 indulget
1113 997 1366 1056 Acrisius,
1410 997 1572 1061 deque
1617 1000 1943 1051 mutabilitate
1977 1020 2057 1053 re-

373 1092 481 1123 rum
515 1075 852 1136 humanarum,
907 1093 934 1124 a
968 1076 1156 1125 laetitia
1189 1077 1240 1124 in
1273 1077 1629 1140 aegritudinem
1665 1080 1828 1128 subito
1862 1083 2054 1147 praeci-

373 1156 571 1219 pitatus,
607 1157 940 1219 conqueritur:

503 1232 576 1293 εἷς
606 1233 802 1284 ταύτὸν
835 1233 982 1301 ἥκειν
1015 1231 1153 1300 φημὶ
1184 1235 1298 1294 ταῖς
1332 1233 1544 1298 βροτῶν
1570 1234 1751 1300 τύχαις

502 1313 666 1377 τόνδ’,
700 1310 765 1365 ὃν
796 1319 1051 1366 καλοῦσιν
1085 1312 1273 1379 αἰθέρ’,
1309 1303 1352 1380 ᾧ
1384 1314 1497 1365 τάδ’
1532 1314 1640 1366 ἔστι
1673 1315 1759 1384 δή.

505 1385 663 1455 οὗτος
694 1393 892 1460 θέρους
924 1413 978 1447 τε
1009 1393 1250 1462 λαμπρὸν
1285 1390 1530 1461 ἐκλάμπει
1562 1394 1716 1457 σέλας

502 1476 732 1541 χειμῶνά
765 1478 810 1526 τ’
845 1476 1004 1539 αὔξει..
1040 1473 1310 1536 συντιθεὶς
1340 1475 1550 1528 πυκνὸν
1583 1473 1764 1542 νέφος,

501 1556 718 1607 θάλλειν
749 1574 803 1607 τε
836 1555 925 1608 καὶ
958 1556 1048 1622 μή,
1086 1558 1181 1623 ζῆν
1212 1572 1266 1606 τε
1298 1554 1390 1607 καὶ
1422 1556 1640 1620 φθίνειν
1670 1559 1828 1612 ποιεῖ’.

446 1672 449 1676 -
505 1635 643 1688 οὕτω
679 1637 736 1687 δὲ
767 1637 984 1703 θνητῶν
1017 1632 1243 1701 σπέρμα·
1272 1636 1381 1686 τῶν
1414 1632 1511 1700 μὲν
1544 1635 1752 1703 εὐτυχεῖ

502 1716 713 1783 λαμπρὰ
745 1718 967 1784 γαλήνη,
1001 1718 1111 1767 τῶν
1144 1714 1202 1768 δὲ
1235 1719 1494 1781 συννεφεῖ
1522 1716 1698 1779 πάλιν,

504 1798 661 1860 ζῶσίν
694 1815 748 1848 τε
783 1792 886 1849 σὺν
916 1801 1188 1857 κακοῖσιν,
1225 1797 1279 1848 οἱ
1313 1797 1361 1848 δ’
1396 1797 1562 1863 ὄλβου
1597 1795 1727 1863 μέτα

501 1878 776 1945 φθίνουσ’,
811 1875 991 1938 ἐτείοις
1022 1876 1334 1943 ἐτροςφερεῖς
1365 1879 1734 1944 μεταλλαγαῖς.
1810 1899 1821 1907 ⁴

371 1960 446 2010 Ad
497 1960 628 2008 hunc
673 1959 852 2008 deinde
897 1959 1247 2008 consolandum
1297 1959 1776 2026 praedicendamssue'
1826 1958 1958 2009 filiae
2002 1965 2054 2010 et

370 2039 565 2105 nepotis
610 2039 817 2088 salutem
868 2044 918 2087 et
962 2039 1176 2088 futuram
1232 2038 1403 2088 Persei
1447 2040 1653 2105 gloriam
1703 2040 1926 2088 Minerva
1962 2041 2051 2090 de-

371 2121 579 2169 scendit.
655 2118 1081 2184 'l'ranquillitatem
1129 2120 1275 2168 maris
1320 2135 1348 2167 a
1393 2119 1622 2183 Neptuno
1655 2119 2050 2182 effectamesse,

371 2206 438 2257 utx
455 2206 564 2249 tuto
599 2200 749 2257 cista,
794 2206 999 2263 regente
1033 2216 1231 2248 cursum
1265 2198 1407 2260 Iove,
1455 2199 1508 2248 in
1541 2198 1808 2265 Seriphum
1841 2200 2050 2251 insulam

369 2279 557 2330 deferri
593 2280 765 2344 possit,
797 2280 1038 2329 ostendit:

501 2357 770 2424 α’κύματος
804 2354 860 2409 δὲ
893 2356 1140 2423 πορθμὸς
1174 2355 1233 2424 ἐν
1266 2355 1431 2424 φρίκῃ
1464 2358 1592 2423 γελᾷ
1613 2355 1680 2423 *).

368 2439 443 2490 De
476 2447 734 2490 venustate
767 2440 912 2490 huius
947 2440 1143 2490 fabulae
1191 2440 1452 2503 quidquam
1500 2453 1701 2487 monere
1745 2438 2047 2502 superfluum

367 2537 484 2571 esse
516 2528 650 2586 puto.
719 2520 1032 2570 celebritatis
1067 2520 1289 2568 eiusdem
1323 2518 1606 2568 testimonia
1638 2521 1832 2566 exstant
1857 2517 2048 2566 Aristo-

369 2601 564 2667 pbauiS,
599 2600 795 2662 Naevii,
830 2600 1055 2662 Horatii,
1087 2597 1343 2648 Plutarchi
1374 2598 1707 2662 aliorumque,
1741 2612 1864 2662 quos
1899 2613 2048 2663 supra

369 2680 733 2730 nominavimus.

424 2892 469 2945 ¹⁶¹)
498 2890 681 2948 Fragm.
709 2890 795 2934 inc.
825 2905 868 2933 n.
895 2889 994 2935 2⁰8.
