2144 3854
1156 290 1237 348 8⁰

364 434 617 502 rophontis
648 433 867 484 manibus
899 434 998 483 hoc
1029 450 1176 502 agere
1209 435 1476 495 diceretur,
1524 437 1581 485 ut
1611 435 2026 489 arcessitis-auxi-

365 517 439 564 liis
471 515 566 564 vim
601 514 702 562 sive
733 513 892 578 palam
924 514 1071 564 armis
1107 515 1293 564 collatis
1328 514 1432 564 sive
1465 530 1527 564 ex
1559 514 1743 565 insidiis
1766 518 2022 582 propulsa-

363 599 457 656 ret,
479 595 574 641 iam
588 592 992 658 Bellerophontes
1017 609 1215 659 operam
1245 595 1379 655 dare,
1405 599 1460 643 ut
1482 593 1840 645 Stheneboeam
1867 596 2023 665 ipsam

364 672 536 721 fraude
580 673 837 736 deceptam
883 673 932 720 in
981 677 1275 738 potestatem
1324 690 1470 722 suam.
1508 675 1786 740 redigeret,
1837 675 2024 724 consti-

361 752 474 802 tuit.
540 751 651 800 Hoc
683 759 762 799 est
793 751 942 810 illud,
994 753 1123 816 quod
1157 754 1232 801 his
1276 754 1369 803 sibi
1410 753 1610 802 insidias
1654 759 1866 804 structas
1911 770 2024 805 esse

362 827 465 894 (δὶς
497 826 597 895 γὰρ
632 826 1096 896 ἐπιβουλευθέντα)
1130 832 1459 896 Bellerophon
1492 833 1729 897 queritur.

490 910 584 959 His
606 911 907 974 praemissis,
941 913 1182 960 actionum
1212 912 1622 962 continuationem
1651 912 1845 976 qualem
1867 912 2023 962 fuisse

357 995 552 1056 putem,
598 989 866 1043 ostendam.
947 991 1201 1039 Prooemio
1245 991 1398 1039 series
1442 1007 1606 1040 rernm
1652 992 2024 1057 Bellerophonti

358 1086 516 1132 usque
549 1067 608 1117 ad
643 1069 854 1118 reditum
889 1070 994 1118 eius
1030 1069 1316 1135 exponenda
1348 1069 1462 1119 fuit.
1530 1070 1658 1120 Tum
1693 1087 1804 1120 cum
1830 1071 2022 1121 nutrice

358 1149 702 1199 Stheneboeae
733 1148 863 1198 facto
907 1149 1147 1212 colloquio
1192 1149 1549 1209 simulandum,
1583 1150 1776 1199 venisse
1821 1166 1903 1210 se,
1948 1154 2019 1206 ut,

359 1228 572 1293 decepto
615 1228 790 1277 marito
836 1233 983 1292 atque
1028 1244 1056 1276 a
1090 1229 1236 1277 domo
1269 1229 1521 1293 ablegato,
1569 1228 1703 1278 illam
1735 1229 1786 1278 in
1817 1229 2020 1294 Lyciam

357 1322 526 1356 secum
571 1308 862 1368 abduceret,
907 1307 1164 1357 habiturus
1208 1308 1277 1357 ibi
1324 1323 1414 1373 pro
1458 1323 1627 1358 uxore.
1705 1309 1813 1372 Qua
1844 1309 2022 1359 fraude

358 1402 506 1450 quum
541 1385 899 1436 Stheneboeam
933 1402 1024 1451 per
1056 1387 1296 1436 nutricem
1330 1388 1636 1452 decepisset,
1687 1394 1788 1438 tum
1822 1389 2022 1438 demum

356 1465 565 1514 Proetus
599 1466 650 1515 in
683 1467 973 1530 colloquium
1008 1467 1280 1516 evocandus
1314 1466 1423 1516 fuit.
1471 1467 1539 1516 Et
1560 1467 1798 1532 prooemii
1821 1467 2019 1533 quidem

354 1545 564 1596 frustula
595 1546 719 1594 haec
751 1550 1029 1594 servantur:

489 1617 603 1675 Οὐκ
634 1621 773 1674 ἔστιν
806 1620 940 1683 ὅςτις
972 1624 1121 1674 πάντ’
1155 1622 1291 1690 α’νὴρ
1327 1617 1652 1688 εὐδαιμονεῖ·

483 1701 518 1770 ἢ
550 1702 653 1770 γὰρ
688 1701 936 1769 πεφυκὼς
971 1700 1156 1764 ἐσθλὸς
1190 1696 1291 1754 οὐκ
1323 1702 1422 1770 ἔχει
1454 1702 1594 1769 βίον,

483 1781 518 1850 ἢ
554 1782 804 1850 δυςγενὴς
840 1781 915 1835 ὢν
947 1783 1207 1836 πλουσίαν
1241 1783 1369 1846 ἀροῖ
1396 1783 1583 1838 πλάκα.

355 1865 428 1914 De
461 1880 549 1914 sua
585 1865 859 1914 conditione
890 1865 1014 1913 haec
1067 1865 1498 1929 Bellerophontem
1546 1865 1714 1914 dicere
1761 1863 1904 1916 facile
1946 1871 2022 1917 est

353 1944 634 2006 intellectu3
669 1945 847 1993 deinde
879 1944 939 1992 ad
974 1944 1207 1994 Proetum
1239 1945 1453 2008 respicit,
1485 1945 1609 1994 haec
1642 1944 1925 1997 subiiciens:

482 2015 709 2083 πολλοὺς
743 2021 798 2073 δὲ
829 2022 1039 2090 πλούτῳ
1071 2019 1161 2073 καὶ
1191 2019 1327 2087 γένει
1359 2021 1762 2089 γαυρουμένους

481 2101 620 2170 γυνὴ
652 2103 932 2170 κατῄσχυν’
968 2101 1026 2154 ἐν
1059 2102 1267 2168 δόμοισι
1298 2101 1476 2166 νηπία.

352 2184 574 2249 Denique
606 2186 669 2234 ad
702 2186 891 2235 labores
926 2201 1041 2235 suos
1074 2200 1382 2249 pugnamque
1415 2201 1526 2234 cum
1561 2183 1820 2236 Chimaera
1861 2183 2019 2236 felici-

352 2270 430 2315 ter
459 2271 719 2331 pugnatam
751 2265 1155 2330 haec'pertinere
1186 2265 1436 2312 videntur:

436 2407 446 2415 ἢ
485 2345 613 2395 ἄνευ
647 2344 804 2411 τύχης
836 2343 956 2410 γάρ,
992 2341 1157 2407 ὥςπερ
1191 2341 1227 2409 ἦ
1258 2340 1532 2407 παροιμία,

481 2423 646 2485 πόνος
677 2422 940 2491 μονωθεὶς
974 2417 1142 2475 οὐκέτ’
1178 2421 1411 2474 α’λδαίνει
1443 2421 1684 2489 βροτούς.

351 2507 396 2557 A
427 2508 614 2556 nutrice
657 2506 1015 2556 vehementiam
1060 2505 1270 2564 amoriS‚
1322 2520 1416 2568 quo
1459 2504 1768 2553 Stheneboea
1801 2502 2018 2554 Bellero-

350 2587 585 2652 phontem
630 2587 905 2651 deperiret,
966 2586 1132 2634 multis
1174 2583 1337 2633 verbis
1382 2584 1679 2650 descriptam
1724 2598 1837 2634 esse
1895 2583 2018 2634 haec

351 2671 463 2716 sunt
492 2666 796 2715 testimonia:

480 2772 545 2782 —-
677 2772 739 2784 -
871 2773 934 2782 —
1065 2740 1288 2809 ποιητὴν
1321 2744 1425 2806 ἄρα

477 2818 656 2892 ’Ἔρως
689 2824 938 2887 διδάσκει,
971 2821 1071 2875 κᾶν
1105 2825 1340 2890 ἄμουσος
1371 2818 1409 2888 ᾗ
1442 2821 1501 2872 τὸ
1533 2819 1660 2886 πρίν
1687 2819 1757 2888 *).

479 2984 641 3036 πεσὸν
674 2983 731 3036 δέ
764 3001 852 3035 νιν
884 2981 1102 3049 λέληθεν
1137 2976 1297 3036 οὐδὲν
1330 2980 1387 3033 ἐκ
1418 2979 1584 3048 χερός,

418 3175 464 3230 *)
492 3176 811 3232 Interpretatur
837 3178 1102 3221 Plutarchus
1130 3177 1284 3233 Symp.
1314 3190 1357 3231 p.
1388 3173 1485 3218 296.
1516 3176 1567 3218 E.
1597 3174 1671 3228 (Τ.
1700 3173 1758 3224 11,
1785 3169 1883 3214 4⁰5.
1912 3170 2013 3284 ἷξε

487 3244 563 3290 §mi
599 3259 672 3289 σεν
716 3243 789 3292 ὅτι
816 3263 896 3291 ποι
928 3247 1059 3292 τικ“ν
1087 3248 1167 3292 καὶ
1227 3242 1414 3290 ονσικ“ν
1440 3244 1464 3288 ἔ
1490 3261 1525 3288 ω
1587 3243 1704 3288 δύνα
1738 3257 1782 3286 ιν
1806 3237 1901 3285 ὀὐκ
1963 3256 2015 3284 ν-

487 3262 688 3374 τίθῖσινῑ
713 3265 1059 3375 ἐνυπάρέονσξιν
1088 3316 1139 3363 δὲ
1166 3263 1285 3363 κῒνεῖ
1306 3262 1385 3360 καῖ
1403 3259 1736 3374 α’νξιθίρμαίνεῖ
1751 3309 2015 3357 λανθάνου-

489 3399 574 3431 σαν
603 3387 682 3431 aaz
711 3385 955 3447 ἀργοῦσαν.
