2176 3874
955 285 1079 341 423

175 433 294 483 dum
329 439 434 494 est,
482 447 630 497 quum
666 432 796 498 patri
829 431 889 480 ad
925 431 1095 480 sedem
1131 431 1342 481 oraculis
1375 431 1661 482 destinatam
1697 432 1854 497 profi-

175 513 380 562 ciscenti
415 514 515 562 dux
550 528 820 577 comesque
850 512 1032 560 fuisset
1076 518 1128 560 et
1173 511 1460 562 defunctum
1502 511 1685 561 ibidem
1720 528 1854 560 com-

173 593 444 658 posuisset,
529 593 630 642 lam
675 594 882 642 alterum
928 591 1064 639 videt
1107 592 1304 655 pietatis
1353 592 1574 642 officium
1621 591 1856 641 humandi

176 671 374 735 fratris,
420 673 504 736 qui
550 674 735 722 multos
765 673 862 720 iam
899 670 1007 719 dies
1042 671 1210 720 avibus
1245 673 1544 735 canibusque
1576 672 1858 737 propositus

176 751 259 815 sit,
293 751 390 801 sibi
422 752 623 816 iniungi.
689 752 938 811 Desolata,
974 753 1163 810 orbata,
1199 757 1514 816 tyrannorum
1543 752 1737 802 iniuriis
1772 768 1858 802 ex-

174 833 369 897 posita,
416 838 468 880 et
515 848 653 882 suam
702 838 753 881 et
797 847 996 880 suorum
1043 836 1227 879 sortem
1277 832 1522 896 deplorat.
1589 833 1668 882 Ad
1713 848 1856 897 quam

175 911 357 961 deinde
372 911 642 976 Eurydice,
677 912 906 962 Creontis
926 926 1068 972 uxor,
1102 910 1307 976 prodire
1324 912 1500 976 potuit,
1537 913 1580 960 si
1598 913 1747 961 modo
1766 912 1857 961 So-

174 991 406 1057 phoclem
422 991 688 1058 Euripides
713 991 764 1040 in
796 991 942 1040 huius
977 996 1137 1040 morte
1171 991 1380 1040 dramati
1413 992 1681 1041 intexenda
1714 1008 1857 1041 secu-

174 1077 255 1122 tus
302 1077 398 1123 est.
464 1071 591 1122 Nam
637 1086 787 1135 quum
833 1071 1026 1135 reliqua
1074 1071 1203 1121 illins
1248 1072 1366 1121 vitia
1413 1071 1627 1120 feliciter
1675 1072 1854 1133 vitarit,

176 1157 283 1202 tum
315 1153 414 1202 hoc
467 1168 662 1217 quoque
711 1151 1003 1217 prudentius
1046 1152 1108 1200 ab
1143 1168 1204 1201 eo
1234 1153 1515 1202 institutum
1548 1151 1709 1201 fuisse
1741 1152 1861 1201 mihi

175 1232 471 1299 persuadeo,
505 1237 560 1280 ut
591 1231 655 1280 ad
689 1248 771 1280 res
805 1233 1020 1298 agendas
1054 1233 1105 1282 in
1137 1233 1384 1299 principio
1419 1233 1653 1282 dramatis
1685 1247 1862 1298 perso-

173 1329 288 1363 nam
305 1311 584 1378 Eurydices
611 1312 874 1362 adhiberet
904 1329 1068 1377 neque
1102 1313 1330 1362 victimae
1362 1313 1521 1363 instar
1554 1313 1615 1361 ad
1650 1317 1861 1362 mortem

175 1392 343 1444 subito
375 1396 594 1459 raperet,
629 1394 853 1458 priorum
887 1394 1132 1443 actionum
1168 1394 1348 1443 nullius
1380 1395 1689 1460 participem.
1756 1393 1861 1443 Eu-

175 1473 400 1538 rydicen,
434 1489 584 1538 quum
606 1474 778 1524 multis
800 1474 1082 1523 nominibus
1108 1476 1237 1524 bene
1255 1474 1407 1524 vellet
1440 1475 1614 1541 virgini
1646 1488 1861 1537 genero-

176 1569 262 1604 sae
296 1558 350 1603 et
381 1569 530 1619 gnara
564 1559 702 1603 esset
748 1554 959 1614 amoris,
1014 1569 1112 1618 quo
1150 1554 1376 1604 Haemon
1426 1571 1535 1603 eam
1582 1554 1861 1619 deperibat,

177 1638 231 1682 et
264 1634 526 1683 honestum
564 1632 879 1699 faustumque
912 1635 1010 1684 hoc
1059 1635 1353 1686 connubium
1401 1635 1504 1683 filio
1546 1635 1658 1684 fore
1691 1649 1862 1699 spera-

177 1718 286 1775 ret,
332 1714 487 1762 multa
531 1713 887 1777 admonebant,
933 1720 991 1763 ut
1035 1720 1088 1764 et
1138 1715 1436 1764 consolando
1482 1715 1709 1764 dolorem
1755 1715 1863 1765 eius

176 1793 406 1860 mitigare
439 1798 491 1842 et
509 1795 771 1855 monendo,
807 1800 860 1843 ut
892 1796 1226 1860 potentiorum
1259 1795 1470 1860 imperio
1505 1796 1710 1844 cederet
1738 1811 1864 1844 neve

178 1873 356 1938 capitis
384 1873 658 1938 periculum
693 1874 831 1923 adire
863 1875 1044 1935 vellet,
1088 1875 1151 1922 ad
1186 1876 1380 1924 mitiora
1414 1875 1616 1924 consilia
1649 1875 1865 1925 ineunda

177 1968 470 2018 permovere
514 1953 756 2004 studeret.
823 1955 924 2004 Aut
957 1955 1105 2003 huius
1139 1955 1289 2018 igitur
1322 1960 1408 2004 aut
1441 1956 1567 2004 alius
1601 1955 1865 2021 propinqui

176 2033 257 2084 vel
288 2032 548 2082 familiaris
580 2049 826 2097 personae
863 2036 1158 2083 conveniunt
1191 2036 1342 2084 verba
1375 2036 1587 2085 haecce:

307 2110 445 2172 δςτις
477 2110 537 2163 δὲ
568 2111 702 2176 πρὸς
734 2113 796 2164 τὸ
828 2115 1026 2164 πῖπτον
1059 2112 1292 2180 εὐλόγως
1326 2112 1478 2180 φέρει

305 2192 402 2244 τὸν
436 2191 666 2258 δαίμον’,
701 2183 858 2254 οὗτος
890 2184 1059 2261 ἧσσόν
1092 2191 1198 2246 ἐστ’
1232 2192 1500 2261 ἀνόλβιος.

178 2275 472 2342 Antigonam
496 2290 596 2323 non
620 2276 772 2324 modo
790 2292 1141 2340 perseverasse
1166 2277 1217 2325 in
1234 2277 1497 2338 sententia,
1533 2275 1622 2326 sed
1639 2276 1787 2326 etiam
1803 2276 1867 2325 ad

180 2355 492 2418 exsequenda
527 2371 604 2416 ea,
639 2372 764 2420 quae
800 2356 1036 2415 decrevit,
1073 2371 1129 2404 se
1162 2357 1437 2405 accinxisse
1470 2372 1681 2406 necesse
1714 2361 1809 2406 est.

310 2434 405 2483 His
438 2434 656 2498 peractis
698 2435 902 2499 prodire
947 2435 1112 2500 potuit
1153 2435 1335 2484 chorus
1368 2436 1610 2501 virginum
1645 2435 1724 2485 vel
1756 2453 1866 2486 mu-

181 2514 359 2563 lierum
394 2513 581 2563 Bacchi
625 2530 766 2563 sacra
809 2515 1183 2564 celebrantium.
1251 2514 1433 2565 Parodi
1479 2516 1628 2565 huius
1671 2515 1869 2565 fabulae

180 2599 375 2660 partem
410 2594 497 2643 fini
530 2593 929 2645 Phoenissarum.
952 2597 1012 2644 ab
1046 2595 1480 2660 interpolatoribus
1516 2596 1867 2662 agglutinatam

183 2690 298 2724 esse
342 2674 536 2739 pridem
582 2675 751 2724 monui
798 2675 1021 2723 homines
1068 2675 1261 2726 surdos.
1326 2677 1562 2726 Invitatur
1605 2680 1773 2726 autem
1807 2690 1868 2723 eo

180 2754 460 2821 fragmento
494 2757 738 2819 Antigone
771 2755 834 2803 ad
869 2755 1160 2804 chorearum
1208 2756 1527 2820 laetitiaeque
1560 2756 1869 2816 societatem,

182 2851 330 2900 quam
363 2835 464 2898 illa,
498 2835 654 2886 luctui
687 2852 745 2885 ac
778 2835 996 2884 moerori
1029 2834 1214 2899 dedita,
1250 2837 1512 2887 detrectat.

891 2914 1157 2965 ΧΟΡΟΣ.

449 2993 583 3062 πρὸς
614 2994 800 3063 ἥλικας
832 2994 1042 3061 φάνηθι
1075 2994 1184 3056 σάς.

810 3076 925 3127 AN
933 3076 1231 3129 ΤΙΓΟΝΗ.

450 3155 565 3219 ἅλις
596 3156 917 3223 ὀδυρμάτων
949 3153 1108 3222 ἐμῶν.

901 3239 1153 3290 ΧΟΡΟΣ.

450 3310 517 3369 σὺ
552 3318 599 3370 δ’
635 3317 774 3386 ἀμφὶ
806 3318 1047 3385 βωμίους
1078 3319 1238 3380 λιτάς.

829 3401 945 3452 AN
955 3400 1260 3452 ΤΙΓΟΝΗ.

450 3477 617 3544 κόρον
649 3479 824 3547 ἔχουσ’
861 3480 1004 3548 ἐμῶν
1034 3481 1250 3539 maxtin),-
