2144 3854
883 274 998 331 141

111 434 175 473 ex
203 420 409 472 historia
439 426 734 481 removeret,
767 419 984 485 stipitem
1016 417 1077 468 ab
1111 417 1317 468 Althaea
1350 418 1636 469 devoratum
1665 432 1772 467 rur-

111 515 295 566 susque
339 505 483 566 partu
530 501 713 552 editum
742 515 856 550 esse
884 497 1062 548 finxit..
1105 497 1483 548 Accuratissime
1514 498 1776 562 Apollodo-

111 595 219 630 rum
252 581 410 630 nostri
442 581 645 645 vestigia
678 580 857 644 legisse
888 577 1012 627 haec
1043 577 1150 626 eius
1185 578 1332 627 verba
1353 579 1632 641 ostendunt,
1666 596 1777 630 cum

112 659 362 726 Euripidis
405 661 567 711 verbis
611 657 971 708 convenientia:
1015 653 1109 715 τὰς
1149 653 1385 721 ἀπαρχὰς
1414 650 1600 718 Οἰνεὺς
1631 659 1779 718 θεοῖς

110 741 239 790 πᾶσι
268 738 453 802 θύων,
484 737 649 805 μόνης
686 730 984 802 Ἀρτέμιδος
1016 733 1298 798 ἐξελάθετο.
1365 738 1615 802 Euripidis
1648 738 1778 790 enim

110 819 259 869 verba
289 820 413 870 haec
444 819 643 870 fuerunt
677 817 872 883 (fragm.
907 817 1017 880 11.)2

239 897 396 950 θύων
447 894 681 963 ἀπαρχὰς
715 895 815 948 οὐκ
847 893 1042 947 ἔθυσεν
1077 888 1334 962 Ἀρτέμιδι

583 993 680 1030 scr.
715 976 815 1028 οὐκ
844 974 996 1028 ἔθυσ’
1029 973 1148 1041 ἐμοὶ
1178 973 1331 1043 μόνῃ.

110 1058 236 1107 Cum
268 1057 566 1124 Apollodoro
597 1063 761 1107 autem
799 1057 1021 1122 Hyginus
1054 1064 1106 1108 et
1140 1057 1380 1106 Diodorus
1400 1054 1512 1119 (IV,
1535 1054 1639 1123 34.)
1661 1073 1777 1109 con-

109 1140 340 1190 sentiunt.
405 1137 571 1186 Attii
602 1137 903 1202 tragoediam
931 1138 994 1186 de
1014 1137 1282 1202 Euripidea
1303 1151 1585 1201 expressam
1608 1137 1781 1205 fnisse,

109 1217 308 1281 quidam
339 1231 511 1273 versus
546 1216 796 1282 Euripidis
827 1217 1051 1267 versibus
1085 1215 1320 1266 simillimi
1351 1215 1629 1266 ostendunt.
1678 1217 1780 1268 Ne-

110 1311 206 1360 que
237 1311 334 1346 non
367 1296 515 1346 etiam
549 1296 711 1346 Ovidii
742 1295 979 1361 quaedam
1013 1296 1143 1346 dicta
1173 1295 1496 1345 imitationem
1527 1295 1781 1362 Euripidis

109 1375 435 1426 manifestant.
498 1376 661 1440 Atque
691 1377 831 1441 ipsae
865 1390 1058 1440 quoque
1083 1376 1212 1426 inter
1237 1391 1294 1424 se
1320 1375 1578 1441 utriusque
1604 1382 1781 1444 poetae

108 1454 408 1506 imitationes
443 1457 748 1521 conspirant:
782 1455 1011 1506 conferas
1043 1454 1168 1504 haec
1202 1455 1421 1504 Attianat

239 1533 601 1599 „Gaudent,
627 1541 918 1597 currunt,
953 1534 1315 1595 celebrant,
1349 1535 1616 1585 herbam
1639 1553 1778 1587 con-

949 1615 1193 1679 ferunt
1225 1612 1420 1676 dono,
1453 1621 1690 1667 tenent

246 1692 362 1744 Pro
403 1709 471 1743 se
510 1697 819 1762 quisque,
864 1709 1004 1744 cum
1050 1709 1295 1743 corona
1341 1694 1590 1744 clarum
1637 1712 1779 1748 con-

950 1777 1232 1824 nectunt
1264 1779 1464 1840 caput
1508 1774 1608 1815 -''

113 1868 225 1904 cum
257 1852 396 1903 hisce
428 1852 704 1904 ovidianisz

242 1931 542 1994 „Gaudia
573 1937 926 1983 testantur
947 1934 1124 1983 socii
1155 1933 1320 1983 clam
1337 1950 1444 1982 ore
1475 1935 1781 1999 secundo,

251 2010 753 2078 Victricemque
779 2018 1026 2078 petunt
1051 2011 1339 2062 dextrae
1366 2014 1780 2081 coniungere

937 2092 973 2142 d
990 2108 1066 2142 ex
1078 2099 1102 2142 t
1114 2108 1142 2142 r
1155 2109 1189 2142 α
1200 2093 1302 2142 m.''

241 2171 295 2221 ln
328 2169 674 2221 concinnandis
706 2172 853 2222 huius
887 2174 1167 2239 tragoediae
1201 2172 1415 2238 reliquiis
1448 2189 1647 2239 operam
1686 2176 1781 2226 uti-

110 2251 345 2303 lissimam
378 2257 647 2318 posuerunt
680 2251 1032 2303 Valckenarius
1081 2258 1134 2303 et
1175 2252 1495 2316 welckems,
1545 2254 1609 2304 de
1650 2260 1781 2306 stru-

109 2337 249 2384 ctura
274 2347 392 2381 vero
423 2332 655 2381 dramatis
678 2332 968 2397 reperienda
993 2332 1331 2398 desperarunt,
1364 2337 1415 2382 et
1447 2333 1532 2383 hic
1563 2335 1783 2399 quidem,

110 2411 341 2462 diffidens
382 2411 492 2477 ipse
538 2412 832 2461 coniecturis
876 2413 1008 2473 suis,
1057 2417 1250 2477 gratum
1295 2412 1392 2462 sihi
1436 2413 1505 2462 ait
1535 2413 1781 2465 facturum

111 2507 242 2553 esse,
276 2491 320 2540 si
353 2491 464 2555 quis
497 2490 703 2540 meliora
734 2491 1018 2543 invenisset.

239 2570 550 2620 Prooemium
595 2569 672 2619 his
717 2571 879 2620 verbis
927 2571 1094 2620 reddit
1137 2570 1463 2636 Apollodorus
1496 2571 1534 2634 I,
1557 2575 1615 2622 8:
1658 2573 1781 2635 „Al-

110 2652 255 2702 thaea
300 2665 363 2699 ex
408 2648 577 2699 Oeneo
623 2654 912 2714 conceptum
956 2649 1267 2716 Meleagrum
1321 2651 1544 2716 peperit,
1603 2668 1783 2717 quem

110 2730 320 2781 Marte
368 2733 581 2779 satum
625 2728 879 2793 quidam
926 2728 1140 2778 fuisse
1182 2730 1461 2780 tradunt.
1527 2731 1604 2780 Ad
1639 2747 1783 2797 quem

110 2815 304 2876 septem
337 2809 445 2858 dies
475 2814 643 2858 natum
688 2807 871 2858 Parcas
904 2809 1038 2858 aiunt
1082 2808 1275 2858 venisse
1316 2825 1374 2859 ac
1419 2809 1629 2872 dixisse,
1677 2815 1780 2860 tum

111 2889 416 2955 Meleagrum
450 2888 749 2938 exstinctum
779 2887 868 2951 iri,
916 2904 1027 2937 eum
1074 2888 1252 2953 stipes,
1299 2889 1381 2952 qui
1423 2888 1554 2938 forte
1585 2890 1636 2939 in
1668 2889 1784 2940 foco

110 2969 335 3030 arderet,
370 2969 653 3019 combustus
686 2974 836 3018 esset.
902 2966 1046 3030 Quod
1075 2969 1159 3018 ubi
1191 2972 1348 3017 mater
1380 2968 1588 3027 audivit,
1639 2969 1783 3035 stipi-

112 3052 216 3100 tem
246 3064 311 3098 ex
341 3049 453 3114 igne
486 3048 733 3098 sublatum
766 3049 815 3098 in
849 3063 963 3096 arca
995 3047 1281 3098 recondidit.
1349 3045 1605 3115 Meleager
1619 3055 1785 3100 autem

113 3143 262 3193 quum
308 3134 445 3178 esset
477 3133 649 3179 natura
680 3127 1041 3178 invulnerabilis
1075 3142 1132 3176 ac
1165 3142 1462 3192 generosus,
1509 3128 1607 3178 hoc
1641 3130 1787 3178 modo

112 3208 384 3258 exstinctus
416 3211 510 3258 est.
579 3207 702 3257 Cum
737 3223 923 3257 annuae
955 3222 1032 3258 ex*
1050 3222 1166 3272 agro
1189 3206 1361 3272 fruges
1386 3207 1650 3270 redissent,
1685 3208 1787 3272 pri-

111 3287 274 3337 mitias
307 3287 506 3339 Oeneus
540 3287 637 3338 diis
669 3287 894 3339 omnibus
928 3286 1131 3349 obtulit,
1176 3285 1327 3336 solius
1375 3285 1557 3337 Dianae
1603 3287 1785 3338 oblitus

114 3371 209 3417 est.
276 3367 520 3431 Quocirca
567 3368 692 3418 irata
725 3368 819 3418 dea
850 3383 1022 3433 aprum
1054 3365 1256 3417 immisit
1287 3370 1340 3416 et
1372 3367 1705 3434 magnitudine
1734 3373 1786 3418 et

114 3446 290 3496 robore
334 3447 574 3514 insignem
590 3485 604 3511 ‚
652 3448 739 3512 qui
782 3453 836 3499 et
881 3451 1078 3514 segetes
1123 3451 1462 3512 corrumperet
1510 3454 1561 3498 et
1604 3462 1787 3512 pecora
