2144 3854
920 267 1041 323 119

275 412 573 472 „Caelum
606 413 971 473 nitescere,
1023 408 1285 458 arbores
1318 409 1782 475 frondescere,

281 491 479 541 Vites
510 491 891 556 laetificae
918 490 1260 555 pampinis
1285 489 1675 557 pubescere,

272 572 472 621 Rama·
500 572 820 622 bacarum
852 568 1174 617 ubertate
1210 570 1706 633 incurvescere,

273 650 558 717 Segetes
591 649 1145 714 largirifrugeS,
1175 649 1450 711 florere
1484 652 1722 714 omnia,

276 731 522 780 Fontes
542 735 818 790 scatere,
843 728 1061 777 herbis
1080 734 1286 793 prata
1316 746 1476 778 conv
1494 732 1819 780 estirier.'’

140 810 411 860 Manifesta
445 815 608 859 autem
642 809 789 858 huius
826 809 1178 873 disputationis
1204 814 1316 857 sunt
1350 825 1473 872 quae
1515 811 1822 876 Porphyrius

140 889 204 939 de
250 891 423 940 abstin.
468 889 562 950 111,
613 890 692 938 25.
749 905 798 952 p.
850 891 960 938 135.
1010 885 1206 952 (fragm.
1260 888 1356 938 inc.
1405 891 1537 956 183.)
1590 892 1820 940 servavit:

138 966 388 1035 συγγενὲς
418 968 547 1035 ἡμῖν
578 968 638 1019 τὸ
671 969 781 1018 τῶν
813 968 1015 1018 λοιπῶν
1050 966 1200 1030 ζώων
1233 966 1410 1033 γένος·
1446 967 1535 1019 καὶ
1567 968 1670 1035 γὰρ
1702 987 1822 1033 τρο-

137 1048 235 1115 φαὶ
266 1055 428 1102 πᾶσαι
461 1048 518 1100 αἱ
550 1047 706 1101 αὐταὶ
736 1053 899 1101 πᾶσιν
933 1049 1116 1110 αὐτοῖς
1147 1047 1238 1102 καὶ
1269 1048 1560 1114 πνεύματα,
1596 1049 1667 1112 ὡς
1712 1050 1822 1101 Εὐα

136 1130 361 1198 ριπίδης,
394 1128 484 1182 καὶ

269 1240 331 1248 -
459 1238 528 1249 ·-
659 1208 907 1276 φοινίονς
941 1206 1042 1277 ἔχει
1075 1208 1208 1277 ῥοὰς

262 1289 330 1343 τὰ
364 1291 470 1355 ζῶα
502 1289 676 1342 πάντα

133 1370 249 1424 καὶ
280 1365 564 1433 κοινοὺς
597 1369 913 1424 ἁπάντων
949 1371 1259 1424 δείκνυσι
1305 1374 1566 1438 γονεῖς,
1615 1371 1823 1438 Οὐρα-

132 1453 257 1506 νὸν
298 1451 413 1506 καὶ
457 1455 616 1522 Γῆν.
694 1456 864 1505 Facile
898 1455 1153 1504 intellectu
1202 1463 1305 1515 est,
1357 1471 1454 1519 quo
1501 1455 1625 1503 haec
1669 1455 1825 1503 oratio

131 1537 441 1601 pertinuerit.
509 1536 718 1599 Negavit
753 1536 880 1584 enim
916 1535 1201 1599 Menalippa
1265 1535 1543 1599 prodigium
1579 1550 1721 1597 esse,
1785 1537 1826 1585 si

132 1617 253 1679 quid
301 1616 415 1665 miri
474 1620 639 1663 natum
674 1620 837 1676 esset,
885 1615 1017 1679 quod
1066 1631 1095 1662 a
1127 1615 1310 1678 vulgari
1345 1630 1438 1662 usu
1471 1619 1523 1663 et
1558 1619 1822 1665 consuetu-

133 1694 252 1744 dine
282 1696 578 1744 abhorreret
593 1691 660 1756 *).
731 1693 881 1755 Tum,
915 1694 1123 1743 ulterius
1157 1710 1438 1760 progressa,
1474 1695 1645 1744 docuit
1676 1695 1823 1745 deum

133 1790 345 1839 corpore
376 1775 594 1824 humano
638 1774 916 1839 praeditum
961 1778 1199 1839 certoque
1243 1774 1355 1824 loco
1401 1774 1663 1843 degentem
1713 1778 1823 1826 nul-

132 1855 235 1905 lum
270 1870 415 1902 esse:

262 1935 415 1992 ποῖος
449 1931 497 1983 δ’
534 1929 602 1982 ἂν
637 1924 800 1994 οἶκος,
834 1933 1097 1984 τεκτόνων
1130 1930 1384 1993 πλασθεὶς
1416 1931 1544 1993 ὕπο,

264 2012 425 2080 δέμας
455 2013 516 2064 τὸ
548 2015 702 2063 θεῖον
734 2014 1010 2079 περιβάλοι
1041 2013 1235 2080 τοίχων
1267 2018 1490 2081 πτυχαῖς
1500 2014 1611 2081 ;**)

130 2096 258 2145 Fani
289 2097 440 2160 igitur
474 2096 573 2160 qui,
608 2095 728 2144 deos
762 2096 1015 2145 hominum
1050 2096 1239 2145 similes
1275 2113 1388 2146 esse
1421 2098 1684 2161 fingente8‚
1721 2099 1823 2148 sin-

129 2177 243 2242 gula
275 2179 335 2226 ab
368 2176 426 2224 iis
459 2176 712 2225 hominum
746 2180 951 2241 peccata
994 2177 1153 2226 notari
1187 2181 1241 2225 et
1285 2178 1522 2239 ostentiS‚
1568 2194 1694 2243 quae
1738 2195 1822 2229 ve—

129 2258 233 2317 lint,
268 2256 496 2321 portendi
531 2257 878 2321 opinarentur:

261 2335 462 2387 δοκεῖτε
494 2334 670 2402 πηδᾶν
703 2334 1009 2402 τάδικήματ’
1046 2334 1118 2396 εἰς
1151 2328 1315 2396 θεοὺς

262 2418 519 2480 πτεροῖσι,
553 2416 750 2467 κᾶπειτ)
787 2412 844 2466 ἐν
879 2415 1014 2476 Διὸς
1049 2413 1236 2467 δέλτου
1272 2420 1494 2482 πτυχαῖς

261 2497 489 2563 γράφειν
519 2498 619 2547 τιν’
656 2496 818 2558 αὐτά,
857 2499 1006 2564 Ζῆνα
1041 2497 1088 2548 δ’
1123 2497 1407 2565 εἰςορῶντά
1439 2516 1527 2551 νιν

264 2578 489 2643 θνητοῖς
523 2576 777 2639 δικάζεινς
815 2576 932 2627 οὐδ’
969 2576 998 2628 ὁ
1031 2583 1134 2638 πᾶς
1167 2577 1234 2629 ἂν
1269 2579 1514 2646 οὐρανός,

262 2657 398 2718 Διὸς
433 2656 735 2723 γράφοντος
767 2655 860 2717 τὰς
894 2657 1106 2722 βροτῶν
1153 2657 1425 2723 ἁμαρτίας,

260 2736 600 2804 ἐξαρκέσειεν,
639 2737 755 2789 οὐδ’
789 2734 990 2798 ἐκεῖνος
1022 2736 1090 2789 ἂν
1122 2740 1339 2790 σκοπῶν

258 2818 483 2885 πέμπειν
518 2815 718 2888 ἑκάστῳ
755 2818 969 2886 ζημίαν·
1006 2818 1117 2870 ἀλλ’
1151 2818 1188 2887 ἦ
1221 2819 1361 2886 Δίκη

259 2896 500 2953 ἐνταῦθά
531 2899 650 2953 πού
679 2894 815 2953 ’στιν
848 2898 1024 2967 εγγύς,
1059 2900 1103 2952 εἰ
1138 2901 1390 2967 βούλεσθ’
1425 2900 1572 3002 ὁρᾶν.

128 2984 400 3047 Quaerenti
433 2983 614 3033 deinde
646 2984 834 3033 Aeolo:

258 3060 391 3114 θεὸν
425 3059 482 3114 δε
514 3066 689 3130 ποῖον,
722 3060 833 3115 εἰπέ
866 3081 976 3127 μοι,
1010 3059 1262 3129 νοητέον,·

125 3145 253 3194 haec
285 3145 577 3210 respondit:

198 3311 242 3367 *)
266 3311 455 3426 ἓίοιιγε.
497 3315 576 3368 ΙΧ,
606 3313 687 3357 ll:
730 3311 1082 3371 ἀποφαίνεσθαι
1118 3309 1472 3374 πειρᾶται,”ὅτι
1512 3312 1647 3372 τέρας
1687 3310 1822 3358 οὐδέν

289 3394 403 3426 thv.

181 3448 240 3505 ⁸⁹)
268 3453 456 3509 Fragm.
486 3454 571 3498 inc.
601 3454 699 3498 156.
