2176 3874
1166 225 1290 281 480

516 373 765 423 Pronaum
799 371 1056 421 Minervae
1090 370 1348 421 adversum
1399 371 1782 421 ascendentibus
1816 372 1977 424 fuisse
2009 390 2072 425 ex

383 454 572 504 Herod.
612 452 741 510 VIIl,
779 455 857 501 37.
893 454 972 503 39.
1009 451 1326 516 intelligitur3
1374 450 1492 499 huic
1527 451 1736 500 alterum
1771 467 2007 516 pronaum
2042 471 2071 515 a

383 535 542 583 latere
577 534 795 581 iunctum
831 532 989 580 fuisse
1021 533 1259 596 suspicor.
1327 530 1538 579 Palladis
1583 535 1745 580 autem
1783 547 1922 580 sacra
1957 549 2070 582 cum

381 613 623 678 Apollinis
673 613 828 660 sacris
877 627 970 678 per
1010 617 1167 661 totum
1202 611 1371 660 drama
1406 612 1662 661 coniuncta
1695 618 2073 676 repraesentan-

381 698 480 753 tur,
514 709 606 741 nec
642 693 801 742 minus
834 693 994 754 illius,
1030 709 1175 757 qnam
1207 692 1390 753 huius,
1437 692 1637 740 numine
1677 708 1759 741 res
1793 693 2071 758 diriguntur

384 778 437 822 et
469 773 530 821 ad
566 772 759 821 felicem
798 774 985 822 exitum
1020 773 1375 838 perducuntur.
1443 773 1521 821 Ad
1554 772 1686 821 illius
1726 772 1879 837 igitur
1910 774 2068 838 porti-

383 870 491 902 cum
530 852 716 901 Creusa
760 869 870 901 cum
918 854 1133 913 ancillis,
1180 868 1305 917 quae
1351 853 1487 900 chori
1536 869 1742 902 munere
1776 852 2066 922 funguntur,

381 933 589 982 accedit.
660 933 904 982 Porticum
942 934 1070 982 enim
1096 949 1244 981 scena
1266 938 1631 996 repraesentat3
1667 933 1898 998 spatium,
1935 933 2066 998 quod

381 1018 496 1063 ante
530 1014 773 1078 porticum
807 1014 1035 1062 relictum
1084 1018 1219 1072 erat,
1266 1013 1580 1077 proscenium
1629 1013 1902 1072 efficiebat3
1951 1019 2067 1062 ante

379 1094 478 1143 hoc
507 1094 555 1141 in
591 1093 845 1141 orchestra
881 1094 1112 1141 consistit
1138 1093 1318 1141 chorus
1352 1090 1420 1156 ²⁰¹),
1457 1093 1641 1157 ibique,
1678 1099 1843 1142 motus
1875 1094 2063 1159 magni·

378 1173 581 1222 ficentia
614 1173 843 1221 vestibuli
878 1178 928 1221 et
961 1173 1289 1236 pulcritudine
1317 1172 1598 1238 imaginum,
1634 1176 1807 1237 quibus
1843 1173 2063 1238 porticus

379 1259 547 1303 ornata
585 1257 693 1309 est,
743 1253 982 1317 parodum
1018 1253 1134 1317 agit.
1203 1251 1437 1300 Solebant
1467 1259 1631 1301 autem
1658 1254 1741 1316 qui
1768 1254 1916 1302 deum
1943 1269 2062 1302 con-

378 1333 555 1382 sulturi
590 1331 811 1396 Delphos
847 1333 1134 1390 veniebant,
1177 1340 1440 1396 antequam
1476 1331 1650 1380 hostiis
1686 1333 1844 1381 caesis
1881 1333 2063 1382 sacris-

378 1430 475 1477 que
508 1414 605 1462 rite
639 1412 782 1460 factis
818 1413 867 1460 in
902 1413 1172 1478 penetralia
1206 1413 1582 1461 admitterentur
1616 1410 1729 1476 **)‚
1777 1413 2060 1477 spectandis

376 1493 589 1543 donariis
637 1492 805 1540 oculos
851 1509 1057 1557 pascere
1105 1490 1194 1555 (cf.
1246 1492 1437 1555 Euripq
1466 1492 1699 1541 Androm.
1739 1495 1869 1541 1086
1910 1494 2057 1557 seq.).

376 1573 518 1623 Haec
551 1573 701 1636 igitur
735 1575 1039 1622 consuetudo
1075 1573 1249 1638 parodi
1282 1571 1538 1620 materiam
1567 1572 1793 1635 praebuit
1819 1573 2060 1637 Euripidi,

375 1658 431 1702 ut
465 1653 737 1718 porticum,
775 1669 920 1718 quam
956 1655 1088 1704 circa
1122 1653 1314 1703 initium
1348 1652 1467 1701 belli
1502 1651 1934 1718 Peloponnesiaci,
1970 1653 2059 1702 de-

513 1797 582 1838 los
611 1799 655 1837 et
683 1791 870 1850 οἲγυιεύς
898 1798 1201 1851 nuncupatur,
1239 1795 1366 1850 quasi
1405 1794 1491 1837 viis
1519 1793 1800 1850 praepositus
1835 1792 2062 1836 urbanis.”

511 1866 636 1909 Adde
666 1865 804 1908 nostri
833 1866 1003 1910 Phoeni
1033 1867 1132 1908 631.
1155 1871 1198 1908 et
1212 1865 1309 1907 274.
1343 1869 1387 1908 et
1415 1867 1534 1907 hunc
1562 1867 1709 1920 ipsum
1732 1867 1883 1907 locum
1904 1860 2057 1919 (ἄγυι-

511 1933 668 1985 οἷτιδες
696 1938 993 1994 θεραπεῖαι),
1028 1951 1159 1992 quem
1188 1938 1393 1978 Eustath.
1424 1951 1470 1991 p.
1500 1935 1598 1987 166,
1628 1934 1699 1977 23.
1730 1934 1849 1991 (126,
1877 1933 1948 1990 2.)
1979 1949 2058 1977 ex—

512 2006 713 2063 plicavit.
771 2008 1026 2062 Apollinem
1066 2008 1226 2049 lanum
1255 2007 1531 2049 Graecorum
1571 2005 1710 2048 fuisse
1748 2019 1802 2048 ex
1831 2006 1922 2048 hac
1958 2005 2058 2061 ipsa

510 2092 560 2120 re
591 2081 794 2132 apparet.

426 2149 476 2203 ‘'f)
506 2148 797 2190 orchestram
826 2159 960 2188 scena
988 2148 1128 2189 multo
1162 2146 1421 2189 inferiorem
1461 2145 1599 2188 fuisse
1638 2146 1779 2201 vulgo
1817 2157 2056 2199 perperam

511 2222 707 2259 statuunt
737 2215 811 2271 qui
839 2216 967 2258 illam
996 2217 1312 2259 tabulamentis
1342 2221 1611 2259 constratam
1638 2215 1777 2258 fuisse
1805 2229 1890 2256 non
1918 2228 2056 2269 repu-

511 2291 619 2331 tant.
677 2288 735 2330 Et
763 2288 906 2342 spatio
935 2289 1060 2330 illam
1091 2302 1253 2330 scenae
1285 2288 1531 2329 continuari
1572 2291 1616 2328 et
1643 2285 1882 2341 superficie
1911 2299 2054 2340 paene

512 2357 696 2412 aequari
725 2358 904 2400 solitam
941 2373 1038 2400 csse
1075 2359 1191 2400 haec
1221 2358 1387 2400 Suidae
1426 2358 1569 2400 verba
1611 2357 1867 2398 declarant:
1906 2353 2055 2411 μετὰ

507 2426 613 2483 τὴν
643 2426 868 2483 σκηνὴν
898 2423 1079 2478 εὐθὺς
1107 2428 1184 2472 καὶ
1213 2427 1271 2471 τοὶ
1291 2427 1584 2486 παρασκήνια
1611 2421 1904 2484 ἡόρχήστρα·
1935 2421 2056 2482 αὕτη

513 2497 565 2543 δὲ
596 2497 718 2542 ἔστιν
749 2495 773 2541 ὁ
804 2493 949 2550 τόπος
978 2497 1003 2543 ὁ
1038 2496 1095 2542 ἐκ
1125 2500 1387 2543 σανίδων
1418 2497 1566 2554 ἔχων
1594 2496 1658 2541 τό
1690 2496 1928 2552 ἔδαφος,
1969 2493 2054 2551 ἐφ’

507 2562 566 2613 οὗ
609 2570 932 2626 θεατρίζουσιν
976 2569 1020 2613 οἱ
1059 2573 1206 2625 μῖμοι.
1252 2568 1345 2613 ἔστι
1385 2567 1527 2626 μετὰ
1568 2566 1676 2624 τὴν
1718 2565 2053 2626 ὀρχήστραν

506 2638 659 2697 βωμὸς
686 2641 772 2684 τοῦ
802 2636 1059 2694 Διονύσου,
1100 2636 1151 2691 ὃς
1182 2644 1386 2684 καλεῖται
1430 2637 1609 2694 θυμέλη
1649 2636 1778 2695 παρὰ
1814 2635 1865 2681 τὰ
1895 2633 2051 2682 θύειν.
2086 2646 2097 2656 ‘

505 2708 621 2765 μετοῖ·
637 2708 686 2753 δὲ
702 2709 786 2766 τὴν
799 2711 1007 2767 θυμέλην
1024 2708 1053 2766 ἦ
1082 2714 1315 2773 κονίστραν,
1340 2709 1551 2755 τουτέστι
1570 2726 1596 2753 τ
1610 2708 1632 2752 ὁ
1656 2708 1810 2753 κάτω
1836 2706 2054 2762 ἔδαφος

505 2781 592 2824 τοῦ
620 2778 842 2838 θεάτρου.
902 2782 1191 2826 orchestram
1220 2796 1307 2824 non
1335 2781 1494 2834 minus,
1525 2794 1660 2836 quam
1688 2793 1870 2822 scenam
1889 2780 2050 2835 ipsam,

503 2851 751 2894 actionibus
780 2853 1047 2895 histrionum
1073 2853 1336 2896 destinatam
1363 2852 1503 2894 fuisse
1530 2851 1714 2894 fabulae
1742 2851 1869 2906 ipsae
1891 2854 2051 2905 poeta-

503 2935 603 2963 rum
633 2923 880 2965 ostendunt.
938 2923 1047 2965 Post
1083 2925 1360 2966 orchestram
1389 2924 1592 2974 demum,
1630 2936 1717 2964 non
1753 2921 1799 2963 in
1836 2921 1935 2976 ipsa
1974 2934 2048 2962 or-

502 2992 704 3048 chestra,
745 2994 898 3035 locum
925 2992 1066 3035 fuisse
1094 3006 1226 3047 arae,
1257 3007 1370 3048 quae
1398 2989 1577 3048 θυμέλη
1607 2992 1878 3043 vocabatur,
1918 2990 2049 3033 docet

503 3062 679 3104 Suidas.
738 3063 824 3105 Per
853 3066 1000 3106 scalas
1027 3064 1168 3120 igitur
1198 3063 1256 3106 ad
1285 3065 1562 3107 orchestram
1590 3076 1679 3104 non
1706 3061 1880 3114 minus,
1909 3073 2046 3116 quam

502 3131 561 3172 ad
589 3145 783 3186 scenam,
815 3134 1172 3176 adscendendum
1200 3134 1299 3179 fuit.

389 3199 465 3256 ἶβις)
495 3199 743 3256 στέμμασιν
780 3199 1000 3255 ἐνδυτόν,
1042 3201 1164 3259 ἀμφὶ
1206 3204 1258 3249 δὲ
1287 3201 1512 3262 Γοργόνες
1549 3204 1604 3245 de
1640 3201 1856 3244 umbilico
1896 3204 2044 3244 terrae

499 3270 667 3314 dictum
698 3272 990 3316 confirmatur
1029 3275 1181 3318 verbis
1210 3275 1443 3319 Strabonis
1478 3289 1521 3330 p.
1551 3272 1662 3325 289,
1688 3270 1769 3315 22:
1809 3271 2045 3316 δείκνυται

499 3339 551 3385 δὲ
579 3341 658 3385 καὶ
687 3338 897 3399 ὀμφαλός
924 3360 994 3395 τις
1022 3343 1071 3388 ἐν
1101 3346 1165 3404 τῷ
1194 3347 1291 3406 ναῷ
1315 3340 1678 3400 τεταινιωμένος,
1708 3342 1787 3388 καὶ
1815 3337 1890 3388 ἐπ’·
1915 3340 2042 3399 αὐτῷ

502 3411 553 3476 αὶ
580 3411 669 3458 δύο
702 3413 877 3467 εἰκόνες
905 3415 991 3460 τοῦ
1018 3413 1190 3472 μύθου.
