2144 3854
881 243 960 299 23

83 394 230 457 caput
261 392 625 456 reportaturum
660 402 773 437 esse
805 386 1084 452 pollicetur.
1149 387 1288 440 Pelle
1322 392 1452 443 enim
1485 392 1652 458 lupina
1683 395 1759 447 in·

83 470 231 522 dutus
276 475 523 536 caputque
569 467 749 534 capiti,
794 468 952 533 pedes
999 484 1271 534 manusque
1312 472 1526 537 pedibus
1569 477 1759 539 aptam,

82 550 481 618 quadrupedem,
526 550 608 600 ubi
654 548 717 597 ad
760 548 947 597 fossam
992 565 1240 614 navesque
1288 553 1596 616 pervenerit,
1650 555 1759 605 imi-

83 637 276 682 taturus
323 636 428 691 est,
478 630 530 679 in
577 629 804 678 solitariis
853 633 1017 678 autem
1064 629 1213 691 locist,
1269 646 1334 680 ne
1380 639 1603 684 moretur
1648 634 1762 697 iter,

81 712 226 779 bipes
259 713 584 777 ingressurus.
652 709 998 759 Humilitatem
1043 710 1257 760 hominis
1292 713 1483 775 arguit,
1535 715 1668 780 quod
1699 715 1762 765 ad

82 791 182 842 tale
229 790 627 840 dissimulationis
678 806 834 855 genus
885 790 1193 840 descendere
1240 793 1474 853 sustinet,
1530 795 1620 843 sed
1665 783 1763 846 non

82 872 417 938 stupiditatem
451 886 615 934 neque
648 871 898 935 ineptiam.
967 870 1151 921 Fertur
1183 876 1347 920 autem
1395 873 1524 922 inter
1565 879 1762 924 nostros

82 967 278 1017 quoque
317 950 485 1001 fabula
535 950 772 1016 oppidum
818 949 1066 1013 quoddam
1110 952 1239 1001 bene
1284 952 1553 1014 munitum,
1610 969 1762 1016 quum

79 1033 176 1082 iam
209 1032 261 1082 in
294 1046 354 1081 eo
389 1035 539 1090 esset,
573 1035 631 1080 ut
663 1031 888 1080 hostibus
922 1031 1220 1094 traderetur,
1255 1031 1483 1096 ignobilis
1508 1032 1762 1082 cuiusdam

78 1111 292 1163 hominis
335 1110 484 1160 simili
530 1111 738 1172 astutia,
791 1111 924 1175 quod
961 1112 1097 1177 capri
1129 1111 1311 1177 pellem
1346 1113 1655 1177 formamque
1687 1113 1762 1164 in-

77 1192 299 1254 duisset,
348 1197 598 1241 servatum
633 1208 761 1242 esse.
829 1191 1057 1242 Eundem
1093 1191 1261 1242 dolum
1295 1192 1517 1243 feliciter
1550 1194 1765 1244 cessisse

75 1272 268 1323 ludaeis
304 1288 415 1322 cum
450 1267 756 1339 Vespasiano
789 1273 974 1324 bellum
1007 1273 1292 1338 gerentibus
1342 1274 1613 1324 memoriae
1656 1278 1765 1323 tra-

75 1352 205 1404 didit
228 1352 468 1419 Iosephus
489 1353 570 1415 111,
601 1356 681 1403 13.
721 1353 798 1405 Cf.
824 1354 994 1406 Vater.
1010 1356 1191 1420 p.120.
1224 1354 1477 1420 Musgrav.
1505 1356 1567 1404 ad
1585 1370 1631 1403 v.
1647 1356 1762 1403 208.

75 1433 145 1484 Et
175 1433 336 1483 Dolon
366 1435 476 1499 ipse
508 1451 607 1486 non
640 1452 700 1484 eo
735 1436 873 1498 loco,
915 1452 1013 1500 quo
1048 1450 1228 1484 usurus
1264 1440 1372 1484 erat
1404 1435 1502 1485 hoc
1535 1435 1763 1496 artificio,

77 1514 168 1563 sed
200 1518 459 1579 antequam
495 1518 751 1576 uteretur,
805 1522 978 1582 captus
1013 1521 1106 1565 est.
1173 1515 1342 1564 Facile
1374 1516 1626 1580 ingenium
1658 1516 1763 1565 Eu-

74 1594 278 1659 ripidis‚
313 1610 410 1658 quo
443 1595 494 1644 in
526 1595 785 1653 fraudibus
821 1596 1160 1662 excogitandis
1194 1612 1340 1644 nemo
1375 1596 1628 1644 sollertior
1655 1594 1764 1655 fuit,

78 1674 226 1723 etiam
249 1691 311 1724 ex
336 1674 485 1724 huius
521 1674 623 1723 doli
656 1677 878 1726 novitate
911 1677 1239 1740 cognoscitur.
1292 1676 1528 1725 Profecto
1558 1674 1765 1734 Dolone,

78 1753 291 1816 chorus,
339 1759 395 1804 ut
442 1755 615 1819 decet,
667 1756 845 1806 faustis
888 1757 1260 1821 precationibus
1295 1755 1620 1820 laudibusque
1654 1755 1764 1815 viri,

77 1834 163 1898 qui
195 1834 331 1884 solus
365 1849 455 1899 pro
490 1836 651 1898 patria
684 1837 734 1886 in
768 1842 995 1900 tempore
1039 1837 1321 1886 necessario
1366 1836 1585 1885 laborem
1630 1836 1762 1900 peri-

74 1914 337 1978 culumque
372 1915 673 1978 susceperit,
711 1916 1052 1964 strenuitatem
1085 1916 1428 1980 prosequitur,
1463 1914 1763 1980 Apollinem,

74 1994 157 2057 qui
201 1991 404 2043 Troiam
444 1995 681 2056 munivit,
731 2012 976 2060 precanS,
1023 2001 1080 2045 ut
1126 2012 1294 2046 comes
1345 2001 1396 2044 et
1439 1996 1605 2045 socius
1652 2011 1765 2044 esse

73 2073 248 2123 Doloni
295 2075 414 2124 velit
459 2091 583 2124 neve
625 2075 876 2141 praemio,
925 2077 1060 2142 quod
1095 2076 1313 2142 expetit,
1359 2092 1473 2126 eum
1509 2075 1763 2126 destituat.

71 2153 297 2219 Denique
341 2154 582 2219 laetatur,
635 2155 768 2221 quod
815 2157 948 2206 inter
991 2156 1215 2222 Phryges
1262 2157 1490 2205 inventus
1526 2157 1623 2218 sit,
1678 2156 1765 2220 qui

72 2233 293 2301 ignaviae
328 2235 668 2301 opprobrium,
705 2253 802 2300 quo
827 2238 1081 2301 Phrygum
1107 2237 1470 2301 Mysorumque
1503 2252 1625 2298 gens
1648 2252 1762 2301 pre-

73 2319 262 2375 matur,
311 2332 368 2364 re
418 2321 470 2365 et
518 2316 664 2364 factis
711 2317 985 2380 propulset.
1055 2317 1243 2366 Tenuit
1284 2322 1447 2365 autem
1492 2315 1764 2380 Euripides

73 2413 164 2460 per
199 2411 393 2444 omnem
430 2399 644 2444 aetatem
682 2395 1120 2457 consuetudinem,
1156 2387 1255 2444 non
1287 2396 1517 2445 homines
1551 2401 1762 2459 tantum,

75 2475 165 2524 sed
198 2475 410 2539 populos
446 2491 642 2539 quoque
675 2476 834 2535 tales,
871 2477 1041 2540 quales
1076 2477 1231 2540 ipsius
1266 2477 1572 2541 temporibus
1606 2481 1763 2538 erant,

74 2555 477 2619 repraesentandi
522 2562 574 2603 et
620 2557 940 2605 barbarorum
986 2557 1285 2605 Asianorum
1330 2571 1496 2605 mores
1532 2555 1762 2606 Troianis

73 2632 337 2684 tribuendi.
417 2633 651 2684 Ceterum
701 2652 1023 2700 quaecunque
1070 2638 1234 2684 insunt
1279 2637 1398 2685 huic
1447 2637 1607 2694 actui,
1664 2651 1762 2699 quo

75 2714 278 2764 Dolonis
327 2718 531 2764 conatus
579 2717 871 2781 exponitur,
925 2715 1087 2764 omnia
1136 2716 1199 2763 ad
1242 2715 1463 2779 priorem
1497 2715 1760 2778 actionem,

74 2811 202 2861 quae
252 2795 558 2844 scenicorum
611 2797 788 2845 iniuria
834 2796 997 2845 recisa
1043 2800 1152 2853 est,
1213 2795 1468 2860 respicere
1512 2795 1760 2844 videntur.

75 2875 246 2926 Dolosi
278 2875 411 2924 enim
447 2876 771 2942 eiusdemque
803 2877 964 2925 timidi
995 2875 1237 2939 hominiS,
1271 2875 1474 2925 humilis
1510 2875 1760 2924 eiusdem-

75 2973 172 3022 que
217 2956 471 3006 insolentis
518 2957 744 3022 imagini,
792 2973 888 3020 quo
933 2957 1087 3021 magis
1122 2956 1455 3017 elucesceret,
1503 2956 1761 3021 oppositae

73 3038 275 3088 fuerunt
294 3052 536 3102 personae
563 3036 818 3087 Diomedis
843 3037 1159 3101 Ulyssisque‚
1194 3037 1522 3086 animosorum
1550 3036 1762 3102 perinde

75 3123 225 3182 atque
256 3122 511 3167 cautorum
549 3117 957 3187 callidorumque,
989 3118 1176 3167 virtute
1210 3122 1260 3165 et
1292 3122 1463 3167 mutuo
1499 3116 1678 3165 auxilio
1709 3120 1761 3165 et

73 3197 323 3263 praesenti
355 3197 518 3248 animo
553 3200 764 3261 rectius,
811 3215 957 3263 quam
991 3199 1188 3248 invento
1224 3198 1445 3257 sordido,
1479 3197 1758 3248 fidentium.

72 3275 204 3328 Tum
250 3278 455 3344 praemii
501 3279 666 3343 pactio
712 3278 1096 3329 insolentissima
1146 3279 1484 3345 componenda
1518 3277 1613 3326 fuit
1646 3292 1758 3326 cum

75 3356 373 3408 abstinentia
404 3359 661 3410 hominum
696 3360 801 3409 solo
834 3359 1024 3425 patriae
1057 3375 1226 3409 amore
1259 3364 1312 3409 et
1344 3358 1574 3426 generosi
1611 3355 1759 3406 animi

80 3435 299 3502 impetu,
344 3443 401 3489 ut
443 3441 604 3490 solent
645 3456 888 3505 personae
921 3439 1246 3505 Euripidae,
1294 3441 1357 3489 ad
1390 3434 1756 3501 suscipiendum
