2144 3854
933 289 1055 346 287

160 445 405 492 nestatem
449 438 725 489 libidinibus
771 433 1198 502 postponentium,
1243 438 1298 484 et
1343 431 1536 483 fabulae
1579 432 1745 499 plures
1775 434 1825 483 in

160 520 501 588 praedicandis
537 518 911 569 Atheniensium
939 514 1182 574 laudibus,
1215 513 1460 577 arguenda
1483 513 1700 563 hostium
1729 514 1823 563 im·-

162 601 408 666 probitate
441 605 587 663 atque
619 597 893 663 arrogantia
926 594 1142 659 positae,
1194 598 1245 642 et
1287 594 1471 643 multae
1505 595 1687 658 passim
1722 603 1825 644 tum

160 696 307 730 voces
341 679 519 729 studiis
554 679 725 727 civium
759 679 1064 741 opportunae
1098 679 1204 722 tum
1237 689 1318 721 res
1351 679 1627 738 temporum
1657 690 1828 724 caussa

161 760 375 808 effictae.
458 759 512 806 In
548 759 624 806 his
659 757 855 820 quidam
890 753 1214 803 adulationem
1249 753 1412 801 inesse
1444 754 1622 803 iniuria
1657 754 1830 803 crimi-

160 840 259 888 nati
290 844 428 889 sunt:
463 838 590 901 fugit
622 836 752 884 enim
787 850 873 883 eos
907 834 1056 883 etiam
1092 833 1354 895 castigatos
1396 849 1544 897 saepe
1569 835 1627 883 ab
1652 835 1828 884 eodem

160 922 311 981 poeta
355 919 489 967 cives
554 919 606 964 et
652 920 962 980 peccatorum
1010 912 1336 975 vitiorumque
1382 913 1654 961 admonitos
1699 930 1828 963 esse.

160 996 446 1062 Principum
491 995 796 1060 quorundam
832 992 1038 1041 civitatis
1072 992 1287 1040 virorum
1319 992 1533 1041 amicitia
1565 1009 1682 1041 usus
1719 1010 1832 1042 esse

160 1077 373 1137 videtur,
409 1076 650 1140 imprimis
687 1073 889 1122 Periclis
925 1078 1072 1136 atque
1106 1072 1388 1121 Alcibiadis.
1456 1072 1529 1120 De
1547 1073 1689 1121 huius
1710 1074 1830 1121 ami-

160 1157 275 1205 citia
308 1157 569 1220 postmodo
604 1153 878 1218 exponendi
929 1153 1025 1201 erit
1066 1151 1291 1202 facultas,
1359 1151 1578 1201 Pericles
1612 1168 1707 1201 non
1740 1168 1832 1218 po—

156 1236 256 1286 tuit
299 1235 548 1300 negligere
591 1234 752 1283 virum
798 1232 1016 1282 moribus
1063 1232 1356 1296 ingenioque
1406 1232 1501 1280 sibi
1533 1231 1833 1281 simillimum

159 1320 212 1365 et
244 1315 328 1379 qui
360 1313 527 1379 paullo
561 1320 704 1379 post,
749 1329 896 1377 quam
944 1313 1053 1377 ipse
1099 1311 1452 1376 rempublicam
1486 1312 1834 1377 capessiverat‚

160 1394 356 1446 fabulas
391 1394 575 1443 docere
609 1394 876 1457 coepisset.
946 1393 1013 1441 Et
1059 1391 1406 1450 consiliorum,
1455 1407 1580 1455 quae
1626 1392 1690 1440 ad
1735 1392 1835 1442 rei-

161 1475 387 1540 publicae
421 1474 893 1523 administrationem
926 1473 1249 1537 pertinerent,
1284 1473 1519 1520 societate
1549 1471 1837 1538 Euripidem

161 1570 275 1604 cum
322 1554 517 1604 Pericle
581 1554 895 1602 coniunctum
941 1552 1100 1600 fuisse
1155 1551 1471 1599 manifestum
1534 1555 1627 1600 est.
1711 1552 1838 1602 Nam

163 1634 399 1699 quidquid
432 1635 517 1682 ille
550 1635 602 1682 in
635 1633 887 1697 tragoedia
930 1631 1150 1692 novavit,
1196 1631 1432 1696 quidquid
1474 1632 1645 1681 docuit
1687 1633 1838 1695 cives,

163 1714 398 1778 quidquid
435 1714 587 1762 voluit
620 1718 764 1776 atque
799 1718 999 1762 secutus
1034 1718 1139 1772 est,
1186 1711 1247 1759 ad
1289 1700 1614 1761 erudiendum
1664 1712 1839 1776 vulgus

163 1799 218 1843 et
263 1795 314 1842 in
359 1810 471 1842 eum
516 1794 719 1859 gradum
767 1793 1019 1841 doctrinae
1062 1791 1394 1853 evehendum,
1445 1784 1591 1856 quem
1637 1793 1685 1840 in
1745 1792 1839 1840 ad-

165 1874 483 1922 ministranda
535 1873 786 1938 republica
836 1873 1008 1936 plebes
1053 1880 1405 1937 occupaverat,
1465 1873 1527 1921 ad
1589 1873 1841 1922 efferenda

165 1953 571 2017 philosophorum
609 1958 815 2011 secreta,
851 1954 913 2001 ad
948 1953 1156 2014 cogitata
1188 1953 1444 2000 doctorum
1483 1969 1591 2001 cum
1626 1952 1841 2001 humilli-

163 2034 258 2081 mis
293 2033 695 2080 communicanda
729 2032 962 2096 pertinet.
1032 2031 1226 2081 Primus
1278 2031 1362 2079 ille
1407 2033 1644 2096 templum
1680 2033 1842 2096 philo-

167 2112 375 2176 sophiae
409 2111 711 2160 multitudini
748 2110 1006 2175 patefecit,
1041 2111 1228 2175 primus
1264 2111 1538 2159 doctrinam
1575 2128 1635 2161 ex
1670 2113 1843 2161 umbra

165 2192 219 2240 in
253 2191 410 2240 solem
444 2197 496 2240 et
529 2191 813 2257 pulverem,
861 2191 1049 2256 primus
1084 2207 1146 2239 ex
1180 2190 1377 2239 circulis
1414 2191 1760 2255 disputantium
1794 2193 1843 2241 in

166 2271 492 2336 frequentiam
525 2273 833 2319 theatrorum
866 2271 1086 2335 protulit.
1166 2270 1222 2320 Id
1256 2276 1422 2320 autem.
1459 2287 1575 2320 vere
1607 2273 1845 2336 populare

168 2356 262 2400 est.
333 2350 465 2412 Quid
498 2349 716 2399 futurum
751 2350 947 2410 fuisset,
983 2351 1025 2399 si
1061 2351 1219 2399 nullas
1250 2351 1513 2415 Euripides
1539 2351 1730 2401 fabulas
1754 2353 1843 2401 do-

170 2429 379 2488 cuisset,
413 2430 521 2492 quis
556 2434 725 2494 potest
758 2430 963 2478 dicere?
1030 2428 1217 2478 Verum
1252 2432 1514 2479 maximam
1543 2431 1719 2481 horum
1739 2448 1845 2482 car-

169 2509 355 2557 minum
389 2509 484 2556 vim
518 2509 677 2556 fuisse
713 2514 763 2556 et
794 2524 876 2556 res
911 2510 1131 2558 ostendit
1164 2515 1215 2557 et
1235 2511 1593 2574 Aristophanes
1619 2515 1844 2560 testatur.

171 2586 284 2636 Non
318 2587 496 2636 effecit
530 2603 688 2652 neque
721 2589 856 2636 auxit
889 2588 1138 2651 popularis
1183 2590 1376 2653 imperii
1407 2590 1653 2638 licentiam
1689 2606 1855 2655 neque·

172 2667 439 2732 Euripides
476 2683 634 2731 neque
668 2667 916 2727 Pericles,
954 2662 1045 2715 sed
1075 2673 1237 2716 natam
1272 2669 1432 2733 plebis
1468 2671 1736 2734 potentiam
1772 2670 1849 2718 di-

170 2746 352 2812 rigere,
389 2746 694 2806 confirmare,
730 2746 996 2811 perpolire‚
1031 2747 1334 2807 inhonesta,
1369 2749 1554 2813 pulcra,
1588 2754 1744 2809 recta,
1770 2765 1849 2798 sa-

169 2826 346 2875 lutaria
371 2831 659 2875 convertere
681 2826 871 2876 studuit
896 2830 1124 2890 uterque.
1159 2829 1381 2893 Apparet
1410 2834 1576 2878 autem
1601 2845 1662 2878 ex
1682 2845 1849 2878 rerum

169 2911 422 2971 gestarum
457 2907 588 2955 serie
623 2907 882 2963 continua,
931 2911 1113 2970 quanto
1159 2909 1314 2972 magis
1361 2909 1628 2958 multitudo
1675 2909 1850 2958 erudi-

171 2985 348 3046 tionis,
393 2990 529 3035 tanto
581 2987 736 3050 magis
787 2986 993 3035 eandem
1028 2986 1150 3036 iuris
1184 2987 1528 3052 libertatisque
1556 2990 1850 3053 participem

171 3062 355 3113 factam
391 3081 518 3114 esse.
586 3065 859 3130 Utriusque
893 3068 1021 3116 enim
1057 3067 1130 3116 rei
1163 3068 1465 3118 incrementa
1498 3068 1631 3117 inter
1655 3083 1710 3117 se
1734 3083 1850 3117 con-

172 3141 338 3193 iuncta
380 3143 579 3194 fuerunt
626 3151 774 3210 atque
828 3162 889 3194 ex
934 3162 989 3195 se
1021 3146 1226 3197 invicem
1259 3149 1615 3214 pependerunt.
1681 3147 1852 3211 Itaque

175 3238 274 3286 quo
315 3227 539 3289 tempore
589 3230 725 3274 certa
769 3226 1053 3275 liberiorum
1103 3242 1269 3277 rerum
1324 3228 1631 3293 publicarum
1674 3228 1852 3277 funda-

177 3306 342 3351 menta
376 3304 650 3353 scribendis
684 3305 877 3370 legibus
915 3307 1343 3372 temperandisque
1375 3308 1563 3356 iuribus
1599 3307 1713 3370 poni
1737 3322 1852 3356 coe-

176 3386 383 3444 perunt,
429 3384 604 3432 eodem
647 3388 872 3448 tempore
915 3385 985 3432 illi
1035 3391 1226 3452 septem
1274 3387 1524 3452 sapientes
1556 3387 1850 3446 floruerunt,

175 3459 260 3521 qui
293 3459 388 3510 hoc
421 3463 619 3512 nomine
652 3463 863 3527 praediti
897 3469 1012 3515 sunt
1048 3481 1144 3516 non
1176 3466 1308 3528 ideo,
1344 3466 1476 3531 quod
1509 3471 1708 3532 praeter
1742 3481 1850 3515 cae-
