2144 3854
1207 286 1286 340 18

537 431 737 482 Tertius
795 428 938 477 testis
996 429 1193 479 concilii
1251 431 1313 480 ad
1358 431 1657 494 praetorium
1706 433 2080 499 Agamemnonis

408 513 658 563 convocati
686 509 951 573 Euripides
989 509 1097 573 ipse
1130 511 1322 572 prodit,
1358 511 1420 559 ad
1453 511 1668 576 priorem
1704 514 1936 564 dramatis
1969 533 2081 582 par-

406 601 522 652 tem,
552 606 679 655 quae
698 589 864 655 periit,
891 589 1179 654 respiciens,
1217 591 1332 639 dum
1355 590 1562 641 chorum
1587 591 1704 641 facit
1726 593 1849 643 haec
1875 595 2083 645 Hectori

406 672 735 721 nuntiantem:

734 753 836 808 πᾶς
872 747 919 798 δ’
955 748 1374 814 Ἀγαμεμνονίαν
1409 749 1641 818 προςέβοε
1675 750 1898 817 στρατὸς

734 827 975 895 ἐννύχιος
1008 828 1233 897 θορύβῳ
1268 830 1490 897 σκηνάν,

734 907 863 960 νέαν
896 912 994 959 τιν’
1031 908 1298 975 ἐφιέμενοι
1332 910 1499 975 βάξιν.

535 991 822 1041 Gravissimi
854 1007 970 1039 vero
1005 992 1241 1041 momenti
1264 998 1603 1058 argumentum
1629 1009 1691 1042 ex
1715 994 1821 1058 ipsa
1849 992 2082 1044 dramatis

404 1075 576 1120 natura
621 1071 863 1135 gignitur:
909 1072 1094 1136 quippe
1139 1089 1282 1133 cum,
1332 1074 1702 1137 quibuscunque
1747 1074 1842 1122 hoc
1886 1090 2083 1123 carmen

403 1151 531 1199 vitiis
583 1151 806 1200 laborare
851 1157 1080 1216 putatur,
1127 1169 1447 1218 quaecunque
1493 1153 1696 1200 crimina
1739 1153 1918 1202 merito
1950 1154 2085 1202 illata

403 1236 533 1290 sunt,
569 1230 766 1279 dissolvi
802 1232 1011 1296 possint,
1047 1233 1090 1280 si
1123 1232 1380 1298 prologum
1419 1233 1524 1280 eius
1553 1233 1763 1296 generis,
1801 1234 1938 1282 cuius
1965 1232 2084 1291 dixi,

403 1311 727 1375 praemissum
762 1311 921 1361 fuisse
958 1318 1245 1361 statuamus.
1302 1312 1442 1360 Haec
1468 1313 1692 1360 lustratis
1717 1314 1942 1362 omnibus,
1969 1314 2082 1361 dra-

402 1390 548 1438 matis
594 1392 814 1455 partibus
863 1393 1061 1441 facilius
1103 1393 1464 1457 intelligentur:
1515 1392 1605 1441 sed
1641 1392 1738 1441 hoc
1771 1394 1938 1442 statim
1973 1393 2084 1441 loco

402 1476 608 1535 apparet
650 1487 746 1520 non
782 1472 970 1520 duabus
1006 1488 1068 1521 ex
1102 1472 1376 1521 actionibus
1409 1472 1628 1521 fabulam
1661 1472 1790 1521 male
1825 1488 2083 1537 coagmen—

403 1551 555 1597 tatam
591 1565 717 1599 esse.
787 1551 961 1615 Neque
1008 1551 1138 1600 enim
1185 1555 1270 1600 aut
1314 1553 1362 1599 in
1397 1551 1599 1599 Dolonis
1635 1552 1972 1616 speculatione
2001 1556 2086 1601 aut

402 1628 451 1676 in
478 1627 635 1681 Rhesi
671 1631 824 1680 caede
860 1646 1106 1679 summum
1134 1636 1434 1678 momentum
1459 1632 1675 1694 ponitur,
1712 1633 1802 1680 sed
1827 1632 1879 1679 in
1904 1629 2087 1679 Graeci

401 1711 650 1762 exercitus
710 1710 905 1759 fortuna
959 1711 1167 1758 duorum
1213 1711 1430 1758 virorum
1487 1710 1672 1759 virtute
1720 1726 1777 1759 ac
1824 1710 2087 1774 prudentia

403 1791 568 1842 subito
603 1796 808 1841 mutata.
876 1791 1143 1854 Stuporem
1179 1789 1278 1837 hoc
1310 1789 1440 1837 dicto
1474 1789 1611 1838 iniici
1646 1791 1747 1839 acio
1781 1790 1870 1851 iis,
1905 1790 1989 1855 qui
2021 1787 2084 1838 ad

405 1871 620 1936 singulos
666 1871 924 1928 homines,
984 1886 1127 1933 quam
1183 1870 1431 1934 appellant
1476 1884 1738 1934 personam
1784 1870 2083 1934 primariam,

406 1966 577 2001 omnes
611 1951 823 1999 omnium
861 1949 1134 1998 dramatum
1169 1957 1336 2014 partes
1372 1950 1594 1998 revocari
1628 1950 1814 1998 debere
1841 1948 2083 1999 arbitran-

405 2038 503 2084 tur.
570 2031 790 2093 Quorum
825 2046 1042 2078 errorem
1078 2030 1173 2077 alio
1209 2030 1317 2078 loco
1351 2045 1558 2093 arguere
1594 2029 1852 2079 constitui:
1886 2028 2085 2078 interim

408 2127 494 2162 eos
526 2115 758 2176 reputare
793 2110 966 2170 iubeo,
1003 2110 1288 2174 quibusnam
1324 2114 1546 2158 veterum
1581 2110 1659 2158 vel
1693 2109 1974 2174 praeceptis
2006 2109 2086 2158 vel

408 2191 648 2255 exemplis
674 2190 807 2239 docti
832 2192 977 2239 istam
1001 2190 1279 2255 opinionem
1304 2188 1637 2253 conceperint.
1671 2189 1904 2238 Afflictae
1927 2188 2104 2238 Grae*

409 2287 578 2321 corum
611 2287 694 2319 res
730 2276 781 2319 et
814 2272 1080 2319 discrimen
1115 2270 1361 2318 exercitus
1396 2270 1618 2318 oratione
1650 2269 1975 2331 imperatoris*
2012 2268 2085 2317 sic

409 2351 685 2401 declaratae
733 2357 899 2409 erant,
948 2355 1004 2398 ut
1049 2366 1222 2413 magna
1267 2347 1626 2410 sollicitudine,
1671 2363 1846 2412 magna
1894 2348 2085 2396 miseri-

410 2429 578 2481 cordia
627 2429 774 2477 animi
818 2430 1137 2477 afficerentur
1185 2433 1235 2475 et
1279 2443 1518 2492 prospere
1563 2427 1743 2475 cedere
1776 2428 2085 2477 duumvirum

411 2513 638 2559 conatum
671 2508 994 2557 vehementer
1029 2512 1282 2571 cuperent.
1332 2507 1444 2556 Non
1478 2508 1633 2556 caruit
1666 2508 1818 2572 igitur
1848 2507 1974 2556 haec
2007 2507 2084 2556 fa-

409 2589 525 2638 bula
556 2589 615 2636 iis
649 2587 942 2647 virtutibus,
993 2588 1169 2650 quibus
1217 2602 1323 2634 eam
1372 2603 1539 2634 carere
1583 2602 1679 2635 non
1726 2589 1912 2636 debere
1946 2593 2086 2637 recte

410 2669 538 2718 dixit
569 2666 808 2725 Beckius,
842 2666 983 2714 hisce
1019 2671 1158 2714 utens
1192 2666 1384 2714 verbis:
1419 2664 1608 2725 „Modo
1641 2672 1977 2730 argumentum
2010 2667 2084 2714 fa-

410 2748 556 2798 bulae
589 2746 830 2794 eiusmodi
864 2747 957 2807 sit,
1004 2751 1060 2794 ut
1106 2746 1291 2810 capiat,
1341 2745 1589 2804 detineat,
1636 2745 1852 2794 delectet
1883 2751 2085 2811 specta-

412 2831 575 2875 torum
609 2831 831 2886 menteS,
877 2831 931 2874 et
974 2832 1031 2874 ut
1075 2825 1173 2874 vim
1218 2825 1398 2872 habeat
1443 2824 1493 2871 in
1538 2841 1708 2873 eorum
1743 2825 1932 2873 animos
1964 2825 2083 2874 hos-

414 2921 511 2970 que
545 2921 655 2952 cum
701 2906 764 2953 ad
813 2905 1202 2954 misericordiam
1242 2909 1346 2952 tum
1392 2904 1455 2952 ad,
1498 2903 1691 2953 virtutis
1725 2920 1966 2964 amorem,
2011 2907 2082 2954 vi-

412 2985 593 3033 tiorum
627 2983 792 3032 odium
838 2984 1067 3033 adducat.
1135 2971 1286 3049 Igitur
1327 2983 1465 3032 initio
1509 2983 1766 3032 excitanda
1810 2989 1888 3034 est
1927 2985 1977 3033 in
2021 2985 2081 3034 iis

416 3063 660 3128 cupiditas
710 3069 762 3111 et
806 3063 947 3127 quasi
999 3065 1147 3113 ardor
1204 3062 1356 3112 totius
1413 3064 1488 3111 rei
1546 3063 1944 3129 cognoscendae,
2003 3066 2084 3129 qui

416 3142 601 3192 sensim
647 3141 825 3197 debet,
876 3143 1180 3208 procedente
1225 3142 1417 3203 fabula,
1474 3142 1775 3207 aliquantum
1827 3143 2082 3210 restingui,

417 3222 510 3272 sed
539 3222 725 3281 satiari,
758 3223 843 3271 ubi
875 3223 1041 3287 fabula
1072 3221 1288 3272 finitur.''
1354 3221 1529 3285 Neque
1568 3222 1794 3288 migravit
1823 3223 1912 3271 has
1943 3222 2082 3287 leges

417 3300 704 3366 EuripideS,
737 3302 826 3350 sed
853 3303 1066 3352 servavit
1085 3303 1287 3367 optime.
1332 3302 1410 3351 An
1438 3303 1602 3368 magni
1623 3302 1889 3363 exercitus,
1921 3303 2084 3367 magni

417 3381 759 3445 imperatoris,
791 3398 1078 3448 magnorum
1108 3383 1288 3432 ducum
1321 3386 1597 3430 extremum
1628 3381 1894 3432 discrimen
1923 3383 2082 3431 minus

421 3475 565 3523 quam
597 3461 899 3525 singulorum
932 3461 1182 3511 hominnm
1215 3460 1341 3510 mala
1374 3464 1519 3524 atque
1551 3461 1767 3526 pericula
1800 3461 1863 3511 ad
1882 3475 2080 3511 moven-
