2144 3854
898 252 1018 312 251

115 409 359 455 moestum
394 403 583 466 voleuS,
618 419 714 454 non
749 416 862 452 esse
893 401 1031 451 illum
1066 417 1095 450 a
1120 400 1309 467 Polybo
1336 409 1647 468 procreatum
1677 421 1795 471 ape-

115 486 184 536 rit
206 484 276 550 *).
345 483 475 535 Tum
508 500 626 533 vero
671 483 922 549 OedipuS,
968 481 1397 547 splendidissimos
1442 486 1630 535 natales
1677 503 1794 536 suos

115 565 274 615 fuisse
305 571 391 614 aut
421 565 567 614 etiam
603 564 766 612 divina
799 563 956 628 stirpe
1006 577 1063 611 se
1107 563 1365 613 oriundum
1409 581 1523 615 esse
1572 583 1794 631 sperans,

118 652 171 696 et
204 647 342 708 fore,
389 651 443 694 ut
478 645 681 709 cognitis
714 643 1003 710 parentibus
1037 650 1247 707 repente
1280 645 1328 693 in
1361 644 1655 697 altissimum
1689 649 1797 714 glo·

117 727 223 776 riae
253 725 557 789 honorisque
589 724 839 788 fastigium
875 723 1113 772 evehatur
1146 750 1210 758 —

250 803 309 857 ἐκ
340 805 450 856 τῶν
481 801 720 855 ἀέλπτων
751 802 787 870 ἦ
819 801 968 869 χάρις
1001 801 1192 870 μείζων
1225 802 1438 869 βροτοῖς

252 889 497 952 φανεῖσα,
531 886 731 950 μᾶλλον
763 881 797 951 ἢ
831 883 891 935 τὸ
925 883 1366 950 προςὸοκώμενον
1402 913 1464 922 —-

119 983 215 1018 nou
248 969 506 1033 quiescere
540 966 826 1028 constituit,
875 966 1034 1016 donec
1067 983 1193 1032 quae
1226 966 1382 1016 latent
1415 966 1667 1032 patefacta
1701 971 1801 1020 sint

119 1065 344 1114 quaeque
405 1049 599 1114 ignorat
652 1048 967 1113 compererit.
1055 1047 1303 1097 Intellexit
1352 1047 1551 1097 iuterim
1608 1048 1802 1100 Iocaste

118 1136 346 1196 tempus,
381 1145 480 1195 quov
509 1128 734 1194 Oedipus
781 1145 809 1177 a
842 1129 1085 1178 Periboea
1119 1127 1338 1178 sublatus
1389 1128 1485 1184 sit,
1533 1144 1803 1192 congruere

121 1225 233 1259 cum
268 1227 329 1259 eo
362 1216 613 1275 tempore,
673 1225 770 1275 quo
816 1210 925 1275 ipsa
969 1209 1206 1259 infantem
1256 1224 1431 1258 recens
1463 1215 1631 1259 natum
1664 1211 1804 1262 iussu

119 1291 282 1341 mariti
314 1290 634 1357 exposuerit:
668 1291 762 1339 iam
798 1291 950 1357 igitur
984 1289 1088 1339 dira
1121 1288 1221 1338 fata
1256 1289 1574 1339 coniiciendis
1608 1290 1804 1342 indiciis

121 1372 378 1437 perspicit.
447 1370 778 1432 Quamobrem
815 1371 1104 1421 abstrahere
1137 1387 1166 1419 a
1200 1369 1367 1419 studio
1399 1370 1588 1420 natales
1620 1387 1803 1436 cogno-

123 1452 295 1502 scendi
328 1451 576 1517 Oedipum
613 1457 844 1501 conatur:

253 1527 602 1598 ἐπιμαρτυρεῖν
634 1531 738 1597 γὰρ
771 1530 945 1596 ἄνδρα
976 1528 1071 1591 τὰς
1106 1528 1274 1581 αὑτοῦ
1307 1529 1470 1596 τύχας

254 1611 328 1673 εἰς
359 1611 561 1672 πάντας
593 1609 823 1676 ἀμαθές,
859 1610 919 1663 τὸ
954 1611 1000 1663 δ’
1039 1610 1451 1677 ἐπικρύπτεσθαι
1485 1610 1661 1676 σοφόν
1687 1613 1784 1678 ²¹²²¹²).

125 1693 225 1744 Sed
259 1694 356 1743 iam
390 1694 443 1742 in
477 1694 714 1756 eandem,
763 1710 906 1759 quam
958 1693 1174 1755 Iocaste,
1219 1694 1544 1758 suspicionem
1581 1693 1806 1759 Oedipus

126 1775 421 1839 inquirendo
445 1775 553 1840 ipse
574 1791 770 1840 quoque
793 1775 1036 1824 deductus
1050 1779 1142 1824 est.
1179 1774 1312 1836 Quid
1325 1775 1517 1823 multa?
1538 1775 1807 1825 arcessitur

125 1855 355 1917 famulus,
406 1856 484 1903 cui
516 1855 705 1904 Iocaste
737 1855 974 1904 infantem
1009 1854 1352 1919 exponendum
1387 1854 1618 1916 tradidit,
1664 1855 1808 1921 isque

127 1952 188 1984 ex
222 1935 444 2000 corporis
478 1936 771 1998 quibusdam
808 1936 958 2001 signis
995 1935 1241 1999 Oedipum
1277 1935 1497 1984 locastae
1513 1935 1668 1984 filium
1695 1953 1809 1986 esse

126 2015 400 2065 confirmat.
470 2015 726 2082 Hyginus:
772 2016 865 2077 „Id
910 2015 1146 2064 Itemalus
1193 2032 1346 2064 senex
1372 2012 1514 2079 ***),
1562 2016 1646 2080 qui
1695 2033 1807 2066 eum

126 2101 452 2161 exposuerat,
486 2112 548 2145 ex
582 2097 765 2163 pedum
801 2097 1115 2145 cicatricibus
1149 2102 1201 2145 et
1232 2097 1446 2146 talorum
1483 2098 1681 2163 agnovit
1705 2097 1810 2146 Laii

125 2176 281 2225 filium
302 2176 472 2226 ·esse.''
507 2176 621 2226 Huc
650 2179 896 2242 pertinere
918 2183 1086 2242 potest
1110 2175 1284 2242 fragm.
1314 2179 1406 2226 17:
1440 2178 1809 2243 ἄναρθρος,

125 2258 342 2318 ἄτονος,
385 2255 641 2323 ἀσθενής’
699 2256 998 2323 Εὐριπίδης
1060 2255 1322 2308 Οἰδίποδι.
1402 2259 1481 2308 Ex
1525 2260 1618 2310 hac
1666 2267 1811 2325 parte

126 2339 365 2388 dramatis
397 2339 547 2388 sumti
580 2346 789 2404 possunt
815 2356 929 2389 esse
962 2355 1134 2389 versus
1169 2339 1222 2387 hi
1246 2338 1414 2404 ²²²²²²²²‘ss):

185 2453 236 2509 ¹⁸⁸)
265 2453 499 2510 Hyginus:
542 2455 688 2506 „Dum
726 2454 844 2496 haec
870 2453 1044 2498 Thebis
1081 2457 1317 2510 geruntur,
1358 2453 1570 2497 Corintho
1611 2454 1812 2510 Polybus

268 2524 459 2567 decedit.
517 2524 616 2578 Quo
646 2523 822 2571 audito,
867 2525 1065 2580 Oedipus
1093 2527 1282 2567 moleste
1311 2525 1430 2567 ferre
1459 2525 1631 2580 coepit,
1675 2525 1810 2570 aesti-

270 2609 398 2639 mans
426 2599 601 2650 patrem
628 2608 760 2636 suum
789 2594 966 2637 obisse.⁴
1011 2595 1095 2637 Cui
1132 2595 1354 2638 Periboea
1398 2596 1453 2638 de
1481 2596 1576 2639 eius
1603 2596 1813 2652 supposi-

270 2665 390 2710 tione
418 2667 571 2721 palam
599 2665 751 2708 fecit.”

159 2737 240 2793 *ἢ
271 2736 342 2779 Cf.
370 2736 457 2779 Dio
487 2741 598 2780 orat.
629 2737 705 2780 XI.
736 2752 779 2792 p.
810 2735 895 2778 15⁰
924 2749 1042 2791 seq.:
1072 2733 1179 2780 δέον
1210 2736 1318 2787 ἴσως
1346 2734 1641 2794 ἐπικρύπτειν
1669 2737 1814 2782 τοῦτο

266 2801 298 2863 ἢ
327 2808 520 2862 ποιῆσαι
548 2805 744 2864 νόμιμον
772 2811 869 2858 τοῖς
900 2807 1136 2865 Θηβαίοις,
1164 2808 1347 2866 πρῶτον
1368 2806 1451 2864 μὲν
1470 2807 1611 2851 πᾶσιν
1624 2806 1814 2864 ἐποίησε

269 2877 496 2936 φανερόν,
540 2877 697 2923 ἔπειτα
725 2875 975 2936 ἠγανάκτει
1004 2878 1083 2922 καὶ
1112 2878 1223 2936 ἐβόα
1251 2878 1451 2935 μεγάλα,
1496 2874 1569 2923 ὅτι
1598 2880 1691 2923 τῶν
1721 2873 1809 2923 oev’-

266 2949 360 2993 τῶν
398 2949 551 3008 πατήρ
586 2948 638 2994 τέ
677 2948 769 2995 ἐστι
812 2950 890 2995 καὶ
935 2946 1137 3006 ἁδελφὸς
1175 2949 1253 2994 καὶ
1296 2951 1378 3007 τῆς
1418 2947 1566 3008 αὐτῆς
1593 2948 1816 3006 γυναικὸς

269 3017 388 3078 ἀνὴρ
418 3021 495 3064 καὶ
524 3021 641 3068 vzo'c.

132 3091 245 3147 ***)
272 3092 505 3135 Fortasse:
535 3094 616 3146 „Id
643 3092 751 3135 item
781 3092 912 3143 alius,
941 3106 1077 3134 senex
1105 3091 1178 3148 qui
1206 3107 1308 3135 eum
1338 3092 1633 3149 exposuerat’'
1660 3096 1745 3136 etc.

134 3163 245 3218 '‘**)
274 3165 420 3219 Quem
447 3164 620 3207 Welck.
662 3179 705 3219 p.
745 3162 871 3207 1328.
911 3177 1094 3205 versum
1130 3178 1185 3206 ex
1224 3164 1404 3207 Sueton.
1444 3165 1539 3207 vita
1573 3164 1734 3207 Neron.
1772 3178 1817 3206 e.

266 3233 340 3280 46.
369 3234 554 3290 petitum
581 3233 717 3276 huius
746 3234 834 3277 loci
860 3234 1034 3290 putavit
1071 3249 1192 3287 esse,
1238 3249 1341 3278 eum
1382 3249 1469 3278 non
1508 3235 1648 3278 fuisse
1677 3234 1813 3277 huius

272 3304 486 3348 dramatis
524 3305 760 3348 Suetonius
812 3305 921 3348 satis
963 3304 1210 3362 perspicuis
1255 3306 1405 3348 verbis
1444 3306 1540 3362 ipse
1585 3306 1810 3349 declarat=

274 3376 433 3418 exsul
469 3375 586 3419 enim
609 3375 806 3431 Oedipus
836 3375 962 3419 fuit
948 3390 1006 3431 is,
1042 3391 1174 3431 quem
1210 3377 1461 3433 Sophocles
1501 3378 1812 3420 Coloneum

271 3444 540 3500 nominavit,
568 3445 796 3502 Euripidis
815 3452 964 3490 autem
983 3447 1153 3518 ‘drama
1173 3451 1409 3505 tyrannum
1428 3447 1677 3504 Oedipum,
1724 3460 1813 3491 non

274 3516 486 3569 exsulem,
510 3518 890 3572 repraesentabat
