2176 3874
1004 294 1127 354 533

226 457 538 493 memnonem
572 446 722 507 atque
770 444 1005 508 Ulyssem
1053 443 1282 505 adducit,
1320 443 1617 492 conscientia
1651 443 1916 505 factorum,

226 523 487 587 quominus
523 525 716 572 socium
752 523 1040 584 defendant,
1075 524 1359 588 impeditos,
1439 525 1613 587 Itaque
1658 524 1918 573 admiratio

223 603 504 668 Polyxenae
550 605 733 653 milites
791 603 1098 661 conciliavit,
1144 605 1351 653 iniuriae
1411 604 1712 652 conscientia
1760 604 1916 654 duces

224 684 514 741 obstrinxit,
553 685 796 748 simulque
830 683 1139 742 calamitatis,
1175 700 1320 747 quam
1348 685 1496 733 modo
1543 700 1783 749 perpessa
1819 688 1917 745 est,

223 765 508 827 magnitudo
546 766 761 830 captivas
786 764 845 811 ad
875 764 1192 826 exsequenda
1220 780 1293 824 ea,
1331 780 1455 827 quae
1484 764 1700 824 mandat,
1735 779 1916 829 prom-

222 845 413 910 ptiores
460 846 642 894 reddit.
713 844 794 893 Sic
839 843 1093 906 Polyxena
1128 859 1223 891 non
1251 850 1442 892 tantum
1478 861 1569 908 pro
1608 844 1915 893 Graecorum

224 925 472 985 exercitu,
510 926 598 974 sed
636 926 782 973 etiam
817 939 909 987 pro
945 922 1114 971 fratris
1151 925 1404 985 manibus,
1440 941 1531 988 pro
1570 926 1736 974 caedis
1772 925 1917 974 ultio-

223 1020 287 1054 ne
333 1021 524 1070 proque
567 1004 766 1071 pietatis
814 1003 987 1052 officio
1038 1003 1358 1067 exsequendo
1408 1009 1620 1053 mortem
1668 1005 1916 1055 occubuit.

225 1084 414 1143 Semm,
450 1092 598 1149 atque
631 1099 723 1134 nos
760 1084 1048 1143 statuimus,
1084 1083 1315 1147 plerique
1350 1084 1728 1142 aestimatores,
1764 1084 1916 1149 Poly-

224 1166 459 1215 mestoris
507 1164 806 1230 supplicium
850 1179 943 1228 pro
987 1163 1261 1229 appendIce
1306 1165 1515 1227 quadam
1549 1165 1818 1225 habentes,
1865 1165 1918 1212 in

224 1245 506 1310 Polyxenae
552 1250 714 1294 morte
759 1260 998 1292 summam
1045 1243 1331 1308 tragoediae
1379 1244 1655 1293 consistere
1690 1244 1918 1293 arbitrati

224 1330 365 1375 sunt:
413 1326 546 1375 unde
579 1325 769 1374 factum
805 1328 908 1385 est,
957 1330 1013 1373 ut
1047 1324 1247 1388 quidam
1282 1324 1602 1384 mirarentur,
1653 1324 1784 1388 quod
1819 1340 1917 1373 non

221 1422 338 1471 pars
372 1421 457 1467 ea,
493 1422 620 1469 quae
654 1421 865 1470 poenam
901 1404 1133 1453 scelerati
1167 1404 1414 1465 continet,
1448 1405 1777 1453 immolationi
1810 1405 1917 1453 vir-

220 1486 348 1550 ginis
393 1486 669 1550 praemissa
723 1491 876 1534 esset.
946 1486 1100 1548 Atqui
1152 1500 1215 1533 ex
1264 1485 1375 1549 ipsa
1425 1501 1593 1534 rerum
1650 1486 1812 1546 serie,
1863 1488 1916 1533 et

220 1566 353 1630 quod
398 1581 496 1614 non
530 1566 844 1629 Polyxenae,
897 1566 988 1613 sed
1036 1565 1274 1613 Hecubae
1322 1566 1515 1630 primae
1566 1571 1680 1614 sunt
1728 1570 1914 1631 partes,

220 1646 517 1694 contrariam
579 1647 820 1694 rationem
875 1646 1167 1709 Euripidem
1219 1651 1450 1695 secutum
1516 1662 1630 1695 esse
1688 1650 1916 1710 apparet.

223 1725 399 1790 Neque
433 1727 579 1774 unius
614 1727 814 1789 virginis
849 1726 928 1774 vel
963 1727 1108 1775 unius
1144 1726 1494 1786 adolescentis,
1532 1726 1621 1774 sed
1657 1726 1917 1774 universae

221 1806 400 1855 domus
450 1806 810 1856 Priamidarum
858 1814 1046 1855 sortem
1103 1807 1154 1855 in
1197 1807 1487 1855 discrimine
1531 1808 1719 1855 versari
1768 1811 1819 1854 et
1865 1806 1918 1854 in

220 1886 457 1947 Hecuba,
491 1891 723 1950 tanquam
759 1888 868 1936 eius
903 1888 1169 1948 columine,
1205 1888 1473 1937 maximum
1498 1903 1665 1936 rerum
1692 1903 1915 1936 momen-

223 1973 330 2016 tum
375 1983 489 2017 esse
537 1973 587 2015 et
638 1968 868 2016 universa
903 1974 1154 2017 structura
1188 1969 1424 2018 dramatis
1461 1976 1514 2017 et
1547 1967 1773 2032 singulae
1808 1967 1915 2015 eius

217 2052 388 2112 partes
437 2046 721 2098 ostendunt.
806 2048 998 2113 Regiae
1044 2054 1209 2096 autem
1259 2049 1409 2096 domo
1452 2048 1615 2111 gentis
1659 2047 1915 2110 reliquiae,

217 2144 345 2193 quae
380 2129 534 2176 choro
567 2128 648 2176 vel
684 2126 884 2176 feminis
906 2127 1112 2191 captivis
1139 2133 1594 2192 repraesentantur,
1630 2126 1917 2176 necessario

216 2213 576 2257 annectuntur:
612 2208 708 2256 hae
743 2208 876 2256 enim
911 2223 1084 2256 omnes
1119 2209 1387 2274 participes
1424 2214 1538 2257 sunt
1569 2224 1754 2265 rerum,
1790 2221 1919 2270 quae

216 2293 457 2350 aguntur,
508 2291 558 2334 et
609 2287 938 2336 calamitatum
994 2288 1296 2351 ultionisque
1345 2289 1528 2337 sociae.
1597 2288 1774 2352 Neque
1824 2301 1917 2350 pro

219 2366 393 2413 otiosis
427 2365 798 2414 intervallorum
834 2366 1192 2430 supplementis
1223 2369 1442 2416 carmina
1476 2368 1770 2431 interposita
1804 2369 1919 2415 sunt

219 2462 297 2507 ea,
330 2445 508 2510 quibus
541 2446 678 2494 urbis
715 2446 1043 2511 expugnatio,
1080 2446 1297 2495 virorum
1331 2447 1613 2507 trucidatio,
1651 2446 1915 2495 mulierum

219 2525 509 2591 captivitas,
556 2526 672 2574 belli
719 2527 860 2591 origo
907 2531 1056 2590 atque
1102 2532 1306 2575 eventus
1343 2527 1684 2591 deplorantur.
1752 2527 1916 2587 Argu-

218 2611 442 2655 mentum
487 2606 620 2655 enim
667 2605 905 2655 dramatis
948 2607 1056 2655 fere
1090 2607 1223 2655 idem
1259 2607 1390 2670 quod
1425 2607 1678 2656 Troadum
1714 2610 1820 2664 est,
1864 2607 1918 2652 et

218 2689 414 2736 amabat
459 2692 630 2735 noster
674 2687 736 2735 ad
783 2687 1148 2736 testificandam
1182 2687 1364 2751 ingenii
1399 2688 1591 2751 copiam
1627 2684 1801 2733 eadem
1836 2698 1916 2731 ar-

218 2772 453 2831 gumenta
485 2768 679 2816 diversa
707 2767 902 2815 ratione
921 2768 1120 2833 saepius
1140 2772 1369 2817 tractare.
1405 2766 1722 2832 Simplicibus
1751 2768 1916 2812 autem

219 2847 524 2912 argumentis
577 2848 628 2895 in
678 2847 992 2911 paucissimis
1040 2848 1312 2914 tragoediis
1348 2863 1468 2897 usus
1503 2851 1596 2898 est.
1667 2845 1751 2893 Sic
1787 2842 1914 2892 effu-

216 2927 427 2993 giendae
473 2925 806 2992 simplicitatis
855 2943 1030 2976 caussa
1075 2927 1401 2978 Phaethontis
1446 2928 1639 2977 ruinam
1676 2941 1789 2974 cum
1822 2939 1916 2972 nu-

217 3009 437 3073 ptiarum
477 3013 716 3072 apparatu
753 3012 803 3056 et
836 3007 1059 3072 periculo
1093 3008 1294 3069 matris,
1332 3008 1405 3057 sic
1437 3006 1625 3055 Thesei
1660 3011 1917 3054 certamen

219 3087 526 3152 caedemque
575 3088 845 3137 Minotauri
898 3104 1011 3136 cum
1061 3104 1230 3136 amore
1280 3089 1526 3137 Ariadnae
1571 3083 1915 3148 coniungendo

219 3169 443 3218 dramata
480 3168 808 3233 amplificavit.
875 3168 952 3216 Ea
987 3173 1150 3218 autem
1187 3184 1467 3217 caussarum
1504 3166 1765 3230 duplicitas
1800 3177 1915 3228 par-

219 3248 310 3297 tim
346 3265 405 3297 ea
438 3247 562 3305 fuit,
611 3264 737 3311 quae
771 3248 1062 3298 mixtionem
1097 3249 1337 3298 nodorum
1375 3253 1740 3309 eventuumque
1771 3247 1915 3309 pate-

221 3332 377 3390 retur,
412 3329 593 3394 partim
637 3345 714 3390 ea,
749 3345 883 3392 quae
913 3329 1119 3377 alteram
1153 3335 1348 3394 partem
1382 3333 1496 3392 post
1529 3326 1735 3376 alteram
1771 3323 1912 3373 exhi-

220 3407 332 3456 beri
383 3409 684 3473 postularet,
736 3425 948 3474 quorum
994 3409 1093 3458 hoc
1135 3410 1207 3459 ibi
1249 3413 1389 3459 recte
1434 3408 1542 3456 fieri
1587 3408 1784 3470 potest,
1829 3401 1916 3452 ubi

221 3487 361 3551 prior
393 3504 508 3553 pars
542 3489 746 3541 minoris
779 3495 858 3540 est
890 3490 1127 3541 momenti
1151 3493 1204 3540 et
1228 3488 1496 3556 posteriori
1530 3488 1598 3536 ita
1635 3483 1915 3545 subiicitur,
