2144 3854
959 304 1078 361 241

176 454 356 520 ecquid
380 453 637 520 Euripidis
663 452 935 503 cantilenas
967 455 1150 502 nautae
1182 455 1430 512 tenerent,
1461 455 1532 513 et,
1565 450 1855 505 affirmanti-

174 537 270 586 bus
303 536 400 597 his,
431 535 600 584 'statim
635 532 964 592 concessisse,
1000 538 1056 580 ut
1090 532 1223 580 navis
1257 531 1668 582 subduceretur.”

308 615 647 680 Loquacitatis
707 612 908 679 quidem
951 612 1217 675 Euripides
1267 626 1367 660 non
1415 612 1476 660 ah
1528 614 1861 680 Aristophane

178 696 317 754 solo,
367 694 458 744 sed
503 695 564 744 ab
615 695 723 743 aliis
773 709 969 757 quoque
1003 691 1327 755 scriptoribus
1362 692 1546 755 passim
1579 701 1862 760 accusatur,

177 782 308 825 teste
334 774 601 824 Plutarcho
627 773 690 823 de
716 779 839 822 rect.
877 777 969 821 rat.
991 771 1102 820 aud.
1133 787 1174 819 c.
1203 773 1293 818 13:
1330 766 1590 834 μέμψαιτο
1615 773 1663 824 δ’
1690 777 1758 826 ἄν
1783 793 1863 837 τις

186 848 495 921 Ἀρχιλόχου
521 850 618 918 μὲν
639 851 739 919 τὴν
757 849 1049 911 ὑπόθεσιν,
1086 849 1434 914 Παρμενίδου
1463 851 1520 902 δὲ
1555 851 1652 919 τὴν
1690 867 1862 922 στιχο-

176 934 382 997 ποιίαν,
401 932 722 986 Φωκυλίδου
739 928 906 998 δὲτὴν
923 929 1202 993 εὐτέλειαν,
1224 930 1361 995 Εὐρ
1379 949 1450 983 ιπ
1465 931 1526 983 ίδ
1541 951 1570 984 ο
1585 953 1619 984 υ
1649 933 1718 986 δὲ
1742 936 1862 1004 τὴν

175 1014 438 1075 λαλιάν,
475 1012 820 1082 Σοφοκλέους
853 1011 910 1064 δὲ
937 1011 1037 1080 τὴν
1066 1011 1392 1077 ἀνωμαλίαν.
1443 1015 1862 1082 Philosophantur

177 1098 308 1148 enim
318 1098 449 1164 apud
463 1113 574 1146 eum
588 1097 874 1162 promiscue
887 1111 1075 1157 omneS,
1091 1096 1341 1156 mulieres,
1367 1095 1727 1157 adolescenteS,
1754 1114 1861 1148 ser-

177 1179 242 1242 vi,
267 1178 319 1227 id
347 1177 477 1242 quod
502 1178 792 1242 gloriantem
820 1177 984 1242 ipsum
1009 1176 1134 1224 fecit
1157 1175 1514 1240 Aristophanes
1539 1177 1864 1229 Ran.v.949:

309 1256 421 1308 ἀλλ’
458 1253 630 1323 ἔλεγεν
663 1256 698 1324 ἦ
730 1255 870 1323 γυνή
901 1254 957 1306 τὲ
990 1273 1083 1321 μοι
1115 1252 1189 1322 χώ
1226 1253 1424 1316 δοῦλος
1452 1255 1616 1309 οὐδὲν
1646 1248 1809 1325 ἧττον

308 1334 383 1404 χώ
419 1336 673 1405 δεσπότης
705 1336 771 1406 χή
804 1335 1076 1402 παρθένος
1108 1335 1172 1403 χή
1205 1340 1376 1402 γραῦς
1408 1338 1606 1399 ἄν’-η

175 1425 282 1470 tum
317 1421 467 1469 etiam
500 1420 594 1481 iis,
645 1436 857 1484 quorum
891 1434 1130 1484 personas
1165 1418 1480 1483 philosophia
1515 1419 1676 1469 minus
1711 1422 1865 1472 dede-

178 1505 277 1562 cet,
313 1517 468 1566 saepe
503 1501 782 1550 sententiae
816 1501 1098 1549 tribuuntur
1133 1515 1237 1558 eae,
1265 1499 1443 1561 quibus
1474 1500 1632 1565 magis
1660 1501 1865 1567 Euripi-

179 1581 275 1643 dis,
308 1597 456 1645 quam
489 1581 733 1645 ipsorum,
771 1596 914 1629 sensa
949 1579 1307 1643 exprimantur.
1377 1579 1543 1640 Quum
1578 1580 1783 1630 difficile
1801 1582 1868 1631 sit

180 1662 410 1710 omnibus
443 1661 606 1725 poetis
640 1661 692 1708 in
726 1659 820 1708 hoc
856 1674 1041 1723 genere
1073 1658 1320 1706 moderari
1354 1659 1530 1719 animo,
1584 1661 1866 1725 cupidinem

180 1740 456 1806 reprimere
491 1740 806 1803 studiumque
857 1739 1020 1788 celare
1067 1739 1168 1797 sic,
1215 1741 1272 1786 ut
1319 1738 1410 1785 sub
1455 1738 1609 1787 aliena
1655 1757 1869 1805 persona

181 1822 393 1871 latentes
426 1825 667 1884 perpetuo
700 1818 902 1878 fallant,
938 1824 1043 1866 tum
1076 1833 1196 1866 vero
1232 1833 1432 1877 eorum,
1470 1818 1553 1882 qui
1584 1835 1613 1867 a
1646 1820 1868 1884 philoso-

183 1901 300 1966 phia
323 1901 386 1949 ad
412 1899 604 1948 fabulas
634 1897 1000 1962 componendas
1024 1897 1422 1962 proficiscuntur,
1442 1898 1521 1946 vix
1545 1898 1699 1948 ullum
1722 1901 1870 1950 inve-

182 1981 309 2042 nias,
343 1980 431 2044 qui
463 1981 515 2028 in
547 1978 624 2027 via
657 1977 846 2027 lubrica
880 1993 976 2026 non
1013 1977 1193 2025 titubet
1227 1983 1278 2025 et
1305 1977 1596 2042 saepissime
1614 1980 1764 2029 etiam
1794 1981 1869 2030 la-

181 2061 342 2112 batur,
411 2061 507 2109 Est
543 2059 676 2107 enim
709 2058 1020 2122 investigatio
1057 2073 1370 2118 caussarum,
1405 2073 1501 2121 qua
1531 2058 1591 2107 ad
1627 2060 1870 2124 cuiusque

183 2142 256 2191 rei
288 2140 508 2191 abditam
545 2139 786 2204 originem
820 2138 1222 2203 perspiciendam
1256 2137 1640 2197 descendimus,
1675 2147 1869 2190 contra-

182 2223 256 2271 ria
287 2221 336 2270 ei
370 2219 551 2270 mentis
587 2219 891 2284 cogitationi,
928 2234 1023 2283 qua
1056 2233 1138 2267 res
1177 2222 1429 2282 utcunque
1462 2224 1601 2268 natas
1634 2220 1870 2287 imagina-

183 2316 295 2352 mur
349 2306 403 2350 et
436 2300 658 2365 speciem
693 2299 923 2348 continuo
957 2298 1122 2359 talem,
1156 2299 1355 2362 qualem
1388 2315 1469 2348 res
1503 2299 1715 2350 effectae
1750 2317 1870 2351 nan-

185 2381 465 2440 ciscuntur,
514 2379 819 2444 effingimus,
885 2379 1117 2428 Attamen
1169 2378 1530 2443 perfectissima
1565 2381 1684 2428 artis
1718 2396 1872 2446 opera

187 2476 251 2510 ex
282 2460 541 2522 utriusque
565 2458 816 2520 facultatis
841 2459 1182 2508 conciliatione
1209 2463 1493 2520 nascuntur,
1529 2461 1658 2509 sicut
1682 2477 1871 2522 eorum,

187 2555 317 2605 quae
351 2542 530 2588 natura
561 2538 869 2603 procreavit,
918 2538 1344 2603 praestantissima
1393 2555 1614 2603 quaeque
1648 2546 1763 2589 sunt
1796 2556 1872 2600 ea,

187 2619 239 2669 in
285 2619 462 2683 quihus
510 2618 654 2666 dotes
701 2616 834 2665 inter
890 2633 946 2666 se
991 2618 1263 2666 contrariae
1309 2617 1594 2667 felicissima
1637 2620 1874 2669 mixtione

191 2698 502 2749 consociatae
524 2700 639 2745 sunt
663 2697 750 2754 ita,
786 2701 840 2746 ut
864 2697 986 2746 aliae
1010 2697 1116 2745 aliis
1142 2702 1539 2760 compensentur,
1576 2699 1873 2748 confirmen-

188 2786 287 2841 tur,
319 2778 646 2827 illustrentur.
696 2774 806 2825 Non
831 2781 968 2825 recte
988 2792 1192 2825 munere
1219 2776 1487 2841 officioque
1509 2782 1688 2842 poetae
1709 2778 1874 2843 fungi7

187 2864 272 2909 tur
316 2858 392 2918 is,
443 2857 527 2921 qui
570 2855 719 2906 nullis
766 2856 844 2904 sui
876 2856 1026 2905 animi
1060 2857 1258 2906 dotibus
1292 2856 1564 2906 instructos
1597 2859 1877 2923 ditatosque

189 2938 418 2989 homines
454 2936 608 2999 tales,
656 2935 825 3001 quales
874 2936 1021 3000 vulgo
1068 2941 1209 2997 sunt,
1257 2936 1467 3000 effingit.
1533 2936 1710 3002 Neque
1743 2938 1877 2988 enim

190 3018 444 3083 vulgarem
477 3032 643 3067 rerum
677 3018 896 3080 speciem
929 3018 980 3066 in
1012 3016 1196 3066 fabulis
1230 3017 1530 3080 quaerimus,
1564 3017 1654 3067 sed
1679 3023 1876 3082 poetae,

192 3098 286 3148 sub
319 3097 494 3147 alienis
528 3097 754 3162 personis
790 3097 1019 3158 latentis,
1067 3112 1219 3161 opera
1269 3096 1545 3160 opibusque
1577 3104 1748 3147 auctos
1783 3098 1878 3147 ho-

194 3177 356 3227 mines
390 3181 444 3227 et
475 3178 525 3226 in
558 3176 784 3226 altiorem
819 3178 1066 3241 quendam
1099 3177 1264 3225 locum
1299 3182 1518 3238 evectoS,
1553 3178 1685 3226 unde
1712 3182 1880 3242 pateat

193 3256 398 3306 liberior
446 3257 500 3307 in
564 3272 848 3306 caussarum
905 3256 1270 3321 effectuumque
1325 3271 1506 3306 nexum
1570 3262 1879 3322 prospectus.

194 3333 322 3384 Nam
356 3335 465 3401 quis
497 3336 656 3386 ferret
688 3342 963 3402 satyrorum
999 3335 1385 3403 turpitudinem,
1419 3336 1527 3400 quis
1564 3336 1758 3385 rudium
1786 3336 1880 3385 ho-

197 3415 385 3464 minum
417 3416 756 3482 stupiditatem
776 3453 791 3475 ‚
840 3418 950 3482 quis
998 3417 1355 3467 sceleratorum
1385 3414 1694 3480 impietatem
1726 3415 1881 3465 libere

202 3509 260 3546 se
292 3495 563 3559 iactantes,
595 3496 690 3548 nisi
723 3496 901 3548 horum
935 3497 1075 3562 quasi
1108 3511 1322 3563 persona
1352 3495 1552 3548 indutus
1585 3499 1735 3563 poeta
1766 3495 1880 3546 imi—

1475 3576 1541 3624 16
