2144 3854
1109 255 1191 313 38

309 405 604 471 tragicorum
620 400 838 466 scripsit,
871 400 1006 451 illius
1037 402 1209 453 habuit
1228 400 1466 451 rationem
1493 399 1670 466 (schol.
1686 402 1749 452 ad
1766 417 1813 455 v.
1827 402 1990 471 495.).

307 486 483 550 Neque
515 482 690 533 minori
723 481 854 546 apud
887 480 1184 548 Pergameos
1217 482 1564 548 grammaticos
1609 481 1738 530 hanc
1771 481 1986 533 fabulam

306 567 497 615 honore
532 561 687 611 fuisse
733 561 947 611 Cratetis
982 570 1034 612 et
1066 562 1364 612 Menecratis
1416 562 1786 622 commentarii,
1832 563 1896 612 ad
1926 563 1989 612 il-

306 646 404 694 lam
439 642 627 707 scripti,
661 643 1000 692 demonstrant
1022 642 1113 704 (cf.
1140 641 1306 691 schol.
1331 643 1393 692 ad
1427 658 1473 691 v.
1509 644 1558 694 4.
1596 646 1648 692 et
1683 640 1840 707 515.).
1910 641 1990 693 In-

305 731 385 775 ter
418 723 697 781 RomanoS,
733 723 814 788 qui
844 722 1126 772 eruditionis
1154 723 1299 772 laude
1324 723 1613 781 floruerunt,
1647 721 1993 788 gravissimum

304 806 370 855 de
402 804 490 852 illo
524 803 758 852 iudicium
792 803 918 852 fecit
950 804 1129 853 Accius
1163 803 1338 852 Latine
1369 802 1607 852 vertendo
1647 803 1774 852 etin
1809 802 1990 852 Roma-

304 900 479 934 norum
524 883 720 932 theatra
765 882 1141 946 transferendo,
1189 883 1239 932 id
1286 882 1417 947 quod
1463 882 1695 948 profecto
1742 883 1855 932 fieri
1899 898 1994 931 ne-

303 965 511 1029 quisset,
546 963 588 1012 si
614 963 675 1012 ad
700 964 967 1012 movendos
992 963 1340 1026 ducendosque
1367 963 1594 1012 homines
1627 964 1790 1013 minus
1823 967 1993 1027 aptum

302 1044 497 1094 fuisset.
564 1043 663 1093 Aut
707 1043 854 1093 huius
901 1049 985 1092 aut
1027 1044 1183 1108 ipsius
1229 1043 1481 1108 Euripidis
1531 1059 1655 1108 opus
1706 1042 1993 1109 respexisse

301 1124 535 1174 videntur
566 1122 802 1186 Virgilius
837 1124 961 1172 Aen.
993 1122 1111 1183 Xll,
1160 1125 1275 1175 348.
1345 1123 1490 1175 Ovid.
1537 1123 1608 1171 lb.
1653 1125 1769 1195 (⁸328.
1834 1121 1992 1172 Trist-

301 1204 383 1267 111,
417 1206 466 1265 4,
500 1206 580 1254 2¹1.
648 1203 805 1253 Plaut.
839 1203 990 1252 Poen.
1024 1201 1108 1254 1V.
1145 1207 1269 1254 extr.
1340 1201 1645 1252 Graecorum
1671 1203 1990 1268 scriptorum,

303 1285 386 1350 qui
419 1289 592 1350 postea
625 1283 958 1350 scripserunt,
1004 1283 1067 1333 ad
1099 1283 1391 1349 Euripidem
1426 1288 1758 1349 respexerunt
1789 1283 1994 1348 Apollo-

301 1364 471 1425 doruS,
523 1364 723 1431 Longus
759 1364 831 1429 (v.
863 1363 1003 1430 209.)
1024 1399 1039 1423 ,
1075 1363 1369 1414 Parthenius
1405 1363 1476 1427 (v,
1511 1364 1665 1429 422),
1699 1363 1793 1413 Dio
1827 1363 1993 1429 Chry-

302 1449 552 1495 sostomus
589 1441 656 1509 (v,
691 1443 859 1514 841.),
893 1445 1141 1503 Tzetzes,
1177 1445 1493 1504 EustathiuS,
1539 1444 1813 1505 Stobaeus,
1859 1442 1991 1494 Mar.

304 1523 613 1583 Victorinus,
649 1523 827 1574 Suidas
861 1530 959 1574 etc.
1024 1525 1104 1576 cf.
1139 1523 1311 1574 Vater.
1344 1541 1398 1589 p.
1432 1523 1739 1575 Vll—xm.

431 1603 695 1669 Reliquum
725 1609 818 1665 est,
852 1609 924 1666 ut,
946 1604 1105 1668 qualis
1129 1604 1382 1669 Euripidis
1406 1619 1486 1653 ars
1512 1605 1562 1652 in
1586 1603 1823 1665 dramate,
1858 1604 1992 1667 quod

299 1683 518 1750 primum
552 1685 613 1733 ab
649 1699 709 1732 eo
744 1684 987 1749 scriptum
1019 1683 1321 1747 doctumque
1355 1698 1469 1732 esse
1501 1683 1794 1742 statuimu8‚
1838 1699 1992 1748 appa-

299 1768 424 1825 reat,
459 1763 779 1829 explicemus.
845 1764 1054 1813 Homeri
1089 1764 1302 1812 imitatio
1324 1762 1498 1812 similis
1521 1767 1671 1826 atque
1691 1762 1744 1812 in
1771 1761 1993 1828 Cyclope

300 1843 628 1909 conspicitur:
662 1844 714 1892 in
748 1848 962 1906 utroque
994 1843 1126 1892 enim
1160 1843 1383 1892 dramate
1415 1859 1514 1892 non
1532 1842 1680 1891 modo
1697 1858 1798 1901 reS‚
1833 1859 1988 1908 quan-

298 1927 405 1973 tum
447 1923 750 1972 dramaticae
795 1938 1006 1988 poeseos
1071 1922 1199 1971 ratio
1261 1923 1531 1988 permittit,
1590 1921 1680 1972 sed
1721 1925 1988 1974 sententias

299 2016 497 2067 quoque
540 2002 777 2067 plurimas
827 2006 879 2051 et
920 2003 1071 2051 verba
1104 2001 1314 2051 Homeri
1348 2002 1543 2051 reddita
1587 2017 1702 2052 esse
1744 2003 1988 2054 videmus.

299 2081 644 2144 Nihilominus,
679 2097 791 2131 cum
821 2087 960 2132 tanto
985 2082 1152 2131 studio
1185 2082 1392 2145 vestigia
1426 2082 1620 2146 legeret
1651 2081 1859 2132 Homeri
1884 2084 1989 2134 Eu-

298 2162 516 2227 ripides,
562 2162 708 2226 longe
753 2163 964 2212 recessit
1005 2176 1034 2209 a
1077 2162 1209 2209 servi
1251 2162 1447 2226 pecoris
1491 2163 1663 2226 putida
1695 2164 1990 2214 morositate

299 2246 447 2306 atque
479 2243 671 2304 inertia,
708 2243 815 2301 sed,
852 2258 1001 2306 quum
1035 2241 1279 2290 retineret
1311 2256 1436 2304 quae
1469 2246 1660 2291 mutare
1691 2243 1834 2292 nefas
1876 2260 1990 2294 esse

300 2320 528 2384 ducebat,
565 2321 767 2387 propria
800 2321 991 2370 addidit
1024 2337 1101 2383 ea,
1135 2321 1311 2385 quibus
1347 2327 1605 2370 ornaret-ur
1628 2329 1986 2387 argumentum,

300 2406 352 2451 et
385 2418 576 2451 summa
609 2402 874 2466 prudentia
907 2402 977 2451 sic
1010 2401 1228 2450 fabulam
1262 2401 1585 2467 temperavit,
1635 2408 1691 2451 ut
1724 2403 1987 2463 movendo,

299 2482 594 2532 delectando
638 2482 958 2545 docendoque
1001 2482 1199 2531 theatro
1231 2482 1485 2547 aptissima
1532 2482 1792 2536 existeret.
1875 2483 1988 2533 Sci-

300 2562 482 2611 endum
531 2568 610 2611 est
655 2553 860 2621 autem,
904 2563 988 2612 isti
1033 2563 1263 2627 propriae
1306 2561 1602 2611 inventionis
1635 2561 1795 2625 laudi,
1842 2579 1988 2628 quam

300 2641 525 2691 studiose
559 2642 839 2708 cupideque
872 2642 1030 2692 nostri
1064 2647 1336 2705 sequuntur
1386 2658 1578 2706 quaque
1629 2659 1802 2692 carere
1832 2659 1988 2708 opera

300 2738 388 2771 sua
444 2722 564 2771 vitio
614 2723 706 2771 sibi
749 2722 847 2788 ipsi
892 2724 1122 2784 vertunt,
1187 2736 1434 2785 nunquam
1479 2739 1508 2771 a
1553 2722 1877 2772 Graecorum.
1905 2723 1986 2773 vel

301 2802 467 2867 poetis
500 2803 581 2852 vel
614 2802 887 2852 artificibus
920 2802 1208 2852 inservitum
1241 2817 1379 2860 esse,
1433 2817 1492 2850 ac
1524 2817 1589 2850 ne
1622 2801 1848 2867 potuisse
1879 2803 1986 2866 qui-

300 2880 417 2930 dem
450 2882 690 2935 inserviri.
759 2879 857 2934 Vix
900 2882 1032 2931 enim
1075 2882 1125 2930 iu
1175 2881 1357 2930 fabulis
1399 2880 1607 2930 inveniri
1639 2885 1867 2946 poterant
1899 2898 1986 2931 ar-

300 2965 563 3026 gumenta,
598 2977 725 3026 quae
756 2976 854 3010 non
889 2965 1058 3011 esseut
1089 2962 1187 3010 iam
1218 2977 1247 3010 a
1278 2960 1526 3025 prioribus
1560 2961 1723 3026 poetis
1755 2962 1984 3025 tractata,

299 3045 534 3090 exornata
567 3046 619 3090 et
650 3040 713 3090 ad
751 3041 1003 3090 docendos
1036 3041 1403 3105 movendosque
1433 3041 1623 3090 animos
1659 3040 1981 3093 conformata.

299 3120 518 3184 Quorum
551 3121 748 3170 inventa
780 3121 1010 3183 abiicere,
1043 3137 1283 3187 respuere
1314 3121 1441 3170 bona
1474 3137 1502 3168 a
1534 3122 1797 3172 maioribus
1825 3125 1982 3186 parta,

299 3201 537 3251 deserere
577 3204 629 3250 et
671 3200 927 3266 negligere
971 3217 1124 3267 opera
1156 3201 1421 3250 multorum
1469 3201 1633 3250 studio
1680 3201 1981 3265 ingeniisque

299 3280 543 3345 perfecta,
579 3281 756 3344 quibus
791 3295 962 3329 omnes
995 3280 1383 3339 delectabantur,
1414 3280 1465 3330 in
1491 3281 1672 3344 quibus
1689 3271 1820 3330 vitae
1840 3279 1979 3344 quasi

300 3360 614 3410 tabernacula
648 3360 962 3418 collocarant,
997 3376 1155 3425 paene
1186 3376 1284 3411 non
1315 3361 1474 3410 minus
1506 3359 1824 3410 temerarium
1847 3375 1979 3422 esse,

300 3455 445 3503 quam
479 3439 615 3490 novis
649 3440 797 3489 rebus
830 3440 880 3489 in
911 3441 1164 3505 republica
1197 3441 1582 3491 administranda
1615 3440 1843 3502 studere,
1885 3456 1979 3504 pu·
