2176 3874
892 292 1014 348 413

122 442 252 491 inter
284 455 341 491 se
385 439 540 490 fuisse
573 438 887 506 Pythagorae
919 437 1210 503 Orpheique
1255 432 1542 503 disciplinas
1583 438 1795 487 testatur

120 521 407 572 Herodotus
442 521 502 583 ΙΙ,
534 523 640 579 81.,
675 525 727 571 et
759 519 979 586 pluribus
1011 520 1176 568 verbis
1211 519 1425 568 ostendit
1458 517 1708 567 Hoeckius
1741 517 1795 567 in

121 602 276 665 libro,
326 617 471 666 quem
507 602 571 650 de
610 601 759 650 rebus
793 599 1106 648 Cretensium
1144 600 1369 663 scripsit,
1415 615 1458 647 c.
1492 597 1573 648 ΙΙΙ.
1610 615 1658 663 p.
1694 600 1794 646 190

122 698 262 747 seqq.
326 681 488 730 Carne
533 681 663 729 enim
713 686 860 743 atque
903 680 1055 727 caede
1100 679 1379 727 animalium
1415 684 1468 727 et
1501 677 1708 742 Orphici
1744 682 1794 727 et

120 761 423 826 Pythagorei
469 762 788 811 abstinebant.
856 759 1008 807 lidem
1048 758 1182 806 initia
1229 775 1287 805 ac
1330 760 1564 822 mysteria
1601 773 1794 807 summo

119 841 284 891 studio
319 840 574 901 colebant3
609 840 672 890 cf.
705 839 960 904 Aristoph.
994 838 1117 886 Ran.
1153 839 1310 885 1032:
1759 832 1762 837 ’

242 913 476 987 Ὀρφεὺς
497 919 595 986 μὲν
609 918 712 986 γὰρ
736 917 1006 978 τελετάς
1032 916 1088 968 θ’
1108 916 1238 984 ἡμῖν
1272 914 1528 979 κατέδειξε
1561 915 1793 982 φόνων

969 1000 1014 1049 τ’
1048 997 1332 1065 ἀπέχεσθαι
1363 998 1435 1062 '‘).

117 1081 291 1132 Pisces
338 1083 552 1132 omnium
599 1081 878 1131 animalium
927 1081 1135 1129 maxime
1181 1096 1275 1145 pro
1336 1079 1448 1129 cibo
1493 1077 1795 1144 Pythagorei

117 1163 485 1223 aversabantur,
519 1169 650 1212 teste
672 1160 938 1211 Plutarcho
974 1160 1204 1227 SympoS.
1239 1158 1366 1210 Vm.
1402 1177 1449 1224 p.
1474 1162 1586 1208 373.
1623 1160 1794 1221 Quan-

117 1247 294 1308 topere
318 1258 427 1292 cnm
454 1243 533 1291 his
565 1243 687 1292 ritus
722 1242 1071 1306 mysteriorum
1107 1241 1407 1303 convenerit,
1443 1256 1505 1289 ex
1530 1239 1793 1304 Porphyrii

117 1322 183 1372 de
214 1323 392 1375 abstin.
427 1324 591 1373 verbis
634 1330 798 1389 patet:
843 1320 1254 1386 παραγγέλλεται
1298 1317 1400 1386 γὰρ
1428 1312 1689 1390 Ἐλευσῖνι
1732 1317 1793 1370 α’-

115 1399 371 1468 πέχεσθαι
411 1399 500 1454 καὶ
541 1401 1004 1455 κατοικιδίων
1051 1401 1349 1467 ὀρνίθων
1393 1399 1483 1453 καὶ
1529 1400 1793 1468 ἰχθύων

113 1481 206 1534 καὶ
235 1482 516 1550 κυάμων
550 1486 659 1536 κτλ.
729 1485 883 1535 Vides
916 1485 1069 1549 igitur
1102 1500 1358 1546 caussam,
1404 1489 1613 1550 propter
1646 1499 1791 1548 quam

113 1564 281 1614 statim
313 1565 455 1614 initio
499 1565 731 1616 dramatis
764 1566 1065 1631 Hippolytus
1110 1564 1390 1615 ostenditur
1422 1565 1640 1614 Athenas
1674 1580 1792 1630 pro-

113 1643 281 1694 fectus
316 1660 430 1694 esse

245 1724 456 1788 σεμνῶν
488 1723 542 1787 ἐς
575 1727 702 1788 ὄψιν
733 1723 824 1778 καὶ
853 1723 973 1793 τέλη
1006 1724 1329 1791 μυστηρίων.

115 1805 448 1871 Orphicorum
491 1808 676 1872 scripta
714 1808 924 1873 plurima
963 1808 1270 1867 ferebantur,
1313 1822 1522 1871 quorum
1562 1811 1791 1857 auctores

113 1883 411 1954 Pythagorei
437 1894 602 1949 erant3
640 1887 744 1938 Cic.
767 1888 827 1937 N.
858 1888 916 1937 D.
942 1888 978 1949 1,
1014 1892 1094 1949 38,
1131 1891 1242 1936 107.
1310 1887 1451 1937 Haec
1472 1888 1621 1952 igitur
1643 1889 1790 1953 signi-

113 1964 266 2015 ficant
281 1966 432 2015 verba
449 1967 550 2030 illa,
567 1957 781 2018 πολλῶν
812 1967 1139 2033 γραμμάτων
1154 1968 1321 2033 τιμῶν
1342 1967 1594 2029 καπνούς.
1630 1968 1792 2035 Magi-

111 2060 219 2094 cam
244 2051 400 2096 artem
428 2053 479 2097 et
505 2050 836 2114 expiationem
859 2054 911 2098 et
935 2050 1284 2099 divinationem
1308 2049 1511 2114 Orpheo
1539 2050 1793 2116 propriam

109 2124 266 2174 fuisse
299 2127 566 2193 Euripides
582 2130 691 2194 ipse
725 2130 946 2179 ostendit
971 2130 1157 2180 Alcest.
1191 2133 1303 2178 969.
1341 2129 1481 2193 Cycl.
1507 2132 1622 2178 646.
1657 2131 1791 2179 Ean-

106 2204 220 2254 dem
239 2205 554 2272 Pythagorae
574 2209 802 2259 tribuunt
825 2210 1003 2260 Cicero
1035 2210 1140 2262 Div.
1176 2211 1215 2271 I,
1254 2213 1318 2271 3.,
1352 2209 1660 2275 Porphyrius
1686 2213 1789 2268 23„

109 2284 402 2357 lamblichus
435 2291 503 2337 60
535 2304 676 2352 seqq.
742 2290 885 2340 Hanc
924 2292 1076 2355 igitur
1117 2296 1276 2341 artem
1323 2292 1530 2355 respicit
1560 2290 1792 2341 Theseus

108 2380 154 2414 v.
187 2367 345 2416 1036:

241 2437 327 2510 ἆρ’
364 2444 464 2497 οὐκ
496 2442 700 2516 ἐπῳδὸς
731 2446 821 2499 καὶ
851 2448 984 2516 γόηξ
1012 2449 1204 2516 πέφυχ’
1240 2448 1361 2509 ὄδες

108 2523 334 2590 Denique
359 2528 591 2593 Orpheus
609 2529 819 2580 traditur
858 2532 1092 2580 mulieres
1117 2532 1283 2581 odisse
1316 2546 1524 2594 eamque
1546 2531 1609 2581 ob
1645 2548 1788 2583 caus-

108 2621 214 2655 sam
261 2607 409 2656 etiam
457 2609 738 2675 discerptus
788 2628 816 2659 a
859 2612 1145 2661 mulieribus
1182 2628 1309 2661 esse.
1377 2611 1587 2674 Quidam
1631 2614 1691 2662 ab
1728 2629 1790 2663 eo

108 2685 260 2736 etiam
315 2703 585 2752 puerorum
630 2705 825 2739 amores
867 2693 1028 2756 primo
1083 2692 1309 2740 inductos
1361 2708 1474 2740 esse
1520 2693 1788 2744 affirmant.

106 2763 537 2832 Pythagoreorum
571 2774 735 2819 autem
770 2771 951 2820 indicia
983 2772 1044 2820 ab
1091 2772 1335 2821 eiusmodi
1366 2773 1658 2822 abstinentia
1690 2790 1789 2825 non

106 2845 254 2910 plane
288 2848 634 2900 abhorrebant.
701 2851 945 2916 Exemplo
981 2857 1060 2901 est
1091 2852 1339 2916 Archytas
1373 2852 1456 2901 ille
1490 2851 1787 2903 Tarentinus

105 2925 236 2990 apud
263 2927 367 2978 cic.
402 2928 600 2980 Senect.
630 2947 670 2980 c.
710 2933 807 2991 12„
841 2932 925 2995 qui
958 2932 1173 2993 „nullam
1210 2932 1554 2997 capitaliorem
1589 2939 1787 2998 pestem

109 3018 260 3068 quam
292 3010 516 3073 corporis
548 3011 848 3076 voluptatem
882 3011 1164 3063 hominibus
1199 3012 1396 3063 dicebat
1430 3029 1459 3062 a
1491 3018 1664 3064 natura
1698 3015 1786 3065 da-

105 3089 207 3134 tam
243 3085 410 3137 esse.''
477 3090 555 3140 Ex
589 3091 725 3141 Italia
758 3090 890 3156 pulsi
918 3091 1218 3159 Pythagorei
1250 3093 1300 3143 in
1335 3094 1542 3144 Graecia
1576 3097 1786 3146 societa-

160 3264 212 3320 *)
239 3265 364 3310 Adde
401 3267 598 3314 Lobeck.
635 3272 861 3330 Aglaoph.
893 3289 936 3330 p.
976 3273 1062 3318 233
1098 3288 1219 3332 seqq.
1277 3274 1553 3331 Antiphanes
1592 3277 1787 3321 comicus

246 3349 320 3391 ap.
350 3338 510 3382 Athen.
550 3357 594 3397 p.
625 3343 724 3386 161.
764 3345 843 3387 A.:
885 3345 1067 3403 πρῶτον
1103 3346 1208 3402 μέν,
1246 3341 1394 3403 ὥςπερ
1431 3348 1784 3404 Πνθαγορίζων,

242 3404 394 3535 ἕῖῗὸίζι
421 3409 627 3469 ἔμψυχον
656 3413 794 3459 οὐδὲν
821 3418 915 3460 κτλ.
972 3417 1123 3461 Alexis
1160 3417 1270 3461 ibid.
1313 3415 1590 3461 lamblichus
1627 3432 1673 3473 p.
1712 3417 1784 3462 25.
